{"host":"ln8zowmpyx5bxamj","time":1609751108,"event":{"mods":["Abigail Mod","Act Like it!","BaseMod","Chen","Colored Map","Conspire","Gensokyo","GifTheSpireLib","Hallownest","Hubris","Koishi","Luminous","Marisa????????","Minty Spire (QoL Compilation)","Prisma Mod","Reimu??????","Remilia??????","Replay The Spire","SIMod","Shade Mod","StSLib","The Administrix","The Alterego","The Blackbeard","The Blue Laboratory","The Bug Knight","The Construct","The Cursed","The Gatherer","The Hierophant","The Judge","The Marked","The Mystic","The Necromancer","The Saiyan","The Senshi","The Servant 0.9.4","The Vixen","TheFirefly","Uncapped","Yakumo Yukari mod","Yuyuko"],"gold_per_floor":[140,168,181,37,52,52,85,85,85,96,96,96,106,0,0,101,101,114,125,0,0,0,0,0,0,23,57,57,57,72,91,91,194,194,207,207,217,229,241,241,241],"floor_reached":40,"playtime":3533,"items_purged":["ButterflyHabitatTemple_purple"],"score":406,"play_id":"a63824df-ae88-4982-9f23-a7f20584580c","local_time":"20210104030508","is_ascension_mode":false,"campfire_choices":[{"data":"Shallow_ocean_purpleEX","floor":6,"key":"SMITH"},{"data":"WatchEChange_purple","floor":8,"key":"SMITH"},{"data":"Boundary_ObjectiveBoundary_purple","floor":11,"key":"SMITH"},{"data":"Setup","floor":23,"key":"SMITH"},{"floor":29,"key":"REST"},{"floor":32,"key":"REST"}],"circlet_count":0,"master_deck":["AT_purpleEX","AT_purpleEX","AT_purpleEX","AT_purpleEX","Defend_purpleEX","Defend_purpleEX","Defend_purpleEX","Defend_purpleEX+1","Observe_purple_1","Observe_purple_2+1","Charmbait_purple","MonsterNeedle_purple","Bait_HighSpeedFlying_purple","Shallow_ocean_purpleEX+1","WatchEChange_purple+1","Boundary_ObjectiveBoundary_purple+1","CommonCold","Fantasy_PerpetualMotionMachine_purple","ExistenceContinue_purple+1","D_absorption_purple","Setup+1","DimensionStaggered_purple","Nest_LightFlightworm_purple","MonsterNeedle_purple","MonsterNeedle_purple","Dramatic Entrance","Unload","MNeedle_purple","Mirror_TwoAndThreeElementRealm_purple","Line_surface_state_purple+1","Deep Breath","WingOfChimera_purple","ExternalForce_HighSpeedFlying_purple+1"],"relics":["Boundary_crack","Memoryfragments_purpleEX","NeowsBlessing","TungstenRod","War Paint","MealTicket","Replay:Towering Pillar of Hats","hubris:DisguiseKit","Runic Pyramid","Nunchaku","hubris:ToyBattleship","hubris:RunicObelisk"],"acts_visited":["Exordium","TheCity","TheBeyond"],"potions_floor_usage":[7,7,19,35,38],"damage_taken":[{"damage":0,"enemies":"Jaw Worm","floor":1,"turns":1},{"damage":0,"enemies":"conspire:MimicChest","floor":2,"turns":1},{"damage":0,"enemies":"2 Louse","floor":3,"turns":1},{"damage":0,"enemies":"Small Slimes","floor":5,"turns":3},{"damage":35,"enemies":"Gremlin Nob","floor":7,"turns":4},{"damage":4,"enemies":"Looter","floor":10,"turns":3},{"damage":0,"enemies":"Exordium Thugs","floor":13,"turns":4},{"damage":14,"enemies":"Slime Boss","floor":16,"turns":11},{"damage":0,"enemies":"3 Byrds","floor":18,"turns":4},{"damage":25,"enemies":"Chosen","floor":19,"turns":7},{"damage":43,"enemies":"Slavers","floor":27,"turns":7},{"damage":0,"enemies":"Centurion and Healer","floor":30,"turns":5},{"damage":6,"enemies":"Snecko","floor":31,"turns":5},{"damage":5,"enemies":"hubris:MusketHawk","floor":33,"turns":9},{"damage":9,"enemies":"3 Darklings","floor":35,"turns":6},{"damage":8,"enemies":"3 Shapes","floor":37,"turns":3},{"damage":10,"enemies":"Transient","floor":38,"turns":5},{"damage":0,"enemies":"4 Shapes","floor":39,"turns":5},{"damage":101,"enemies":"Giant Head","floor":40,"turns":10}],"seed_played":"-8891329618825896432","potions_obtained":[{"floor":2,"key":"Milkshake"},{"floor":5,"key":"Cursed Concoction"},{"floor":13,"key":"blueLaboratory:AbyssPotion"},{"floor":16,"key":"blueLaboratory:Moonshine"},{"floor":18,"key":"blueLaboratory:EmptyBottle"},{"floor":30,"key":"blueLaboratory:HorrorPotion"},{"floor":37,"key":"Explosive Potion"}],"is_trial":false,"path_per_floor":["M","?","M","$","M","R","E","R","T","M","R","?","M","$","R_BF","B",null,"M","M","$","?","?","R","$","?","T","E","?","R","M","M","R","B",null,"M","?","M","M","M","E"],"character_chosen":"Youkari","items_purchased":["War Paint","Fantasy_PerpetualMotionMachine_purple","ExistenceContinue_purple","DimensionStaggered_purple"],"campfire_rested":2,"item_purchase_floors":[4,14,14,20],"current_hp_per_floor":[70,70,70,70,70,70,37,37,37,35,35,35,35,50,70,56,70,70,47,62,62,62,62,70,50,50,8,8,29,32,27,48,43,70,61,61,70,60,69,0,0],"gold":241,"neow_bonus":"THREE_ENEMY_KILL","is_daily":false,"chose_seed":false,"campfire_upgraded":4,"win_rate":0.0,"timestamp":1609751108,"path_taken":["M","?","M","$","M","R","E","R","T","M","R","?","M","$","R_BF","BOSS","M","M","$","?","?","R","$","?","T","E","?","R","M","M","R","BOSS","M","?","?","?","?","E"],"items_purchased_type":["Relic","Card","Card","Card"],"build_version":"2020-12-22","purchased_purges":1,"victory":false,"max_hp_per_floor":[70,70,70,70,70,70,70,70,70,70,70,70,70,70,70,70,70,70,70,70,70,70,70,70,70,70,70,70,70,70,70,70,70,70,70,70,70,70,70,70,70],"card_choices":[{"not_picked":["OmniscientAndOmnipotent_Monster_purple","ExistenceContinue_purple"],"picked":"Charmbait_purple","floor":1},{"not_picked":["Boundary_DreamRealityDamnation_purple","OpenedBox_purple"],"picked":"MonsterNeedle_purple","floor":2},{"not_picked":["Charmbait_purple","Umbrella_purple"],"picked":"Bait_HighSpeedFlying_purple","floor":3},{"not_picked":["ExistenceContinue_purple","StateDuplicate_purple"],"picked":"Shallow_ocean_purpleEX","floor":5},{"not_picked":["AdvanceAttack_purple","SfantasyHide_purple"],"picked":"WatchEChange_purple","floor":7},{"not_picked":["StateErode_purple","DimensionStaggered_purple"],"picked":"Boundary_ObjectiveBoundary_purple","floor":10},{"not_picked":["StateDuplicate_purple","Bait_HighSpeedFlying_purple","Choke"],"picked":"ButterflyHabitatTemple_purple","floor":13},{"not_picked":["Human_Monster_Realm_purple","Theboundaryofcreation_purpleEX","Tools of the Trade"],"picked":"D_absorption_purple","floor":16},{"not_picked":["Boundary_DreamRealityDamnation_purple","Boundary_of_Extermination_purpleEX","Anti_communist_purple"],"picked":"Setup","floor":18},{"not_picked":["Mirror_Drifter_purple","ButterflyHabitatTemple_purple","Umbrella_purple","Quick Slash"],"picked":"SKIP","floor":19},{"not_picked":["SharpContractionReality_purple+1","Boundary_DreamRealityDamnation_purple","Toxin Wave"],"picked":"MonsterNeedle_purple","floor":27},{"not_picked":["StateDuplicate_purple","Mirror_WaveAndshot_purple","Mirror_Drifter_purple+1"],"picked":"Unload","floor":30},{"not_picked":["Umbrella_purple","ExistenceContinue_purple+1","hubris:Sniper"],"picked":"MNeedle_purple","floor":31},{"not_picked":["ProofOfUnderstanding_purple","WasteWire_Metro_purple","Wraith Form v2"],"picked":"Mirror_TwoAndThreeElementRealm_purple","floor":33},{"not_picked":["StateErode_purple+1","DimensionStaggered_purple","Dagger Throw"],"picked":"Line_surface_state_purple+1","floor":35},{"not_picked":["AdvanceAttack_purple+1","OmniscientAndOmnipotent_Monster_purple","Backflip"],"picked":"WingOfChimera_purple","floor":37},{"not_picked":["ButterflyHabitatTemple_purple+1","PurpleNeedle_purple+1","Backflip"],"picked":"ExternalForce_HighSpeedFlying_purple+1","floor":38},{"not_picked":["MeetDecomposer_purple","SfantasyHide_purple+1","Worldmountain_purple+1","Quick Slash"],"picked":"SKIP","floor":39}],"player_experience":1133119,"relics_obtained":[{"floor":2,"key":"TungstenRod"},{"floor":7,"key":"MealTicket"},{"floor":9,"key":"Replay:Towering Pillar of Hats"},{"floor":26,"key":"Nunchaku"},{"floor":27,"key":"hubris:ToyBattleship"}],"event_choices":[{"damage_healed":0,"gold_gain":0,"player_choice":"Read","damage_taken":0,"max_hp_gain":0,"max_hp_loss":0,"event_name":"TheLibraryeventEX","floor":21,"gold_loss":0,"cards_obtained":["Nest_LightFlightworm_purple"]},{"damage_healed":0,"gold_gain":0,"player_choice":"2 cards matched","damage_taken":0,"max_hp_gain":0,"max_hp_loss":0,"event_name":"Match and Keep!","floor":28,"gold_loss":0,"cards_obtained":["MonsterNeedle_purple","Dramatic Entrance"]},{"damage_healed":0,"gold_gain":0,"player_choice":"1 cards matched","damage_taken":0,"max_hp_gain":0,"max_hp_loss":0,"event_name":"Match and Keep!","floor":36,"gold_loss":0,"cards_obtained":["Deep Breath"]}],"is_beta":false,"boss_relics":[{"not_picked":["Honey Jar","Cursed Key"],"picked":"Runic Pyramid"},{"not_picked":["SacredBark","Astrolabe"],"picked":"hubris:RunicObelisk"}],"items_purged_floors":[20],"is_endless":false,"potions_floor_spawned":[2,5,7,13,16,18,30,37],"killed_by":"Giant Head","ascension_level":0}}