{"host":"ta9mufxydm4vkknf","time":1609800366,"event":{"mods":["AchievementEnabler","BaseMod","Minty Spire (QoL Compilation)","Quick Restart"],"gold_per_floor":[111,111,127,127,151,151,185,185,212,244,86,106,138,157,157,252,252,268,278,290,190,204,234,234,234,234,251,251,280,124,140,140,140,140],"floor_reached":33,"playtime":1555,"items_purged":["Strike_R","Defend_R"],"score":363,"play_id":"f2002e73-5cbc-46bb-83dd-3701b688723e","local_time":"20210104234606","is_ascension_mode":true,"campfire_choices":[{"data":"Bash","floor":6,"key":"SMITH"},{"data":"True Grit","floor":8,"key":"SMITH"},{"data":"Wild Strike","floor":15,"key":"SMITH"},{"floor":28,"key":"REST"},{"data":"Jack Of All Trades","floor":32,"key":"SMITH"}],"circlet_count":0,"master_deck":["Strike_R","Strike_R+1","Strike_R","Defend_R+1","Defend_R","Bash+1","True Grit+1","Clash+1","Warcry+1","Fire Breathing","Clothesline","Jack Of All Trades+1","Cleave","Wild Strike+1","Pommel Strike","Immolate","Flex+1","Metallicize+1","Armaments+1","Flame Barrier"],"relics":["Burning Blood","War Paint","Happy Flower","Centennial Puzzle","Whetstone","Orichalcum","Black Star","Potion Belt","Bag of Preparation","Singing Bowl","Bottled Lightning","Toxic Egg 2","Letter Opener","ClockworkSouvenir"],"acts_visited":["Exordium","TheCity"],"potions_floor_usage":[16,23,29,33],"damage_taken":[{"damage":0,"enemies":"2 Louse","floor":1,"turns":4},{"damage":0,"enemies":"Small Slimes","floor":3,"turns":4},{"damage":48,"enemies":"Lagavulin","floor":7,"turns":8},{"damage":22,"enemies":"3 Sentries","floor":10,"turns":5},{"damage":0,"enemies":"Jaw Worm","floor":12,"turns":3},{"damage":8,"enemies":"Lagavulin","floor":13,"turns":5},{"damage":1,"enemies":"Large Slime","floor":14,"turns":5},{"damage":23,"enemies":"The Guardian","floor":16,"turns":9},{"damage":16,"enemies":"Shell Parasite","floor":18,"turns":4},{"damage":32,"enemies":"Spheric Guardian","floor":19,"turns":6},{"damage":15,"enemies":"Shelled Parasite and Fungi","floor":20,"turns":4},{"damage":8,"enemies":"Snecko","floor":22,"turns":4},{"damage":35,"enemies":"Slavers","floor":23,"turns":5},{"damage":0,"enemies":"3 Cultists","floor":27,"turns":3},{"damage":0,"enemies":"Gremlin Leader","floor":29,"turns":5},{"damage":8,"enemies":"Centurion and Healer","floor":31,"turns":5},{"damage":65,"enemies":"Automaton","floor":33,"turns":6}],"seed_played":"-7804565259387480654","potions_obtained":[{"floor":3,"key":"Swift Potion"},{"floor":7,"key":"Energy Potion"},{"floor":10,"key":"BlessingOfTheForge"},{"floor":14,"key":"PowerPotion"},{"floor":18,"key":"Fire Potion"},{"floor":29,"key":"BlessingOfTheForge"}],"is_trial":false,"path_per_floor":["M","?","M","?","T","R","E","R","T","E","$","M","E","M","R","B",null,"M","M","M","$","M","E","?","T","T","M","R","E","$","M","R","B"],"character_chosen":"IRONCLAD","items_purchased":["Jack Of All Trades","ClockworkSouvenir"],"campfire_rested":1,"item_purchase_floors":[11,30],"current_hp_per_floor":[80,73,79,84,84,84,42,42,42,26,26,32,30,35,35,18,85,75,49,40,40,38,9,9,9,9,17,43,51,51,51,51,0,0],"gold":140,"neow_bonus":"TRANSFORM_CARD","is_daily":false,"chose_seed":false,"campfire_upgraded":4,"win_rate":0.0,"timestamp":1609800366,"path_taken":["M","?","M","?","?","R","E","R","T","E","$","M","E","M","R","BOSS","M","M","M","$","M","E","?","?","T","?","R","E","$","M","R","BOSS"],"items_purchased_type":["Card","Relic"],"build_version":"2020-12-22","purchased_purges":2,"victory":false,"max_hp_per_floor":[80,80,80,85,85,85,85,85,85,85,85,85,85,85,85,85,85,85,85,85,85,85,85,85,85,85,87,87,89,89,91,91,91,91],"card_choices":[{"not_picked":["Anger","Hemokinesis"],"picked":"Clash","floor":1},{"not_picked":["Sword Boomerang","Sever Soul"],"picked":"Warcry","floor":3},{"not_picked":["Reaper","True Grit"],"picked":"Fire Breathing","floor":7},{"not_picked":["Perfected Strike","Warcry"],"picked":"Clothesline","floor":10},{"not_picked":["Sentinel","Searing Blow"],"picked":"Cleave","floor":12},{"not_picked":["Sever Soul","Battle Trance"],"picked":"Wild Strike","floor":13},{"not_picked":["Clothesline","Cleave"],"picked":"Pommel Strike","floor":14},{"not_picked":["Brutality","Limit Break"],"picked":"Immolate","floor":16},{"not_picked":["Heavy Blade","Hemokinesis+1"],"picked":"Flex+1","floor":18},{"not_picked":["Intimidate","Wild Strike"],"picked":"Metallicize+1","floor":19},{"not_picked":["Clothesline","Infernal Blade+1"],"picked":"Armaments+1","floor":20},{"not_picked":["Body Slam","Sword Boomerang+1","Cleave"],"picked":"SKIP","floor":22},{"not_picked":["Havoc+1","Pommel Strike"],"picked":"Flame Barrier","floor":23},{"not_picked":["Armaments+1","Shockwave","Fiend Fire"],"picked":"Singing Bowl","floor":27},{"not_picked":["Second Wind+1","Carnage","Thunderclap+1"],"picked":"Singing Bowl","floor":29},{"not_picked":["Sentinel+1","Intimidate+1","Hemokinesis"],"picked":"Singing Bowl","floor":31}],"player_experience":212091,"relics_obtained":[{"floor":5,"key":"War Paint"},{"floor":7,"key":"Happy Flower"},{"floor":9,"key":"Centennial Puzzle"},{"floor":10,"key":"Whetstone"},{"floor":13,"key":"Orichalcum"},{"floor":23,"key":"Potion Belt"},{"floor":23,"key":"Bag of Preparation"},{"floor":25,"key":"Singing Bowl"},{"floor":26,"key":"Bottled Lightning"},{"floor":29,"key":"Toxic Egg 2"},{"floor":29,"key":"Letter Opener"}],"event_choices":[{"cards_removed":["Defend_R"],"damage_healed":0,"gold_gain":0,"player_choice":"Card Removal","damage_taken":7,"max_hp_gain":0,"max_hp_loss":0,"event_name":"Golden Wing","floor":2,"gold_loss":0},{"damage_healed":0,"gold_gain":0,"player_choice":"Donut","damage_taken":0,"max_hp_gain":5,"max_hp_loss":0,"event_name":"Big Fish","floor":4,"gold_loss":0},{"damage_healed":0,"gold_gain":0,"player_choice":"Ignored","damage_taken":0,"max_hp_gain":0,"max_hp_loss":0,"event_name":"Ghosts","floor":24,"gold_loss":0}],"is_beta":false,"boss_relics":[{"not_picked":["Snecko Eye","SlaversCollar"],"picked":"Black Star"}],"items_purged_floors":[11,21],"is_endless":false,"potions_floor_spawned":[3,7,10,14,18,20,29],"killed_by":"Automaton","ascension_level":2}}