{"host":"ymw71f7rc9ndansy","time":1609737431,"event":{"mods":["ATMod(阿瑾Mod)","Act Like it!","Aspiration","BaseMod","DeckTracker","Hubris","Library of Ruina","Library of Ruina Extra","Lobotomy","LobotomyExtend","Minty Spire (QoL Compilation)","MostiFishMod","Remove Card Discount Mod","Replay The Spire","StSLib","TestMod","【遗物卡牌】REMEMod"],"gold_per_floor":[312,512,732,961,1000370,612,612,1244,1298,865,1098,1098,1098,1098,1098,1402,1402,2057,2257,1538,1538,1555,1589,1589,1802,1852,2072,2107,2107,2140,2159,2159,2434,2434,2449,2449,2449,2349,2349,2349,1491,1703,1703,1734,1951,1286,1314,1314,1314,1314,1314,1314,1314,1314,873,903,903],"floor_reached":58,"playtime":1406,"items_purged":["Bash","Perfected Strike","MostiFishMod:FireWorks","Bullet Time","Wild Strike","Injury","hubris:Greed","CommonCold","hubris:Greed","Replay:Hysterical Blindness","Sword Boomerang","Entrench","hubris:Greed","hubris:Greed","hubris:Greed","hubris:Greed","hubris:Greed","ReplayTheSpireMod:Splinters","Shame","hubris:Greed","hubris:Greed","Doubt","AT_Dispersion","Fire Breathing+1","Armaments+1","Delirium","Inflame","REME_EyeOfCthun+1"],"score":3617,"play_id":"42e158fd-7a20-47e1-9046-626e2dbfa4c9","local_time":"20210104131711","is_ascension_mode":true,"campfire_choices":[{"data":"AT_DiedThrough","floor":7.0,"key":"SMITH"},{"data":"Feel No Pain","floor":12.0,"key":"SMITH"},{"data":"MostiFishMod:404NotFound","floor":15.0,"key":"SMITH"},{"data":"AT_DiedThrough","floor":24.0,"key":"SMITH"},{"floor":32.0,"key":"RECALL"},{"floor":40,"key":"REST"},{"data":"REME_EyeOfCthun","floor":49,"key":"SMITH"},{"floor":54,"key":"REST"}],"circlet_count":0,"master_deck":["AscendersBane","AT_DiedThrough+1","MostiFishMod:404NotFound+1","AT_DiedThrough+1","MostiFishMod:RacingGame+1","Power Through+1","Offering+1","Feel No Pain+1","REME_MawOfCthun+1","AT_BodySlamDance+1","Overencumbered","Offering+1","Shame","REME_BodyOfCthun+1","MostiFishMod:NewArrival+1","Feel No Pain+1"],"relics":["testmod-TestBox","REME_ComplimentaryCards","AT_ATBox","Pandora\u0027s Box","testmod-ArcanaOfDestiny","REME_DemonsWealth","SynthV:TestCard","Toxic Egg 2","HornCleat","testmod-Faith","Ancient Tea Set","hubris:OldNail","OrangePellets","hubris:PeanutButter","hubris:FruitBowl","Sundial","JellyFishMachine","AT_SunfireAegis","PageOfLittleHelper","BionicSphere","aspiration:HatOfInfinitePower","REME_HourglassOfDeath","hubris:MysteriousPyramids","ChiXiaoBlade","Moonlight_r","DaveBox","RhineSuit","Frozen Egg 2","aspiration:AnachronicSnailShell","Ornamental Fan","Oddly Smooth Stone","Potion Belt","testmod-IntensifyImprint","MealTicket","aspiration:ChemicalBlood","HandDrill","Replay:Rubber Ducky"],"acts_visited":["Exordium","TheCity","TheBeyond","TheEnding"],"potions_floor_usage":[57],"damage_taken":[{"damage":0.0,"enemies":"Small Slimes","floor":1.0,"turns":1.0},{"damage":13.0,"enemies":"2 Louse","floor":3.0,"turns":2.0},{"damage":10.0,"enemies":"Jaw Worm","floor":4.0,"turns":2.0},{"damage":0.0,"enemies":"Lagavulin","floor":6.0,"turns":1.0},{"damage":0.0,"enemies":"Gremlin Gang","floor":8.0,"turns":1.0},{"damage":0.0,"enemies":"Large Slime","floor":11.0,"turns":1.0},{"damage":0.0,"enemies":"Hexaghost","floor":16.0,"turns":1.0},{"damage":0.0,"enemies":"Spheric Guardian","floor":18.0,"turns":1.0},{"damage":0.0,"enemies":"Shell Parasite","floor":22.0,"turns":1.0},{"damage":0.0,"enemies":"Book of Stabbing","floor":23.0,"turns":1.0},{"damage":0.0,"enemies":"Centurion and Healer","floor":25.0,"turns":1.0},{"damage":0.0,"enemies":"Snecko","floor":27.0,"turns":1.0},{"damage":0.0,"enemies":"Slavers","floor":28.0,"turns":1.0},{"damage":0.0,"enemies":"REME_1_Revenger","floor":30.0,"turns":1.0},{"damage":0.0,"enemies":"Shelled Parasite and Fungi","floor":31.0,"turns":1.0},{"damage":4.0,"enemies":"KingOfGreed","floor":33.0,"turns":2.0},{"damage":0.0,"enemies":"Orb Walker","floor":35.0,"turns":1.0},{"damage":0,"enemies":"3 Darklings","floor":42,"turns":1},{"damage":0,"enemies":"R_Hoarder","floor":44,"turns":1},{"damage":0,"enemies":"Jaw Worm Horde","floor":45,"turns":1},{"damage":0,"enemies":"Reptomancer","floor":47,"turns":1},{"damage":0,"enemies":"Awakened One","floor":50,"turns":2},{"damage":0,"enemies":"hubris:GrandSnecko","floor":51,"turns":1},{"damage":4,"enemies":"Shield and Spear","floor":56,"turns":1},{"damage":4,"enemies":"The Heart","floor":57,"turns":3}],"seed_played":"2268903207036623993","potions_obtained":[{"floor":3.0,"key":"testmod-TestPotion"},{"floor":6.0,"key":"FearPotion"},{"floor":11.0,"key":"Adrenaline Potion"},{"floor":18.0,"key":"Energy Potion"},{"floor":47,"key":"SmokeBomb"}],"is_trial":false,"path_per_floor":["M","?","M","M","$","E","R","M","T","$","M","R","?","$","R","B",null,"M","?","$","?","M","E","R","M","T","M","E","?","E","M","R","B",null,"M","?","?","NS","?","R","$","M","T","E","M","$","E","?","R","B","B",null,null,"R","$","E","B",null],"character_chosen":"IRONCLAD","items_purchased":["Armaments+1","Fire Breathing","HornCleat","testmod-Faith","ReplayTheSpireMod:Necrogeddon","OrangePellets","hubris:PeanutButter","hubris:FruitBowl","Sundial","PageOfLittleHelper","BionicSphere","REME_MawOfCthun+1","REME_EyeOfCthun","Frozen Egg 2","aspiration:AnachronicSnailShell","REME_BodyOfCthun+1","Potion Belt","testmod-IntensifyImprint","aspiration:ChemicalBlood","HandDrill","Feel No Pain+1"],"campfire_rested":2,"item_purchase_floors":[5,5,5,5,10,10,10,14,14,20,20,20,41,41,41,46,46,46,55,55,55],"current_hp_per_floor":[68,68,55,45,45,45,45,45,45,45,45,45,45,10,10,10,59,59,59,59,59,59,59,59,59,59,59,59,59,59,59,59,55,70,70,26,26,26,26,48,48,48,48,48,48,48,48,48,48,48,48,48,68,75,75,71,67],"gold":903,"neow_bonus":"BOSS_RELIC","is_daily":false,"chose_seed":false,"campfire_upgraded":5,"win_rate":0.0,"timestamp":1609737431,"path_taken":["M","?","M","M","$","E","R","M","T","$","M","R","?","?","R","BOSS","M","?","$","?","?","E","R","M","T","M","E","?","E","M","R","BOSS","M","?","?","NS","?","R","?","M","T","E","M","$","E","?","R","BOSS","BOSS","R","$","E","BOSS"],"items_purchased_type":["Card","Card","Relic","Relic","Card","Relic","Relic","Relic","Relic","Relic","Relic","Card","Card","Relic","Relic","Card","Relic","Relic","Relic","Relic","Card"],"build_version":"2020-12-22","purchased_purges":28,"victory":true,"max_hp_per_floor":[75,75,75,75,75,75,75,75,75,75,75,75,75,75,75,75,75,75,75,75,75,75,75,75,75,75,75,75,75,75,75,75,75,75,75,75,75,75,75,75,75,75,75,75,75,75,75,75,75,75,75,75,75,75,75,75,75],"card_choices":[{"not_picked":["AT_CaressingTears","True Grit","Shockwave"],"picked":"CommonCold","floor":1.0},{"not_picked":["Iron Wave","hubris:ReadiedAction+1","AT_CaressingTears+1","hubris:SharpeningStone+1","Abandon+1"],"picked":"hubris:Greed","floor":3.0},{"not_picked":["hubris:ReadiedAction+1","Cleave","Clothesline","Pommel Strike","hubris:Disease"],"picked":"Power Through+1","floor":4.0},{"not_picked":["Thunderclap","Heavy Blade","Intimidate+1","Clothesline","CommonCold"],"picked":"Offering+1","floor":6.0},{"not_picked":["ReplayReversal+1","Anger","REME_SingleHolding+1","REME_Scribble+1","Run Through"],"picked":"Replay:Hysterical Blindness","floor":8.0},{"not_picked":["Cleave","Havoc+1","Disarm+1","Anger","Spreading Infection"],"picked":"Feel No Pain","floor":11.0},{"not_picked":["Sword Boomerang","Clothesline","ReplayTheSpireMod:Muscle Training+1","Dual Wield+1","Blood for Blood+1"],"picked":"ReplayTheSpireMod:Splinters","floor":18.0},{"not_picked":["AT_ShrugMaster","Fire Breathing","Twin Strike","Havoc+1","Pommel Strike","hubris:Gluttony"],"picked":"SKIP","floor":22.0},{"not_picked":["Wild Strike","Offering+1","Headbutt","Life Link","ReplayTheSpireMod:Faulty Equipment"],"picked":"AT_BodySlamDance+1","floor":23.0},{"not_picked":["ReplayTheSpireMod:Strike From Hell","Clash+1","REME_Scribble+1","Shrug It Off+1","AT_GerminateFire+1"],"picked":"Overencumbered","floor":25.0},{"not_picked":["MostiFishMod:BrandingRite+1","Wild Strike+1","Shrug It Off+1","Burning Pact+1","Carnage"],"picked":"Doubt","floor":27.0},{"not_picked":["Abandon+1","Flex+1","Body Slam","Sword Boomerang","Havoc+1","Looming Evil"],"picked":"SKIP","floor":28.0},{"not_picked":["Battle Trance+1","Burning Pact+1","True Grit+1","Havoc+1","Writhe"],"picked":"Offering+1","floor":30.0},{"not_picked":["Wild Strike","ReplayTheSpireMod:Stacked+1","Clothesline","AT_BodySlamDance+1","hubris:Gluttony"],"picked":"Inflame","floor":31.0},{"not_picked":["MostiFishMod:Chiaki+1","Exhume+1","REME_TheLastStrike","MostiFishMod:WingOfPhoenix","MostiFishMod:FlyOverUtopia+1"],"picked":"ReplayTheSpireMod:Faulty Equipment+1","floor":33.0},{"not_picked":["ReplayTheSpireMod:Strike From Hell","AT_DiedThrough+1","Heavy Blade","Clash","hubris:Greed"],"picked":"Ghostly Armor+1","floor":35.0},{"not_picked":["Body Slam","Pummel","Twin Strike","Armaments+1","Perfected Strike+1","Shame"],"picked":"SKIP","floor":42},{"not_picked":["Body Slam","Pummel","Twin Strike","Armaments+1","Perfected Strike+1"],"picked":"Shame","floor":42},{"not_picked":["Metallicize+1","ReplayTheSpireMod:Strike From Hell","Rupture+1","Sentinel+1","MostiFishMod:UltimateDefense+1","Languid"],"picked":"SKIP","floor":44},{"not_picked":["Shrug It Off+1","REME_FearOfPain+1","Bloodletting+1","ReplayTheSpireMod:Strike From Hell","Replay:Undeath\u0027s Touch"],"picked":"Delirium","floor":45},{"not_picked":["Shrug It Off+1","Blood for Blood","Spot Weakness+1","Ghostly Armor+1","Shame"],"picked":"MostiFishMod:NewArrival+1","floor":47},{"not_picked":["Havoc+1","Warcry+1","Shrug It Off+1","Twin Strike+1","hubris:ReadiedAction+1","hubris:Disease"],"picked":"SKIP","floor":56}],"player_experience":1069319,"relics_obtained":[{"floor":1.0,"key":"SynthV:TestCard"},{"floor":6.0,"key":"Ancient Tea Set"},{"floor":9.0,"key":"hubris:OldNail"},{"floor":23.0,"key":"aspiration:HatOfInfinitePower"},{"floor":28.0,"key":"REME_HourglassOfDeath"},{"floor":30.0,"key":"hubris:MysteriousPyramids"},{"floor":43,"key":"Ornamental Fan"},{"floor":44,"key":"Oddly Smooth Stone"},{"floor":47,"key":"MealTicket"},{"floor":56,"key":"Replay:Rubber Ducky"}],"event_choices":[{"damage_healed":0.0,"max_hp_gain":0.0,"max_hp_loss":0.0,"gold_gain":0.0,"event_name":"Living Wall","player_choice":"Grow","floor":13.0,"gold_loss":0.0,"damage_taken":0.0,"cards_upgraded":["ReplayTheSpireMod:Necrogeddon"]},{"damage_healed":0.0,"max_hp_gain":0.0,"max_hp_loss":0.0,"gold_gain":0.0,"event_name":"Addict","player_choice":"Stole Relic","floor":19.0,"gold_loss":0.0,"damage_taken":0.0,"relics_obtained":["AT_SunfireAegis"],"cards_obtained":["Shame"]},{"damage_healed":0.0,"max_hp_gain":0.0,"max_hp_loss":0.0,"gold_gain":0.0,"event_name":"Ghosts","player_choice":"Ignored","floor":21.0,"gold_loss":0.0,"damage_taken":0.0},{"damage_healed":0,"gold_gain":0,"player_choice":"Swap Relic","damage_taken":0,"relics_obtained":["DaveBox"],"max_hp_gain":0,"max_hp_loss":0,"event_name":"给自己的盒子","floor":39,"relics_lost":["DaveBox"],"gold_loss":0},{"damage_healed":0,"gold_gain":0,"player_choice":"Ignored","damage_taken":0,"max_hp_gain":0,"max_hp_loss":0,"event_name":"Tomb of Lord Red Mask","floor":48,"gold_loss":0}],"is_beta":false,"boss_relics":[{"not_picked":["FrostBlade","testmod-BatchProcessingSystem"],"picked":"JellyFishMachine"},{"not_picked":["ShadowXiaoBlade","Replay:Bronze Core"],"picked":"ChiXiaoBlade"}],"items_purged_floors":[5,5,5,5,5,5,5,5,10,10,10,10,20,20,20,20,20,20,20,20,20,41,41,41,41,46,46,55],"is_endless":false,"potions_floor_spawned":[3,6,8,11,18,25,30,31,47],"ascension_level":20}}