{"host":"x2ek6o6i0zlpy2ld","time":1609785794,"event":{"mods":["AchievementEnabler","BaseMod","Downfall","Minty Spire (QoL Compilation)","Quick Restart","StSLib"],"gold_per_floor":[99,99,99,99,199,215,215,215,65,81,81,81,81],"floor_reached":11,"playtime":617,"items_purged":[],"score":59,"play_id":"bfbbc8a9-ae6f-47d9-a29e-80823bfe4950","local_time":"20210104124314","is_ascension_mode":false,"campfire_choices":[{"floor":1,"key":"RECALL"},{"data":"Slimebound:Gluttony","floor":9,"key":"SMITH"}],"circlet_count":0,"master_deck":["Slimebound:Strike_Slimebound","Slimebound:Tackle","Slimebound:Defend_Slimebound","Slimebound:Defend_Slimebound","Slimebound:Defend_Slimebound","Slimebound:Defend_Slimebound","Slimebound:Split","Slimebound:CorrosiveSpit","Slimebound:SplitLeeching","Slimebound:SplitAcid","Slimebound:LevelUp+1","Slimebound:PressTheAttack","Slimebound:ProtectTheBoss+1","Slimebound:Gluttony+1","Slimebound:ItLooksTasty"],"relics":["Slimebound:AbsorbEndCombat","downfall:HeartsMalice","downfall:HeartBlessingRed","downfall:HeartBlessingBlue"],"acts_visited":["Exordium"],"potions_floor_usage":[],"damage_taken":[{"damage":0,"enemies":"Jaw Worm","floor":2,"turns":1},{"damage":0,"enemies":"Cultist","floor":3,"turns":1},{"damage":0,"enemies":"Small Slimes","floor":4,"turns":1},{"damage":33,"enemies":"downfall:Heads","floor":5,"turns":5},{"damage":8,"enemies":"Large Slime","floor":6,"turns":5},{"damage":29,"enemies":"Exordium Thugs","floor":10,"turns":4},{"damage":39,"enemies":"Gremlin Nob","floor":11,"turns":3}],"seed_played":"1776039883102230712","potions_obtained":[{"floor":6,"key":"SpeedPotion"},{"floor":10,"key":"Dexterity Potion"}],"is_trial":false,"path_per_floor":["R","M","M","M","?","M","T","?","R","M","E"],"character_chosen":"SLIMEBOUND","items_purchased":[],"campfire_rested":0,"item_purchase_floors":[],"current_hp_per_floor":[60,60,60,60,39,41,41,41,51,34,0,0,0],"gold":81,"neow_bonus":"THREE_ENEMY_KILL","is_daily":false,"chose_seed":false,"campfire_upgraded":1,"win_rate":0.0,"timestamp":1609785794,"path_taken":["R","M","M","M","?","M","T","?","R","M","E"],"items_purchased_type":[],"build_version":"2020-12-22","purchased_purges":0,"victory":false,"max_hp_per_floor":[60,60,60,60,60,60,60,60,70,70,70,70,70],"card_choices":[{"not_picked":["Slimebound:FinishingTackle","Slimebound:ComboTackle"],"picked":"Slimebound:SplitLeeching","floor":2},{"not_picked":["Slimebound:RollThrough","Slimebound:MegaLick"],"picked":"Slimebound:SplitAcid","floor":3},{"not_picked":["Slimebound:FinishingTackle","Slimebound:ComboTackle"],"picked":"Slimebound:LevelUp","floor":4},{"not_picked":["Slimebound:Equalize","Slimebound:RollThrough"],"picked":"Slimebound:ProtectTheBoss","floor":5},{"not_picked":["Slimebound:Chomp","Slimebound:GrowthPunch"],"picked":"Slimebound:Gluttony","floor":6},{"not_picked":["Slimebound:PressTheAttack","Slimebound:ComboTackle"],"picked":"Slimebound:ItLooksTasty","floor":10}],"player_experience":302992,"relics_obtained":[],"event_choices":[{"damage_healed":0,"gold_gain":0,"player_choice":"Upgraded","damage_taken":0,"max_hp_gain":0,"max_hp_loss":0,"event_name":"Upgrade Shrine","floor":8,"gold_loss":0,"cards_upgraded":["Slimebound:ProtectTheBoss"]}],"is_beta":false,"boss_relics":[],"items_purged_floors":[],"is_endless":false,"potions_floor_spawned":[6,10],"killed_by":"Gremlin Nob","ascension_level":0}}