{"host":"i09pxcjttd31eh4q","time":1609758262,"event":{"mods":["AchievementEnabler","BaseMod","Colored Map","Keyboard Shortcuts","Minty Spire (QoL Compilation)","StSLib","SuperFastMode"],"gold_per_floor":[117,117,167,181,193,193,213,225,249,249,249,87,118,131,131,131,131],"floor_reached":16,"playtime":243,"items_purged":["Strike_G"],"score":204,"play_id":"eeb86001-b342-4ed0-8d72-8bb44bab7697","local_time":"20210104200422","is_ascension_mode":true,"campfire_choices":[{"data":"Underhanded Strike","floor":6.0,"key":"SMITH"},{"data":"Riddle With Holes","floor":11.0,"key":"SMITH"},{"data":"Neutralize","floor":15,"key":"SMITH"}],"circlet_count":0,"master_deck":["AscendersBane","Strike_G","Strike_G","Strike_G","Strike_G","Defend_G","Defend_G","Defend_G","Defend_G","Defend_G","Survivor","Neutralize+1","Prepared","Acrobatics","Underhanded Strike+1","Adrenaline","Riddle With Holes+1","Masterful Stab","Acrobatics","Backstab"],"relics":["Ring of the Snake","NeowsBlessing","Happy Flower","Boot","Golden Idol","Strawberry"],"acts_visited":["Exordium"],"potions_floor_usage":[13,16],"damage_taken":[{"damage":0.0,"enemies":"2 Louse","floor":1.0,"turns":1.0},{"damage":0.0,"enemies":"Small Slimes","floor":4.0,"turns":1.0},{"damage":0.0,"enemies":"Cultist","floor":5.0,"turns":1.0},{"damage":11.0,"enemies":"Lots of Slimes","floor":7.0,"turns":5.0},{"damage":0.0,"enemies":"2 Fungi Beasts","floor":8.0,"turns":3.0},{"damage":20,"enemies":"Lagavulin","floor":13,"turns":4},{"damage":0,"enemies":"Exordium Wildlife","floor":14,"turns":2},{"damage":42,"enemies":"Hexaghost","floor":16,"turns":9}],"seed_played":"5155228809741889918","potions_obtained":[{"floor":5.0,"key":"Poison Potion"},{"floor":8.0,"key":"PowerPotion"},{"floor":14,"key":"Regen Potion"}],"is_trial":false,"path_per_floor":["M","?","?","M","M","R","M","M","T","?","R","$","E","M","R","B"],"character_chosen":"THE_SILENT","items_purchased":["Masterful Stab"],"campfire_rested":0,"item_purchase_floors":[12],"current_hp_per_floor":[59,48,48,48,48,48,37,37,37,37,37,37,24,24,24,0,0],"gold":131,"neow_bonus":"THREE_ENEMY_KILL","is_daily":false,"chose_seed":false,"campfire_upgraded":3,"win_rate":0.0,"timestamp":1609758262,"path_taken":["M","?","?","?","?","R","M","?","T","?","R","$","E","M","R","BOSS"],"items_purchased_type":["Card"],"build_version":"2020-12-22","purchased_purges":1,"victory":false,"max_hp_per_floor":[66,66,66,66,66,66,66,66,66,60,60,60,67,67,67,67,67],"card_choices":[{"not_picked":["Outmaneuver","Riddle With Holes"],"picked":"Prepared","floor":1.0},{"not_picked":["Finisher","Flying Knee"],"picked":"Acrobatics","floor":4.0},{"not_picked":["Backflip","Dash"],"picked":"Underhanded Strike","floor":5.0},{"not_picked":["Backflip","Acrobatics"],"picked":"Adrenaline","floor":7.0},{"not_picked":["Catalyst","Endless Agony"],"picked":"Riddle With Holes","floor":8.0},{"not_picked":["Caltrops","Prepared"],"picked":"Acrobatics","floor":13},{"not_picked":["Flechettes","Sucker Punch"],"picked":"Backstab","floor":14}],"player_experience":828667,"relics_obtained":[{"floor":9.0,"key":"Boot"},{"floor":13,"key":"Strawberry"}],"event_choices":[{"damage_healed":0.0,"max_hp_gain":0.0,"max_hp_loss":0.0,"gold_gain":0.0,"event_name":"Scrap Ooze","player_choice":"Success","floor":2.0,"gold_loss":0.0,"damage_taken":11.0,"relics_obtained":["Happy Flower"]},{"damage_healed":0.0,"max_hp_gain":0.0,"max_hp_loss":0.0,"gold_gain":50.0,"event_name":"Golden Shrine","player_choice":"Pray","floor":3.0,"gold_loss":0.0,"damage_taken":0.0},{"damage_healed":0.0,"max_hp_gain":0.0,"max_hp_loss":6.0,"gold_gain":0.0,"event_name":"Golden Idol","player_choice":"Lose Max HP","floor":10.0,"gold_loss":0.0,"damage_taken":0.0,"relics_obtained":["Golden Idol"]}],"is_beta":false,"boss_relics":[],"items_purged_floors":[12],"is_endless":false,"potions_floor_spawned":[5,8,14],"killed_by":"Hexaghost","ascension_level":20}}