{"host":"922zt4fjsmmy4kg9","time":1609804425,"event":{"mods":["A Magickal Journey","Act Like it!","BaseMod","Better Third Choice","Downfall","Friendly Minions","Hermit","HololiveMod","Hubris","Jorbs\u0027s Wanderer Trilogy","Kiyohime????","Koishi","Marisa????????","Minty Spire (QoL Compilation)","Quick Restart","Reimu??????","Shop Mod","Spicy Shops","StSLib","SuperFastMode","The Animator","The Disciple","The Runesmith"],"gold_per_floor":[99,99,549,549,549,588,588,588,588,588],"floor_reached":9,"playtime":212,"items_purged":[],"score":85,"play_id":"92b51da0-bb33-4003-8d48-1d0cd5ca1fd7","local_time":"20210105105345","is_ascension_mode":true,"campfire_choices":[{"data":"animator:YuiTsuruno","floor":1,"key":"SMITH"}],"circlet_count":0,"master_deck":["AscendersBane","animator:Strike_MadokaMagica","animator:Defend_MadokaMagica","animator:Strike","animator:Strike","animator:Strike","animator:Defend","animator:Defend","animator:Defend","animator:IrohaTamaki","animator:YuiTsuruno+1","animator:Sloth","Slimebound:Icky","Slimebound:Icky","Slimebound:Icky","animator:Konayuki","animator:Scar","animator:MamiTomoe"],"relics":["animator:LivingPicture","animator:TheMissingPiece","downfall:HeartsMalice","Toy Ornithopter","Gambling Chip","downfall:BrokenWingStatue"],"acts_visited":["Exordium"],"potions_floor_usage":[9],"damage_taken":[{"damage":0,"enemies":"2 Louse","floor":2,"turns":1},{"damage":0,"enemies":"Small Slimes","floor":4,"turns":1},{"damage":0,"enemies":"Jaw Worm","floor":5,"turns":1},{"damage":22,"enemies":"3 Sentries","floor":6,"turns":8},{"damage":43,"enemies":"Lagavulin","floor":9,"turns":6}],"seed_played":"4711091981036092523","potions_obtained":[{"floor":6,"key":"animator:FalseLifePotion"}],"is_trial":false,"path_per_floor":["R","M","?","M","M","E","T","?","E"],"character_chosen":"THE_ANIMATOR","items_purchased":[],"campfire_rested":0,"item_purchase_floors":[],"current_hp_per_floor":[59,59,59,59,59,37,37,37,0,0],"gold":588,"neow_bonus":"THREE_ENEMY_KILL","is_daily":false,"chose_seed":false,"campfire_upgraded":1,"win_rate":0.0,"timestamp":1609804425,"path_taken":["R","M","?","M","M","E","T","?","E"],"items_purchased_type":[],"build_version":"2020-12-22","purchased_purges":0,"victory":false,"max_hp_per_floor":[66,66,66,66,66,66,66,66,66,66],"card_choices":[{"not_picked":["animator:Ara","animator:DolaRiku"],"picked":"animator:Sloth","floor":2},{"not_picked":["animator:ShinjiMatou","animator:Priestess"],"picked":"animator:Konayuki","floor":4},{"not_picked":["animator:Shichika","animator:DwarfShaman"],"picked":"animator:Scar","floor":5},{"not_picked":["animator:YachiyoNanami","animator:YuiTsuruno"],"picked":"animator:MamiTomoe","floor":6}],"player_experience":1319312,"relics_obtained":[{"floor":6,"key":"Toy Ornithopter"},{"floor":7,"key":"Gambling Chip"}],"event_choices":[],"is_beta":false,"boss_relics":[],"items_purged_floors":[],"is_endless":false,"potions_floor_spawned":[6],"killed_by":"Lagavulin","ascension_level":11}}