{"host":"igj4vwc42ivwqexo","time":1609774618,"event":{"mods":["BaseMod","Better Third Choice","Koishi","Marisa????????","Minty Spire (QoL Compilation)","Shop Mod","StSLib","The Blue Laboratory","The Disciple","The Hierophant","The Servant 0.9.4"],"gold_per_floor":[114,127,127,127,151,194,194,263,263,296,312,312,312,325,325,325,325],"floor_reached":16,"playtime":896,"items_purged":[],"score":127,"play_id":"751a8616-bf2f-4292-8728-aaf81bad9f7d","local_time":"20210104163658","is_ascension_mode":true,"campfire_choices":[{"data":"Eruption","floor":7,"key":"SMITH"},{"data":"Blasphemy","floor":13,"key":"SMITH"},{"data":"Wallop","floor":15,"key":"SMITH"}],"circlet_count":0,"master_deck":["Strike_P","Strike_P","Strike_P","Defend_P","Defend_P","Defend_P","Defend_P","Eruption+1","Vigilance","Tantrum","SashWhip","Tantrum","CutThroughFate","CarveReality","Wallop+1","MentalFortress+1","Blasphemy+1","FlurryOfBlows","BattleHymn+1"],"relics":["PureWater","Golden Idol","Frozen Egg 2","Blood Vial","InkBottle","Unceasing Top"],"acts_visited":["Exordium"],"potions_floor_usage":[6,6],"damage_taken":[{"damage":2,"enemies":"Jaw Worm","floor":1,"turns":3},{"damage":2,"enemies":"Small Slimes","floor":2,"turns":2},{"damage":0,"enemies":"Cultist","floor":5,"turns":2},{"damage":2,"enemies":"Lagavulin","floor":6,"turns":3},{"damage":12,"enemies":"Lagavulin Event","floor":8,"turns":4},{"damage":2,"enemies":"3 Sentries","floor":10,"turns":3},{"damage":0,"enemies":"Looter","floor":11,"turns":1},{"damage":0,"enemies":"2 Fungi Beasts","floor":14,"turns":1},{"damage":100000,"enemies":"The Guardian","floor":16,"turns":4}],"seed_played":"-4752586279687003532","potions_obtained":[{"floor":1,"key":"Dexterity Potion"},{"floor":2,"key":"blueLaboratory:BottledTrinity"}],"is_trial":false,"path_per_floor":["M","M","?","?","M","E","R","?","T","E","M","?","R","M","R","B"],"character_chosen":"WATCHER","items_purchased":[],"campfire_rested":0,"item_purchase_floors":[],"current_hp_per_floor":[77,75,56,56,56,54,54,44,44,44,46,39,39,41,41,0,0],"gold":325,"neow_bonus":"TEN_PERCENT_HP_BONUS","is_daily":false,"chose_seed":false,"campfire_upgraded":3,"win_rate":0.0,"timestamp":1609774618,"path_taken":["M","M","?","?","?","E","R","?","T","E","M","?","R","M","R","BOSS"],"items_purchased_type":[],"build_version":"2020-12-22","purchased_purges":0,"victory":false,"max_hp_per_floor":[79,79,79,79,79,79,79,79,79,79,79,79,79,79,79,79,79],"card_choices":[{"not_picked":["ThirdEye","Crescendo"],"picked":"Tantrum","floor":1},{"not_picked":["Prostrate","FollowUp"],"picked":"SashWhip","floor":2},{"not_picked":["Halt","Nirvana"],"picked":"CarveReality","floor":5},{"not_picked":["ReachHeaven","FearNoEvil"],"picked":"Wallop","floor":6},{"not_picked":["JustLucky","Evaluate"],"picked":"MentalFortress+1","floor":8},{"not_picked":["EmptyBody","Pray"],"picked":"Blasphemy","floor":10},{"not_picked":["CutThroughFate","ThirdEye"],"picked":"FlurryOfBlows","floor":11},{"not_picked":["SandsOfTime","Prostrate"],"picked":"BattleHymn+1","floor":14}],"player_experience":325506,"relics_obtained":[{"floor":6,"key":"Frozen Egg 2"},{"floor":9,"key":"InkBottle"},{"floor":10,"key":"Unceasing Top"}],"event_choices":[{"damage_healed":0,"gold_gain":0,"player_choice":"Take Damage","damage_taken":19,"relics_obtained":["Golden Idol"],"max_hp_gain":0,"max_hp_loss":0,"event_name":"Golden Idol","floor":3,"gold_loss":0},{"damage_healed":0,"gold_gain":0,"player_choice":"2 cards matched","damage_taken":0,"max_hp_gain":0,"max_hp_loss":0,"event_name":"Match and Keep!","floor":4,"gold_loss":0,"cards_obtained":["Tantrum","CutThroughFate"]},{"damage_healed":0,"gold_gain":0,"player_choice":"Searched \u00273\u0027 times","damage_taken":0,"relics_obtained":["Blood Vial"],"max_hp_gain":0,"max_hp_loss":0,"event_name":"Dead Adventurer","floor":8,"gold_loss":0},{"cards_removed":["Strike_P"],"damage_healed":0,"gold_gain":0,"player_choice":"Card Removal","damage_taken":7,"max_hp_gain":0,"max_hp_loss":0,"event_name":"Golden Wing","floor":12,"gold_loss":0}],"is_beta":false,"boss_relics":[],"items_purged_floors":[],"is_endless":false,"potions_floor_spawned":[1,2],"killed_by":"The Guardian","ascension_level":3}}