{"host":"sav7uxregyirlf69","time":1609730906,"event":{"mods":["AchievementEnabler","BaseMod","Colored Map","DeckTracker","Keyboard Shortcuts","Minty Spire (QoL Compilation)","READ ME - Guardian Mod","StSLib","SuperFastMode"],"gold_per_floor":[110,110,121,141,73,73,86,115,115,115,145,145,145,125,125,223,223,238,255,255,354,374,404,9,34,81,81,6,35,35,47,47,143,143,161,173,73,126,126,141,16,16,16,33,60,60,91,91,91,91,91,91,91,116,116],"floor_reached":56,"playtime":1283,"items_purged":["Strike_P","Strike_P+1","Defend_P"],"score":1610,"play_id":"c018a397-416d-4e04-a137-3635ea4c9db7","local_time":"20210104122826","daily_mods":["Heirloom"],"is_ascension_mode":true,"campfire_choices":[{"data":"Adaptation","floor":6.0,"key":"SMITH"},{"data":"WheelKick","floor":10.0,"key":"SMITH"},{"data":"EmptyFist","floor":13.0,"key":"SMITH"},{"data":"FlurryOfBlows","floor":15.0,"key":"SMITH"},{"data":"Scrawl","floor":27.0,"key":"SMITH"},{"data":"Adaptation","floor":30.0,"key":"SMITH"},{"data":"InnerPeace","floor":32,"key":"SMITH"},{"data":"Vault","floor":42,"key":"SMITH"},{"floor":46,"key":"RECALL"},{"data":"Vigilance","floor":49,"key":"SMITH"},{"data":"Defend_P","floor":52,"key":"SMITH"}],"circlet_count":0,"master_deck":["Defend_P+1","Eruption+1","Vigilance+1","FlurryOfBlows+1","EmptyFist+1","Adaptation+1","WheelKick+1","Scrawl+1","InnerPeace+1","TalkToTheHand+1","Tantrum+1","Adaptation+1","Vault+1"],"relics":["PureWater","Incense Burner","Whetstone","MealTicket","Molten Egg 2","VioletLotus","Pear","Gremlin Horn","Bottled Lightning","Bronze Scales","Bag of Marbles","Red Mask","Empty Cage","Gambling Chip","Sundial","Ancient Tea Set"],"acts_visited":["Exordium","TheCity","TheBeyond","TheEnding"],"potions_floor_usage":[31,33,47,55,55],"damage_taken":[{"damage":5.0,"enemies":"Small Slimes","floor":1.0,"turns":2.0},{"damage":0.0,"enemies":"Cultist","floor":3.0,"turns":2.0},{"damage":1.0,"enemies":"Jaw Worm","floor":4.0,"turns":3.0},{"damage":6.0,"enemies":"Large Slime","floor":7.0,"turns":2.0},{"damage":14.0,"enemies":"Lagavulin","floor":8.0,"turns":5.0},{"damage":14.0,"enemies":"3 Sentries","floor":11.0,"turns":5.0},{"damage":0.0,"enemies":"Slime Boss","floor":16.0,"turns":3.0},{"damage":0.0,"enemies":"Spheric Guardian","floor":18.0,"turns":2.0},{"damage":2.0,"enemies":"Chosen","floor":19.0,"turns":2.0},{"damage":0.0,"enemies":"Snecko","floor":22.0,"turns":2.0},{"damage":19.0,"enemies":"Slavers","floor":23.0,"turns":3.0},{"damage":6.0,"enemies":"Gremlin Leader","floor":25.0,"turns":2.0},{"damage":0.0,"enemies":"Masked Bandits","floor":29.0,"turns":1.0},{"damage":0,"enemies":"Snake Plant","floor":31,"turns":1},{"damage":0,"enemies":"Collector","floor":33,"turns":2},{"damage":0,"enemies":"3 Darklings","floor":35,"turns":1},{"damage":0,"enemies":"Orb Walker","floor":36,"turns":1},{"damage":0,"enemies":"2 Orb Walkers","floor":38,"turns":1},{"damage":0,"enemies":"Spire Growth","floor":40,"turns":1},{"damage":0,"enemies":"3 Darklings","floor":44,"turns":1},{"damage":0,"enemies":"Reptomancer","floor":45,"turns":1},{"damage":0,"enemies":"Giant Head","floor":47,"turns":1},{"damage":0,"enemies":"Awakened One","floor":50,"turns":2},{"damage":0,"enemies":"Shield and Spear","floor":54,"turns":1},{"damage":41,"enemies":"The Heart","floor":55,"turns":5}],"seed_played":"3547096918409109859","potions_obtained":[{"floor":1.0,"key":"LiquidBronze"},{"floor":8.0,"key":"Strength Potion"},{"floor":11.0,"key":"SkillPotion"},{"floor":14.0,"key":"Strength Potion"},{"floor":25.0,"key":"Fruit Juice"},{"floor":29.0,"key":"AttackPotion"},{"floor":31,"key":"Explosive Potion"},{"floor":33,"key":"Weak Potion"},{"floor":45,"key":"EntropicBrew"}],"is_trial":true,"path_per_floor":["M","?","M","M","$","R","M","E","T","R","E","?","R","?","R","B",null,"M","M","T","?","M","E","$","E","T","R","?","?","R","M","R","B",null,"M","M","$","?","?","M","$","R","T","M","E","R","E","?","R","B",null,"R","$","E","B",null],"character_chosen":"WATCHER","items_purchased":["Adaptation","Adaptation","Bottled Lightning"],"campfire_rested":0,"item_purchase_floors":[5,24,24],"current_hp_per_floor":[67,67,67,66,66,66,60,46,46,46,32,25,25,25,25,25,72,72,70,80,80,80,61,76,70,70,70,70,70,70,75,75,75,87,87,87,87,87,87,87,87,87,87,87,87,87,87,87,87,87,87,87,87,87,46],"gold":116,"neow_bonus":"","is_daily":false,"chose_seed":false,"campfire_upgraded":10,"win_rate":0.0,"timestamp":1609730906,"path_taken":["M","?","M","M","$","R","?","E","T","R","E","?","R","?","R","BOSS","M","?","?","?","M","E","$","E","T","R","?","?","R","M","R","BOSS","M","M","$","?","?","M","$","R","T","M","E","R","E","?","R","BOSS","R","$","E","BOSS"],"items_purchased_type":["Card","Card","Relic"],"build_version":"2020-12-22","purchased_purges":3,"victory":true,"max_hp_per_floor":[72,72,72,72,72,72,72,72,72,72,72,72,72,72,72,72,72,72,72,82,82,82,82,82,82,82,82,82,82,82,87,87,87,87,87,87,87,87,87,87,87,87,87,87,87,87,87,87,87,87,87,87,87,87,87],"card_choices":[{"not_picked":["Sanctity","Halt"],"picked":"CutThroughFate","floor":1.0},{"not_picked":["ClearTheMind","Nirvana"],"picked":"FlurryOfBlows","floor":3.0},{"not_picked":["Wallop","Evaluate"],"picked":"EmptyFist","floor":4.0},{"not_picked":["Prostrate","BowlingBash","DeceiveReality"],"picked":"SKIP","floor":7.0},{"not_picked":["PathToVictory","CarveReality"],"picked":"WheelKick","floor":8.0},{"not_picked":["Evaluate","EmptyBody","CarveReality+1"],"picked":"SKIP","floor":11.0},{"not_picked":["SpiritShield","Devotion"],"picked":"Scrawl","floor":16.0},{"not_picked":["ClearTheMind","FollowUp+1"],"picked":"InnerPeace","floor":18.0},{"not_picked":["SashWhip+1","Perseverance+1"],"picked":"TalkToTheHand+1","floor":19.0},{"not_picked":["JustLucky+1","SashWhip+1"],"picked":"Tantrum+1","floor":22.0},{"not_picked":["FlyingSleeves+1","Halt+1","EmptyBody"],"picked":"SKIP","floor":23.0},{"not_picked":["FlyingSleeves+1","FlurryOfBlows+1","Weave+1"],"picked":"SKIP","floor":25.0},{"not_picked":["Consecrate+1","CarveReality+1","CutThroughFate+1"],"picked":"SKIP","floor":31},{"not_picked":["ConjureBlade","Judgement"],"picked":"Vault","floor":33},{"not_picked":["WaveOfTheHand","Prostrate","Weave+1"],"picked":"SKIP","floor":35},{"not_picked":["Prostrate","LikeWater+1","Consecrate+1"],"picked":"SKIP","floor":36},{"not_picked":["BowlingBash+1","CrushJoints+1","Study"],"picked":"SKIP","floor":40},{"not_picked":["Halt","EmptyBody+1","Fasting2+1"],"picked":"SKIP","floor":44},{"not_picked":["CarveReality+1","Alpha","MasterReality"],"picked":"SKIP","floor":45},{"not_picked":["SashWhip+1","SandsOfTime+1","Conclude+1"],"picked":"SKIP","floor":47},{"not_picked":["Crescendo","Wireheading","CarveReality+1"],"picked":"SKIP","floor":54}],"player_experience":1131494,"relics_obtained":[{"floor":8.0,"key":"Whetstone"},{"floor":9.0,"key":"MealTicket"},{"floor":11.0,"key":"Molten Egg 2"},{"floor":20.0,"key":"Pear"},{"floor":23.0,"key":"Gremlin Horn"},{"floor":25.0,"key":"Bronze Scales"},{"floor":26.0,"key":"Bag of Marbles"},{"floor":29.0,"key":"Red Mask"},{"floor":38,"key":"Gambling Chip"},{"floor":45,"key":"Sundial"},{"floor":47,"key":"Ancient Tea Set"}],"event_choices":[{"damage_healed":0.0,"max_hp_gain":0.0,"max_hp_loss":0.0,"gold_gain":0.0,"event_name":"Upgrade Shrine","player_choice":"Upgraded","floor":2.0,"gold_loss":0.0,"damage_taken":0.0,"cards_upgraded":["Eruption"]},{"cards_removed":["Strike_P"],"damage_healed":0.0,"max_hp_gain":0.0,"max_hp_loss":0.0,"gold_gain":0.0,"event_name":"Golden Wing","player_choice":"Card Removal","floor":12.0,"gold_loss":0.0,"damage_taken":7.0},{"damage_healed":0.0,"max_hp_gain":0.0,"max_hp_loss":0.0,"gold_gain":0.0,"event_name":"The Woman in Blue","player_choice":"Bought 1 Potion","floor":14.0,"gold_loss":0.0,"damage_taken":0.0},{"damage_healed":0.0,"max_hp_gain":0.0,"max_hp_loss":0.0,"gold_gain":99.0,"event_name":"Nest","player_choice":"Stole From Cult","floor":21.0,"gold_loss":0.0,"damage_taken":0.0},{"cards_removed":["Defend_P"],"damage_healed":0.0,"max_hp_gain":0.0,"max_hp_loss":0.0,"gold_gain":0.0,"event_name":"Beggar","player_choice":"Gave Gold","floor":28.0,"gold_loss":75.0,"damage_taken":0.0},{"damage_healed":0.0,"max_hp_gain":0.0,"max_hp_loss":0.0,"gold_gain":0.0,"event_name":"Masked Bandits","player_choice":"Fought Bandits","floor":29.0,"gold_loss":0.0,"damage_taken":0.0},{"damage_healed":0,"gold_gain":0,"player_choice":"Fight","damage_taken":0,"max_hp_gain":0,"max_hp_loss":0,"event_name":"Mysterious Sphere","floor":38,"gold_loss":0},{"damage_healed":0,"gold_gain":0,"player_choice":"Memory 1","damage_taken":0,"max_hp_gain":0,"max_hp_loss":0,"event_name":"SensoryStone","floor":39,"gold_loss":0},{"cards_removed":["CutThroughFate"],"damage_healed":0,"gold_gain":0,"player_choice":"Removed Attack","damage_taken":0,"max_hp_gain":0,"max_hp_loss":0,"event_name":"Falling","floor":48,"gold_loss":0}],"is_beta":false,"boss_relics":[{"not_picked":["Cursed Key","Ectoplasm"],"picked":"VioletLotus"},{"not_picked":["Busted Crown","SacredBark"],"picked":"Empty Cage"}],"items_purged_floors":[24,37,41],"is_endless":false,"potions_floor_spawned":[1,8,11,25,29,31,33,45,47],"ascension_level":1}}