{"host":"nfysljuq0d6kj06l","time":1609779674,"event":{"mods":["AchievementEnabler","BaseMod","Colored Map","Colored Powertips","DeckTracker","Minty Spire (QoL Compilation)","Relic Sorter"],"gold_per_floor":[14,14,35,48,69,109,109,150,150,188,202,232,255,275,275,406,406,429,429,449,17,17,52,52,83,83,106,5,24,38,81,81,211,211,232,295,310,330,123,164,164,202,202,281,304,337,26,0,0,0,0],"floor_reached":50,"playtime":5428,"items_purged":["Shame"],"score":1121,"play_id":"af5cd440-4e90-4243-b574-39c3b7fd1748","local_time":"20210104180114","is_ascension_mode":true,"campfire_choices":[{"floor":7.0,"key":"REST"},{"data":"Barricade","floor":15.0,"key":"SMITH"},{"data":"Ghostly Armor","floor":24.0,"key":"SMITH"},{"data":"Ghostly Armor","floor":32.0,"key":"SMITH"},{"floor":49,"key":"RECALL"}],"circlet_count":0,"master_deck":["Strike_R","Strike_R","Strike_R","Strike_R","Strike_R","Defend_R","Defend_R","Defend_R","Defend_R","Bash","Barricade+1","Ghostly Armor+1","Iron Wave","Shrug It Off","Body Slam","Ghostly Armor+1","Uppercut","Iron Wave","Cleave","Headbutt","Thunderclap","Shrug It Off","Shrug It Off","Flame Barrier+1","Good Instincts+1","Flame Barrier+1","Shrug It Off+1","Shrug It Off+1","Spot Weakness+1","Warcry+1","Double Tap+1","Impervious+1","Rage+1","Ghostly Armor+1","Evolve+1","Infernal Blade+1","Warcry+1","Metallicize+1","Madness+1","Madness+1","Shrug It Off+1","Writhe","Regret","Parasite","Cleave+1","Iron Wave+1","Shrug It Off+1","Metallicize+1","Mayhem+1"],"relics":["Burning Blood","Golden Idol","Happy Flower","Regal Pillow","Matryoshka","Gremlin Horn","Odd Mushroom","Coffee Dripper","Toxic Egg 2","Mummified Hand","Smiling Mask","Sundial","White Beast Statue","Bronze Scales","Cursed Key","CaptainsWheel","Toy Ornithopter","Pen Nib","Turnip","Frozen Egg 2","Bottled Lightning","Ornamental Fan","Orichalcum","Membership Card","Red Mask"],"acts_visited":["Exordium","TheCity","TheBeyond"],"potions_floor_usage":[40,40,40,46,46],"damage_taken":[{"damage":11.0,"enemies":"Jaw Worm","floor":1.0,"turns":5.0},{"damage":0.0,"enemies":"2 Louse","floor":3.0,"turns":3.0},{"damage":7.0,"enemies":"Small Slimes","floor":4.0,"turns":5.0},{"damage":3.0,"enemies":"Blue Slaver","floor":5.0,"turns":6.0},{"damage":65.0,"enemies":"Gremlin Nob","floor":6.0,"turns":7.0},{"damage":30.0,"enemies":"3 Sentries","floor":8.0,"turns":18.0},{"damage":19.0,"enemies":"Lagavulin","floor":10.0,"turns":11.0},{"damage":0.0,"enemies":"Exordium Wildlife","floor":11.0,"turns":5.0},{"damage":9.0,"enemies":"The Mushroom Lair","floor":12.0,"turns":5.0},{"damage":0.0,"enemies":"2 Fungi Beasts","floor":13.0,"turns":5.0},{"damage":0.0,"enemies":"Blue Slaver","floor":14.0,"turns":4.0},{"damage":8.0,"enemies":"Slime Boss","floor":16.0,"turns":18.0},{"damage":17.0,"enemies":"2 Thieves","floor":18.0,"turns":5.0},{"damage":2.0,"enemies":"3 Byrds","floor":20.0,"turns":6.0},{"damage":33.0,"enemies":"Book of Stabbing","floor":23.0,"turns":8.0},{"damage":0.0,"enemies":"Gremlin Leader","floor":25.0,"turns":5.0},{"damage":0.0,"enemies":"Shelled Parasite and Fungi","floor":27.0,"turns":5.0},{"damage":0.0,"enemies":"Snake Plant","floor":29.0,"turns":4.0},{"damage":9.0,"enemies":"Centurion and Healer","floor":30.0,"turns":9.0},{"damage":12.0,"enemies":"Slavers","floor":31.0,"turns":8.0},{"damage":41.0,"enemies":"Collector","floor":33.0,"turns":12.0},{"damage":0.0,"enemies":"3 Shapes","floor":35.0,"turns":5.0},{"damage":10.0,"enemies":"Mind Bloom Boss Battle","floor":36.0,"turns":5.0},{"damage":4.0,"enemies":"3 Darklings","floor":37.0,"turns":6.0},{"damage":5.0,"enemies":"Sphere and 2 Shapes","floor":38.0,"turns":5.0},{"damage":55,"enemies":"Giant Head","floor":40,"turns":8},{"damage":14,"enemies":"Reptomancer","floor":42,"turns":6},{"damage":0,"enemies":"Writhing Mass","floor":45,"turns":5},{"damage":3,"enemies":"Giant Head","floor":46,"turns":9},{"damage":52,"enemies":"Time Eater","floor":50,"turns":8}],"seed_played":"-8651909007425997939","potions_obtained":[{"floor":1.0,"key":"BloodPotion"},{"floor":4.0,"key":"BloodPotion"},{"floor":8.0,"key":"Regen Potion"},{"floor":12.0,"key":"Weak Potion"},{"floor":13.0,"key":"Swift Potion"},{"floor":20.0,"key":"Fire Potion"},{"floor":25.0,"key":"Weak Potion"},{"floor":27.0,"key":"EssenceOfSteel"},{"floor":29.0,"key":"Weak Potion"},{"floor":30.0,"key":"FearPotion"},{"floor":31.0,"key":"DistilledChaos"},{"floor":33.0,"key":"Energy Potion"},{"floor":35.0,"key":"DuplicationPotion"},{"floor":36.0,"key":"DistilledChaos"},{"floor":37.0,"key":"DuplicationPotion"},{"floor":38.0,"key":"DuplicationPotion"},{"floor":40,"key":"Strength Potion"},{"floor":42,"key":"SteroidPotion"},{"floor":45,"key":"Fruit Juice"},{"floor":46,"key":"SmokeBomb"}],"is_trial":false,"path_per_floor":["M","?","M","M","M","E","R","E","T","E","M","?","M","M","R","B",null,"M","?","M","$","?","E","R","E","T","M","$","M","M","E","R","B",null,"M","?","M","M","$","E","?","E","T","T","M","E","$","?","R","B"],"character_chosen":"IRONCLAD","items_purchased":["Shrug It Off","Toxic Egg 2","Flame Barrier+1","Good Instincts+1","Shrug It Off+1","Toy Ornithopter","Warcry+1","Membership Card","Shrug It Off+1","Metallicize+1","Mayhem+1"],"campfire_rested":1,"item_purchase_floors":[21,21,21,21,28,39,39,47,47,47,47],"current_hp_per_floor":[67,47,53,52,55,12,36,28,28,29,35,32,38,44,44,42,71,60,60,64,64,64,37,37,43,43,49,49,55,52,46,46,11,63,69,65,67,68,68,34,24,16,16,16,22,40,40,40,40,0,0],"gold":0,"neow_bonus":"THREE_RARE_CARDS","is_daily":false,"chose_seed":false,"campfire_upgraded":3,"win_rate":0.0,"timestamp":1609779674,"path_taken":["M","?","M","M","M","E","R","E","T","E","M","?","M","M","R","BOSS","M","?","M","?","?","E","R","E","T","M","$","M","M","E","R","BOSS","M","?","M","M","$","E","?","E","T","?","M","E","$","?","R","BOSS"],"items_purchased_type":["Card","Relic","Card","Card","Card","Relic","Card","Relic","Card","Card","Card"],"build_version":"2020-12-22","purchased_purges":1,"victory":false,"max_hp_per_floor":[80,80,80,80,80,80,80,80,80,80,80,80,80,80,80,80,80,80,80,80,80,80,80,80,80,80,80,80,80,80,80,80,80,80,80,80,80,80,80,80,80,80,80,80,80,85,85,85,85,85,85],"card_choices":[{"not_picked":["Limit Break","Exhume"],"picked":"Barricade","floor":0.0},{"not_picked":["Intimidate","Bloodletting"],"picked":"Ghostly Armor","floor":1.0},{"not_picked":["Pummel","Thunderclap"],"picked":"Iron Wave","floor":3.0},{"not_picked":["Thunderclap","Warcry"],"picked":"Shrug It Off","floor":4.0},{"not_picked":["Wild Strike","Twin Strike"],"picked":"Body Slam","floor":5.0},{"not_picked":["Offering","Sword Boomerang"],"picked":"Ghostly Armor","floor":6.0},{"not_picked":["Twin Strike","Intimidate"],"picked":"Uppercut","floor":8.0},{"not_picked":["Bloodletting","Dropkick","Reckless Charge"],"picked":"SKIP","floor":10.0},{"not_picked":["Warcry","Clothesline"],"picked":"Iron Wave","floor":11.0},{"not_picked":["Perfected Strike","Anger"],"picked":"Cleave","floor":12.0},{"not_picked":["Warcry","Pommel Strike"],"picked":"Headbutt","floor":13.0},{"not_picked":["Warcry","Armaments"],"picked":"Thunderclap","floor":14.0},{"not_picked":["Clothesline","Havoc+1","Armaments"],"picked":"SKIP","floor":18.0},{"not_picked":["Warcry","Clothesline"],"picked":"Shrug It Off","floor":20.0},{"not_picked":["Body Slam","Clothesline+1"],"picked":"Flame Barrier+1","floor":23.0},{"not_picked":["Wild Strike+1","Headbutt"],"picked":"Shrug It Off+1","floor":25.0},{"not_picked":["Searing Blow","Thunderclap","Corruption"],"picked":"SKIP","floor":27.0},{"not_picked":["Evolve","Dropkick"],"picked":"Spot Weakness+1","floor":29.0},{"not_picked":["Clothesline","Inflame+1"],"picked":"Warcry+1","floor":30.0},{"not_picked":["Heavy Blade+1","Thunderclap"],"picked":"Double Tap+1","floor":31.0},{"not_picked":["Fiend Fire","Double Tap+1"],"picked":"Impervious+1","floor":33.0},{"not_picked":["Wild Strike","Heavy Blade"],"picked":"Rage+1","floor":35.0},{"not_picked":["Armaments+1","Shockwave+1"],"picked":"Ghostly Armor+1","floor":36.0},{"not_picked":["Second Wind+1","Cleave+1"],"picked":"Evolve+1","floor":37.0},{"not_picked":["Flex+1","Searing Blow"],"picked":"Infernal Blade+1","floor":38.0},{"not_picked":["Warcry+1","Intimidate+1"],"picked":"Metallicize+1","floor":40},{"not_picked":["Impervious+1","Rupture"],"picked":"Shrug It Off+1","floor":42},{"not_picked":["Sever Soul","Twin Strike"],"picked":"Cleave+1","floor":45},{"not_picked":["Fire Breathing+1","Inflame+1"],"picked":"Iron Wave+1","floor":46}],"player_experience":424123,"relics_obtained":[{"floor":6.0,"key":"Happy Flower"},{"floor":8.0,"key":"Regal Pillow"},{"floor":9.0,"key":"Matryoshka"},{"floor":10.0,"key":"Gremlin Horn"},{"floor":12.0,"key":"Odd Mushroom"},{"floor":23.0,"key":"Smiling Mask"},{"floor":25.0,"key":"Sundial"},{"floor":26.0,"key":"White Beast Statue"},{"floor":31.0,"key":"Bronze Scales"},{"floor":36.0,"key":"CaptainsWheel"},{"floor":40,"key":"Pen Nib"},{"floor":42,"key":"Turnip"},{"floor":43,"key":"Frozen Egg 2"},{"floor":43,"key":"Bottled Lightning"},{"floor":44,"key":"Ornamental Fan"},{"floor":46,"key":"Orichalcum"}],"event_choices":[{"damage_healed":0.0,"max_hp_gain":0.0,"max_hp_loss":0.0,"gold_gain":0.0,"event_name":"Golden Idol","player_choice":"Take Damage","floor":2.0,"gold_loss":0.0,"damage_taken":20.0,"relics_obtained":["Golden Idol"]},{"damage_healed":0.0,"max_hp_gain":0.0,"max_hp_loss":0.0,"gold_gain":0.0,"event_name":"Mushrooms","player_choice":"Fought Mushrooms","floor":12.0,"gold_loss":0.0,"damage_taken":0.0},{"damage_healed":0.0,"max_hp_gain":0.0,"max_hp_loss":0.0,"gold_gain":0.0,"event_name":"Beggar","player_choice":"Ignored","floor":19.0,"gold_loss":0.0,"damage_taken":0.0},{"damage_healed":0.0,"max_hp_gain":0.0,"max_hp_loss":0.0,"gold_gain":0.0,"event_name":"Addict","player_choice":"Stole Relic","floor":22.0,"gold_loss":0.0,"damage_taken":0.0,"relics_obtained":["Mummified Hand"],"cards_obtained":["Shame"]},{"damage_healed":0.0,"max_hp_gain":0.0,"max_hp_loss":0.0,"gold_gain":0.0,"event_name":"MindBloom","player_choice":"Fight","floor":36.0,"gold_loss":0.0,"damage_taken":0.0},{"damage_healed":0,"gold_gain":0,"player_choice":"Embrace Madness","damage_taken":10,"max_hp_gain":0,"max_hp_loss":0,"event_name":"Winding Halls","floor":41,"gold_loss":0,"cards_obtained":["Madness","Madness"]},{"damage_healed":0,"gold_gain":0,"player_choice":"Paid","damage_taken":0,"relics_obtained":["Red Mask"],"max_hp_gain":0,"max_hp_loss":0,"event_name":"Tomb of Lord Red Mask","floor":48,"gold_loss":26}],"is_beta":false,"boss_relics":[{"not_picked":["Black Star","Philosopher\u0027s Stone"],"picked":"Coffee Dripper"},{"not_picked":["Astrolabe","Velvet Choker"],"picked":"Cursed Key"}],"items_purged_floors":[28],"is_endless":false,"potions_floor_spawned":[1,4,8,12,13,20,25,27,29,30,31,33,35,36,37,38,40,42,45,46],"killed_by":"Time Eater","ascension_level":9}}