{"host":"6bsan6hkua32tfq7","time":1609804464,"event":{"mods":["BaseMod","Better Third Choice","Colored Map","Highlight Path","Minty Spire (QoL Compilation)","StSLib"],"gold_per_floor":[111,122,55,55,72,72,89,113,137,137,168,187,187,214,214,289,289,300,300,300,300,311,311,311],"floor_reached":23,"playtime":555,"items_purged":[],"score":398,"play_id":"d048c088-4df0-4a72-b376-927abe265da4","local_time":"20210105005424","is_ascension_mode":true,"campfire_choices":[{"data":"Sunder","floor":6,"key":"SMITH"},{"floor":10,"key":"REST"},{"data":"Core Surge","floor":13,"key":"SMITH"},{"floor":15,"key":"REST"}],"circlet_count":0,"master_deck":["AscendersBane","Strike_B","Strike_B","Strike_B","Strike_B","Defend_B","Defend_B","Defend_B","Defend_B","Zap","Dualcast","Core Surge+1","FTL","Sunder+1","Steam","Ball Lightning","Ball Lightning","Creative AI+1","Defragment","RitualDagger"],"relics":["Cracked Core","betterThird:SlimedRelic","Regal Pillow","Odd Mushroom","Happy Flower","Mummified Hand","Centennial Puzzle","Fusion Hammer","MutagenicStrength"],"acts_visited":["Exordium","TheCity"],"potions_floor_usage":[14,22],"damage_taken":[{"damage":0,"enemies":"2 Louse","floor":1,"turns":3},{"damage":2,"enemies":"Jaw Worm","floor":2,"turns":3},{"damage":5,"enemies":"Small Slimes","floor":5,"turns":4},{"damage":4,"enemies":"3 Louse","floor":7,"turns":3},{"damage":10,"enemies":"The Mushroom Lair","floor":8,"turns":6},{"damage":30,"enemies":"Gremlin Nob","floor":11,"turns":4},{"damage":0,"enemies":"Exordium Thugs","floor":12,"turns":3},{"damage":18,"enemies":"Lagavulin","floor":14,"turns":5},{"damage":33,"enemies":"The Guardian","floor":16,"turns":13},{"damage":24,"enemies":"Shell Parasite","floor":18,"turns":4},{"damage":0,"enemies":"3 Byrds","floor":22,"turns":2},{"damage":38,"enemies":"Slavers","floor":23,"turns":1}],"seed_played":"-5844877182616971086","potions_obtained":[{"floor":5,"key":"EssenceOfSteel"},{"floor":7,"key":"Ancient Potion"},{"floor":12,"key":"Fire Potion"},{"floor":18,"key":"SpeedPotion"}],"is_trial":false,"path_per_floor":["M","M","?","T","M","R","M","?","T","R","E","M","R","E","R","B",null,"M","?","?","?","M","E"],"character_chosen":"DEFECT","items_purchased":[],"campfire_rested":2,"item_purchase_floors":[],"current_hp_per_floor":[64,62,51,51,46,46,42,32,32,64,34,34,34,16,50,17,52,28,22,22,22,22,0,0],"gold":311,"neow_bonus":"THREE_RARE_CARDS","is_daily":false,"chose_seed":false,"campfire_upgraded":2,"win_rate":0.0,"timestamp":1609804464,"path_taken":["M","M","?","?","?","R","M","?","T","R","E","M","R","E","R","BOSS","M","?","?","?","M","E"],"items_purchased_type":[],"build_version":"2020-12-22","purchased_purges":0,"victory":false,"max_hp_per_floor":[64,64,64,64,64,64,64,64,64,64,64,64,64,64,64,64,64,64,64,64,64,64,64,64],"card_choices":[{"not_picked":["Rainbow","Echo Form"],"picked":"Core Surge","floor":0},{"not_picked":["Barrage","Blizzard"],"picked":"FTL","floor":1},{"not_picked":["Cold Snap","Doom and Gloom","Gash"],"picked":"SKIP","floor":2},{"not_picked":["Hologram","Streamline"],"picked":"Sunder","floor":5},{"not_picked":["Melter","Force Field"],"picked":"Steam","floor":7},{"not_picked":["Tempest","Leap","Redo"],"picked":"SKIP","floor":11},{"not_picked":["Stack","Leap"],"picked":"Ball Lightning","floor":12},{"not_picked":["Undo","Barrage"],"picked":"Ball Lightning","floor":14},{"not_picked":["Meteor Strike","Electrodynamics"],"picked":"Creative AI","floor":16},{"not_picked":["Reinforced Body","Barrage"],"picked":"Defragment","floor":18},{"not_picked":["Barrage","Sweeping Beam","Force Field"],"picked":"SKIP","floor":22}],"player_experience":5251298,"relics_obtained":[{"floor":4,"key":"Regal Pillow"},{"floor":8,"key":"Odd Mushroom"},{"floor":9,"key":"Happy Flower"},{"floor":11,"key":"Mummified Hand"},{"floor":14,"key":"Centennial Puzzle"}],"event_choices":[{"damage_healed":0,"gold_gain":0,"player_choice":"Slimed","damage_taken":11,"max_hp_gain":0,"max_hp_loss":0,"event_name":"betterThird:BetterGoop","floor":3,"gold_loss":67},{"damage_healed":0,"gold_gain":0,"player_choice":"Fought Mushrooms","damage_taken":0,"max_hp_gain":0,"max_hp_loss":0,"event_name":"Mushrooms","floor":8,"gold_loss":0},{"damage_healed":0,"gold_gain":0,"player_choice":"Dagger","damage_taken":6,"max_hp_gain":0,"max_hp_loss":0,"event_name":"betterThird:BetterNest","floor":19,"gold_loss":0,"cards_obtained":["RitualDagger"]},{"damage_healed":0,"gold_gain":0,"player_choice":"Inject Mutagens","damage_taken":0,"relics_obtained":["MutagenicStrength"],"max_hp_gain":0,"max_hp_loss":0,"event_name":"Drug Dealer","floor":20,"gold_loss":0},{"damage_healed":0,"gold_gain":0,"player_choice":"Forge","damage_taken":0,"max_hp_gain":0,"max_hp_loss":0,"event_name":"Accursed Blacksmith","floor":21,"gold_loss":0,"cards_upgraded":["Creative AI"]}],"is_beta":false,"boss_relics":[{"not_picked":["Runic Dome","Philosopher\u0027s Stone"],"picked":"Fusion Hammer"}],"items_purged_floors":[],"is_endless":false,"potions_floor_spawned":[5,7,12,18],"killed_by":"Slavers","ascension_level":20}}