{"host":"nj1qudaxjqalpce5","time":1609752259,"event":{"mods":["2.2 Compatiblity","Arknights The Spire","Ascension Reborn","BaseMod","CapriCore","Grow up Mod","GungeonMod","Hermit","KOR Keyword Fix","Koishi","Lobotomy","Minty Spire (QoL Compilation)","Prisma Mod","RRrroohrrRGHHhhh!!","Replay The Spire","StSLib","Td1madao Mod","The Bug Knight","The Cursed","The Dragon Tamer","The Gatherer","The Hierophant","The Immortal","The Jungle","The Poker Player","The Runesmith","Thrall Mod","WarShipGirlsR/??á´Ò³R mod"],"gold_per_floor":[114,114,114,131,96,96,96,106,181,181,181,213,63,82,82,187,187,187,187],"floor_reached":18,"playtime":2297,"items_purged":[],"score":208,"play_id":"14a4f728-aa2f-453d-98e8-df95e71d2475","local_time":"20210104182419","is_ascension_mode":true,"campfire_choices":[{"data":"Defragment","floor":7,"key":"SMITH"},{"data":"Iron Wave","floor":11,"key":"SMITH"},{"data":"Armaments","floor":15,"key":"SMITH"},{"data":"Life Link","floor":15,"key":"SMITH"}],"circlet_count":0,"master_deck":["Strike_R","Strike_R","Strike_R","Strike_R","Strike_R","Defend_R","Defend_R","Defend_R","Bash","Iron Wave+1","Self Repair+1","Glacier","Defragment+1","Flame Barrier","Armaments+1","Life Link+1","Mirror Shield"],"relics":["Iron Core","DemoMod:JetPack","Replay:Bottled Snecko","Replay:Arrowhead","DemoMod:MeatBun","Philosopher\u0027s Stone"],"acts_visited":["Exordium","Exordium"],"potions_floor_usage":[],"damage_taken":[{"damage":5.0,"enemies":"Cultist","floor":1.0,"turns":4.0},{"damage":0,"enemies":"Small Slimes","floor":4,"turns":3},{"damage":3,"enemies":"Jaw Worm","floor":8,"turns":5},{"damage":6,"enemies":"3 Sentries","floor":12,"turns":15},{"damage":9,"enemies":"2 Fungi Beasts","floor":14,"turns":5},{"damage":33,"enemies":"The Guardian","floor":16,"turns":13},{"damage":14,"enemies":"theJungle:GiantWrat","floor":18,"turns":5}],"seed_played":"-3575696487067225457","potions_obtained":[{"floor":4,"key":"Milkshake"},{"floor":12,"key":"GamblersBrew"},{"floor":16,"key":"Explosive Potion"}],"is_trial":false,"path_per_floor":["M","?","?","M","$","T","R","M","T","?","R","E","$","M","R","B",null,"M"],"character_chosen":"IRONCLAD","items_purchased":["Defragment","DemoMod:MeatBun"],"campfire_rested":0,"item_purchase_floors":[5,13],"current_hp_per_floor":[100,110,120,130,140,150,160,170,180,190,200,210,220,230,240,227,260,246,246],"gold":187,"neow_bonus":"","is_daily":false,"chose_seed":false,"campfire_upgraded":4,"win_rate":0.0,"timestamp":1609752259,"path_taken":["M","?","?","M","$","?","R","M","T","?","R","E","$","M","R","BOSS","M"],"items_purchased_type":["Card","Relic"],"build_version":"2020-12-22","purchased_purges":0,"victory":false,"max_hp_per_floor":[100,110,120,130,140,150,160,170,180,190,200,210,220,230,240,250,260,260,260],"card_choices":[{"not_picked":["True Grit","Thunderclap"],"picked":"Iron Wave","floor":1.0},{"not_picked":["Force Field","Thunderclap"],"picked":"Glacier","floor":4},{"not_picked":["Rebound","Shrug It Off"],"picked":"Flame Barrier","floor":8},{"not_picked":["Sword Boomerang","Gash"],"picked":"Armaments","floor":12},{"not_picked":["Impervious","Rebound"],"picked":"Life Link","floor":14},{"not_picked":["Double Tap","Firewall"],"picked":"Mirror Shield","floor":16}],"player_experience":0,"relics_obtained":[{"floor":6,"key":"DemoMod:JetPack"},{"floor":9,"key":"Replay:Bottled Snecko"},{"floor":12,"key":"Replay:Arrowhead"}],"event_choices":[{"cards_removed":["Defend_R"],"damage_healed":0,"gold_gain":0,"player_choice":"Purged","damage_taken":0,"max_hp_gain":0,"max_hp_loss":0,"event_name":"Purifier","floor":10,"gold_loss":0}],"is_beta":false,"boss_relics":[{"not_picked":["Runesmith:UraniumAnvil","Replay:Wanted Poster"],"picked":"Philosopher\u0027s Stone"}],"items_purged_floors":[],"is_endless":false,"potions_floor_spawned":[4,12,16],"killed_by":"theJungle:GiantWrat","ascension_level":0}}