{"host":"pq8o62wp0h1hflf3","time":1609791475,"event":{"mods":["BaseMod","Minty Spire (QoL Compilation)","Relic Stats","ojb\u0027s Info Mod"],"gold_per_floor":[114,124,124,143,159,194,204,222,246,273,273,233,252,252,252,328,328,347,189,189,189,189,189,220,220,220,220,55,66,82,116,116,188,188,208,260,275,285,300,300,329,343,343,343,2,15,32,60,60,60],"floor_reached":49,"playtime":3371,"items_purged":["Strike_G"],"score":1148,"play_id":"e179d7dc-ce84-45c9-993b-7697692f6a3f","local_time":"20210104151755","is_ascension_mode":true,"campfire_choices":[{"data":"Corpse Explosion","floor":11,"key":"SMITH"},{"data":"Bouncing Flask","floor":15,"key":"SMITH"},{"data":"Dash","floor":23,"key":"SMITH"},{"floor":25,"key":"REST"},{"data":"Footwork","floor":32,"key":"SMITH"},{"floor":40,"key":"REST"}],"circlet_count":0,"master_deck":["AscendersBane","Strike_G+1","Strike_G+1","Strike_G+1","Strike_G+1","Defend_G+1","Defend_G+1","Defend_G+1","Defend_G+1","Defend_G+1","Survivor+1","Neutralize","PiercingWail","Terror+1","Corpse Explosion+1","Unload","Quick Slash+1","Deadly Poison","Well Laid Plans","Bouncing Flask+1","Adrenaline","Calculated Gamble","PiercingWail","Dash+1","Footwork+1","Calculated Gamble","Bullet Time","Predator+1","Catalyst","Noxious Fumes","Acrobatics","Doubt","Malaise","Blur+1"],"relics":["Ring of the Snake","Tiny Chest","Calipers","Potion Belt","Shuriken","Cursed Key","Blood Vial","Bronze Scales","War Paint","Snecko Eye","Pocketwatch","Whetstone","Thread and Needle","Frozen Eye","Bird Faced Urn"],"acts_visited":["Exordium","TheCity","TheBeyond"],"potions_floor_usage":[13,16,16,16,18,30,36,41,41],"damage_taken":[{"damage":1,"enemies":"2 Louse","floor":1,"turns":3},{"damage":3,"enemies":"Cultist","floor":2,"turns":5},{"damage":2,"enemies":"Small Slimes","floor":4,"turns":5},{"damage":1,"enemies":"Red Slaver","floor":5,"turns":6},{"damage":27,"enemies":"Lagavulin","floor":6,"turns":10},{"damage":19,"enemies":"Exordium Thugs","floor":7,"turns":5},{"damage":3,"enemies":"Blue Slaver","floor":8,"turns":5},{"damage":22,"enemies":"3 Sentries","floor":10,"turns":4},{"damage":1,"enemies":"Large Slime","floor":13,"turns":4},{"damage":13,"enemies":"The Guardian","floor":16,"turns":10},{"damage":8,"enemies":"2 Thieves","floor":18,"turns":3},{"damage":12,"enemies":"Gremlin Leader","floor":24,"turns":7},{"damage":4,"enemies":"Chosen","floor":29,"turns":3},{"damage":5,"enemies":"Centurion and Healer","floor":30,"turns":4},{"damage":5,"enemies":"Slavers","floor":31,"turns":4},{"damage":42,"enemies":"Collector","floor":33,"turns":9},{"damage":5,"enemies":"Orb Walker","floor":35,"turns":4},{"damage":18,"enemies":"2 Orb Walkers","floor":36,"turns":3},{"damage":0,"enemies":"3 Darklings","floor":37,"turns":2},{"damage":0,"enemies":"Sphere and 2 Shapes","floor":38,"turns":5},{"damage":15,"enemies":"Maw","floor":39,"turns":7},{"damage":20,"enemies":"Giant Head","floor":41,"turns":7},{"damage":0,"enemies":"Transient","floor":42,"turns":6},{"damage":0,"enemies":"Jaw Worm Horde","floor":46,"turns":1},{"damage":0,"enemies":"Sphere and 2 Shapes","floor":47,"turns":2},{"damage":4,"enemies":"Reptomancer","floor":48,"turns":5}],"seed_played":"-2353876149384548247","potions_obtained":[{"floor":2,"key":"FairyPotion"},{"floor":5,"key":"Strength Potion"},{"floor":6,"key":"AttackPotion"},{"floor":10,"key":"Swift Potion"},{"floor":12,"key":"EntropicBrew"},{"floor":12,"key":"SteroidPotion"},{"floor":36,"key":"Block Potion"},{"floor":38,"key":"CunningPotion"},{"floor":41,"key":"AttackPotion"}],"is_trial":false,"path_per_floor":["M","M","?","M","M","E","M","M","T","E","R","?","M","T","R","B",null,"M","$","?","?","?","R","E","R","T","T","$","M","M","E","R","B",null,"M","?","M","M","M","R","E","M","T","T","$","M","M","E","R"],"character_chosen":"THE_SILENT","items_purchased":["PiercingWail","AttackPotion","Bronze Scales","Malaise","Frozen Eye"],"campfire_rested":2,"item_purchase_floors":[19,19,28,45,45],"current_hp_per_floor":[58,55,66,64,63,36,17,14,14,19,19,19,18,18,18,5,51,43,43,43,43,43,43,31,50,50,50,50,48,45,42,42,2,50,47,31,33,35,22,41,23,25,25,25,25,27,29,27,27,27],"gold":60,"neow_bonus":"RANDOM_COMMON_RELIC","is_daily":false,"chose_seed":false,"campfire_upgraded":4,"win_rate":0.0,"timestamp":1609791475,"path_taken":["M","M","?","M","M","E","M","?","T","E","R","?","M","?","R","BOSS","M","$","?","?","?","R","E","R","T","?","?","M","?","E","R","BOSS","M","?","M","M","M","R","E","M","T","?","$","M","M","E","R"],"items_purchased_type":["Card","Potion","Relic","Card","Relic"],"build_version":"2020-12-22","purchased_purges":1,"victory":false,"max_hp_per_floor":[66,66,66,66,66,66,66,66,66,66,66,66,66,66,66,66,66,66,66,66,66,66,66,66,66,66,66,66,66,66,66,66,66,66,66,66,66,66,66,66,66,66,66,66,66,66,66,66,66,66],"relic_stats":{"counters":[26,129],"Whetstone":["Predator","Quick Slash"],"War Paint":["Survivor","Terror"],"Cursed Key":1,"Blood Vial":28,"Shuriken":[19],"Bronze Scales":[175],"Bird Faced Urn":[0],"Snecko Eye":[91,98,117,95],"Tiny Chest":3,"obtain_stats":[{"Potion Belt":10,"Calipers":6,"Thread and Needle":43,"Whetstone":41,"War Paint":31,"Cursed Key":17,"Blood Vial":24,"Frozen Eye":45,"Shuriken":14,"Bronze Scales":28,"Bird Faced Urn":48,"Snecko Eye":34,"Tiny Chest":0,"Ring of the Snake":0,"Pocketwatch":36},{"Potion Belt":8,"Calipers":5,"Thread and Needle":23,"Whetstone":22,"War Paint":15,"Cursed Key":10,"Blood Vial":12,"Frozen Eye":23,"Shuriken":9,"Bronze Scales":12,"Bird Faced Urn":26,"Snecko Eye":16,"Tiny Chest":0,"Ring of the Snake":0,"Pocketwatch":18},{"Potion Belt":43,"Calipers":29,"Thread and Needle":121,"Whetstone":115,"War Paint":78,"Cursed Key":57,"Blood Vial":67,"Frozen Eye":121,"Shuriken":47,"Bronze Scales":67,"Bird Faced Urn":129,"Snecko Eye":87,"Tiny Chest":0,"Ring of the Snake":0,"Pocketwatch":94}],"Ring of the Snake":[52],"Pocketwatch":[16]},"card_choices":[{"not_picked":["Outmaneuver","Sucker Punch"],"picked":"PiercingWail","floor":1},{"not_picked":["Outmaneuver","Dodge and Roll"],"picked":"Caltrops","floor":2},{"not_picked":["PiercingWail","Endless Agony"],"picked":"Terror","floor":4},{"not_picked":["Deadly Poison","Deflect"],"picked":"Corpse Explosion","floor":5},{"not_picked":["Dodge and Roll","Flying Knee"],"picked":"Unload","floor":6},{"not_picked":["Expertise","Outmaneuver"],"picked":"Quick Slash","floor":7},{"not_picked":["Distraction","Outmaneuver"],"picked":"Deadly Poison","floor":8},{"not_picked":["Endless Agony","Quick Slash"],"picked":"Well Laid Plans","floor":10},{"not_picked":["Dodge and Roll","Slice"],"picked":"Bouncing Flask","floor":13},{"not_picked":["Unload","Burst"],"picked":"Adrenaline","floor":16},{"not_picked":["Expertise+1","Sucker Punch"],"picked":"Calculated Gamble","floor":18},{"not_picked":["Blade Dance","Outmaneuver","Quick Slash"],"picked":"SKIP","floor":24},{"not_picked":["Concentrate","Distraction"],"picked":"Footwork","floor":29},{"not_picked":["Underhanded Strike","Deadly Poison","Quick Slash"],"picked":"SKIP","floor":30},{"not_picked":["All Out Attack","Infinite Blades"],"picked":"Calculated Gamble","floor":31},{"not_picked":["Doppelganger","Die Die Die"],"picked":"Bullet Time","floor":33},{"not_picked":["Outmaneuver","Poisoned Stab"],"picked":"Predator","floor":35},{"not_picked":["Dodge and Roll","Caltrops"],"picked":"Catalyst","floor":37},{"not_picked":["Expertise","Flying Knee+1","Prepared"],"picked":"SKIP","floor":38},{"not_picked":["Slice","Tactician"],"picked":"Noxious Fumes","floor":39},{"not_picked":["Sucker Punch+1","Prepared","Flechettes"],"picked":"SKIP","floor":41},{"not_picked":["Well Laid Plans","Flechettes"],"picked":"Acrobatics","floor":42},{"not_picked":["Slice","Unload","Flying Knee"],"picked":"SKIP","floor":46},{"not_picked":["Acrobatics","Deflect"],"picked":"Blur+1","floor":47},{"not_picked":["Tools of the Trade","Deflect","Bouncing Flask"],"picked":"SKIP","floor":48}],"player_experience":1101869,"relics_obtained":[{"floor":6,"key":"Calipers"},{"floor":10,"key":"Potion Belt"},{"floor":14,"key":"Shuriken"},{"floor":24,"key":"Blood Vial"},{"floor":31,"key":"War Paint"},{"floor":36,"key":"Pocketwatch"},{"floor":41,"key":"Whetstone"},{"floor":43,"key":"Thread and Needle"},{"floor":48,"key":"Bird Faced Urn"}],"event_choices":[{"cards_removed":["Caltrops"],"damage_healed":11,"gold_gain":0,"player_choice":"Offered Uncommon","damage_taken":0,"max_hp_gain":0,"max_hp_loss":0,"event_name":"Bonfire Elementals","floor":3,"gold_loss":0},{"damage_healed":0,"gold_gain":0,"player_choice":"Bought 3 Potions","damage_taken":0,"max_hp_gain":0,"max_hp_loss":0,"event_name":"The Woman in Blue","floor":12,"gold_loss":0},{"damage_healed":0,"gold_gain":0,"player_choice":"Read","damage_taken":0,"max_hp_gain":0,"max_hp_loss":0,"event_name":"The Library","floor":20,"gold_loss":0,"cards_obtained":["Dash"]},{"damage_healed":0,"gold_gain":0,"player_choice":"Ignored","damage_taken":0,"max_hp_gain":0,"max_hp_loss":0,"event_name":"Vampires","floor":21,"gold_loss":0},{"damage_healed":0,"gold_gain":0,"player_choice":"Simplicity","damage_taken":0,"max_hp_gain":0,"max_hp_loss":0,"event_name":"Back to Basics","floor":22,"gold_loss":0,"cards_upgraded":["Strike_G","Strike_G","Strike_G","Strike_G","Defend_G","Defend_G","Defend_G","Defend_G","Defend_G"]},{"damage_healed":0,"gold_gain":0,"player_choice":"Fight","damage_taken":0,"max_hp_gain":0,"max_hp_loss":0,"event_name":"Mysterious Sphere","floor":36,"gold_loss":0}],"is_beta":false,"boss_relics":[{"not_picked":["SacredBark","HoveringKite"],"picked":"Cursed Key"},{"not_picked":["Runic Dome","Black Star"],"picked":"Snecko Eye"}],"items_purged_floors":[19],"is_endless":false,"potions_floor_spawned":[2,5,6,10,16,24,36,38,41],"ascension_level":20}}