{"host":"7rmsgc3rayi00cdt","time":1609745400,"event":{"mods":["BaseMod","Minty Spire (QoL Compilation)"],"gold_per_floor":[118,118,118,118,132,132,170,170,193,219,244,256,281,308,320,332,332],"floor_reached":16,"playtime":411,"items_purged":[],"score":204,"play_id":"2ca01fde-c438-44e6-bc54-4fb4a4ef1bd7","local_time":"20210104073000","is_ascension_mode":true,"campfire_choices":[{"floor":6,"key":"REST"},{"floor":8,"key":"REST"},{"floor":12,"key":"REST"},{"floor":15,"key":"REST"}],"circlet_count":0,"master_deck":["AscendersBane","Strike_G","Strike_G","Strike_G+1","Strike_G","Strike_G","Defend_G","Defend_G","Defend_G","Defend_G","Defend_G","Survivor","Neutralize","Dagger Throw+1","Injury","Sucker Punch","Die Die Die","Blade Dance","Finisher","Adrenaline","Tactician"],"relics":["Ring of the Snake","Strawberry","Golden Idol","PreservedInsect","MawBank"],"acts_visited":["Exordium"],"potions_floor_usage":[16],"damage_taken":[{"damage":0,"enemies":"2 Louse","floor":1,"turns":5},{"damage":12,"enemies":"Jaw Worm","floor":5,"turns":4},{"damage":43,"enemies":"Gremlin Nob","floor":7,"turns":5},{"damage":0,"enemies":"Small Slimes","floor":10,"turns":2},{"damage":21,"enemies":"Exordium Thugs","floor":11,"turns":5},{"damage":4,"enemies":"Blue Slaver","floor":13,"turns":4},{"damage":3,"enemies":"Gremlin Gang","floor":14,"turns":2},{"damage":53,"enemies":"The Guardian","floor":16,"turns":10}],"seed_played":"4008351490949830163","potions_obtained":[{"floor":5,"key":"Energy Potion"},{"floor":7,"key":"Poison Potion"}],"is_trial":false,"path_per_floor":["M","?","?","?","M","R","E","R","T","M","M","R","M","M","R","B"],"character_chosen":"THE_SILENT","items_purchased":[],"campfire_rested":4,"item_purchase_floors":[],"current_hp_per_floor":[65,61,61,37,25,48,5,28,28,28,7,30,26,23,46,0,0],"gold":332,"neow_bonus":"TEN_PERCENT_HP_BONUS","is_daily":false,"chose_seed":false,"campfire_upgraded":0,"win_rate":0.0,"timestamp":1609745400,"path_taken":["M","?","?","?","M","R","E","R","T","M","M","R","?","M","R","BOSS"],"items_purchased_type":[],"build_version":"2020-12-22","purchased_purges":0,"victory":false,"max_hp_per_floor":[72,79,79,79,79,79,79,79,79,79,79,79,79,79,79,79,79],"card_choices":[{"not_picked":["Choke","Terror"],"picked":"Dagger Throw","floor":1},{"not_picked":["Deflect","Skewer"],"picked":"Sucker Punch","floor":5},{"not_picked":["Storm of Steel","Cloak And Dagger"],"picked":"Die Die Die","floor":7},{"not_picked":["Acrobatics","Sucker Punch"],"picked":"Blade Dance","floor":10},{"not_picked":["Dagger Spray","Acrobatics"],"picked":"Finisher","floor":11},{"not_picked":["Outmaneuver","Setup"],"picked":"Adrenaline","floor":13},{"not_picked":["PiercingWail","Poisoned Stab"],"picked":"Tactician","floor":14}],"player_experience":749844,"relics_obtained":[{"floor":7,"key":"PreservedInsect"},{"floor":9,"key":"MawBank"}],"event_choices":[{"damage_healed":0,"gold_gain":0,"player_choice":"Success","damage_taken":11,"relics_obtained":["Strawberry"],"max_hp_gain":0,"max_hp_loss":0,"event_name":"Scrap Ooze","floor":2,"gold_loss":0},{"damage_healed":0,"gold_gain":0,"player_choice":"Take Wound","damage_taken":0,"relics_obtained":["Golden Idol"],"max_hp_gain":0,"max_hp_loss":0,"event_name":"Golden Idol","floor":3,"gold_loss":0,"cards_obtained":["Injury"]},{"damage_healed":0,"gold_gain":0,"player_choice":"Entered Light","damage_taken":24,"max_hp_gain":0,"max_hp_loss":0,"event_name":"Shining Light","floor":4,"gold_loss":0,"cards_upgraded":["Dagger Throw","Strike_G"]}],"is_beta":false,"boss_relics":[],"items_purged_floors":[],"is_endless":false,"potions_floor_spawned":[5,7,13],"killed_by":"The Guardian","ascension_level":20}}