{"host":"q79spna8ofw6hj3r","time":1609767219,"event":{"mods":["Aspiration","BaseMod","Bestiary","BetterRewards","Block Reminder","Card Filter","Colored Map","Colored Powertips","Conspire","Custom Start","Energized Spire","Halation","Hubris","Infinite Spire","Jedi Mod","Mimic Mod","Minty Spire (QoL Compilation)","Permanent Neow","Quick Restart","Relic Filter","Relic Sorter","Replay The Spire","Shop Mod","StSLib","SuperFastMode","Synergy Search","vexMod"],"gold_per_floor":[117,117,117,134,144,144,173,173,226,226,259,274,307,324,324,324,324],"floor_reached":16,"playtime":453,"items_purged":[],"score":144,"play_id":"faf3422a-ea88-41d6-a6fb-b0539532910d","local_time":"20210104153338","is_ascension_mode":true,"campfire_choices":[{"data":"Loop","floor":6,"key":"SMITH"},{"data":"BasicCrystalCard","floor":8,"key":"SMITH"},{"data":"ReplayTheSpireMod:Dual Polarity","floor":15,"key":"SMITH"}],"circlet_count":0,"master_deck":["Strike_B","Strike_B","Strike_B","Strike_B","Defend_B","Defend_B","Defend_B","Defend_B","Zap","Dualcast+1","Fusion+1","Loop+1","BasicCrystalCard+1","ReplayTheSpireMod:Dual Polarity+1"],"relics":["Cracked Core","NeowsBlessing","Garlic","Anchor","Replay:Mystery Machine","Incense Burner","Akabeko"],"acts_visited":["Exordium"],"potions_floor_usage":[14,16,16],"damage_taken":[{"damage":0,"enemies":"2 Louse","floor":1,"turns":1},{"damage":0,"enemies":"Jaw Worm","floor":4,"turns":1},{"damage":0,"enemies":"Cultist","floor":5,"turns":1},{"damage":25,"enemies":"Lagavulin","floor":7,"turns":7},{"damage":12,"enemies":"Replay:BlueRogue","floor":11,"turns":7},{"damage":2,"enemies":"2 Fungi Beasts","floor":12,"turns":3},{"damage":17,"enemies":"3 Sentries","floor":13,"turns":5},{"damage":8,"enemies":"Exordium Thugs","floor":14,"turns":4},{"damage":22,"enemies":"Slime Boss","floor":16,"turns":9}],"seed_played":"2283223093218815478","potions_obtained":[{"floor":1,"key":"CultistPotion"},{"floor":11,"key":"infinitespire:BlackPotion"},{"floor":12,"key":"AttackPotion"}],"is_trial":false,"path_per_floor":["M","?","T","M","M","R","E","R","T","?","E","M","E","M","R","B"],"character_chosen":"DEFECT","items_purchased":[],"campfire_rested":0,"item_purchase_floors":[],"current_hp_per_floor":[75,75,75,75,75,75,50,50,50,50,38,36,19,11,11,0,0],"gold":324,"neow_bonus":"THREE_ENEMY_KILL","is_daily":false,"chose_seed":false,"campfire_upgraded":3,"win_rate":0.0,"timestamp":1609767218,"path_taken":["M","?","?","M","?","R","E","R","T","?","E","M","E","?","R","BOSS"],"items_purchased_type":[],"build_version":"2020-12-22","purchased_purges":0,"victory":false,"max_hp_per_floor":[75,75,75,75,75,75,75,75,75,75,75,75,75,75,75,75,75],"card_choices":[{"not_picked":["Rebound","jedi:BurstFrost"],"picked":"Fusion","floor":1},{"not_picked":["Beam Cell","ReplayTheSpireMod:System Scan","jedi:BurstFrost"],"picked":"SKIP","floor":4},{"not_picked":["Beam Cell","ReplayTheSpireMod:Calculation Training"],"picked":"Loop","floor":5},{"not_picked":["Rebound","Ball Lightning"],"picked":"BasicCrystalCard","floor":7},{"not_picked":["Go for the Eyes","jedi:spotbugs"],"picked":"ReplayTheSpireMod:Dual Polarity","floor":11},{"not_picked":["Beam Cell","jedi:BurstLightning","jedi:BurstFrost"],"picked":"SKIP","floor":12},{"not_picked":["Coolheaded","jedi:spotbugs","Blizzard"],"picked":"SKIP","floor":13},{"not_picked":["Steam","hubris:Ukulele","Coolheaded"],"picked":"SKIP","floor":14}],"player_experience":199308,"relics_obtained":[{"floor":3,"key":"Garlic"},{"floor":7,"key":"Anchor"},{"floor":9,"key":"Replay:Mystery Machine"},{"floor":11,"key":"Incense Burner"},{"floor":13,"key":"Akabeko"}],"event_choices":[{"damage_healed":0,"gold_gain":0,"player_choice":"Grow","damage_taken":0,"max_hp_gain":0,"max_hp_loss":0,"event_name":"Living Wall","floor":2,"gold_loss":0,"cards_upgraded":["Fusion"]},{"damage_healed":0,"gold_gain":0,"player_choice":"Upgraded","damage_taken":0,"max_hp_gain":0,"max_hp_loss":0,"event_name":"Upgrade Shrine","floor":10,"gold_loss":0,"cards_upgraded":["Dualcast"]}],"is_beta":false,"boss_relics":[],"items_purged_floors":[],"is_endless":false,"potions_floor_spawned":[1,11,12,13],"killed_by":"Slime Boss","ascension_level":4}}