{"host":"rmsq46plbpwfbxcc","time":1609734281,"event":{"mods":["AchievementEnabler","BaseMod","Colored Map","Colored Powertips","DeckTracker","KOR Keyword Fix","Minty Spire (QoL Compilation)","Permanent Neow","Quick Restart","SuperFastMode"],"gold_per_floor":[114,131,131,131,131,131,131,35,35,61,61,77,95,107,107,209,209,223,223,234,5,16,16,50,60,128,156,156,169,169,180,180,277,277,291,291,301,49,60,60,95,95,145,145,145,145,65,99,99,99],"floor_reached":51,"playtime":1718,"items_purged":["Strike_G","Defend_G"],"score":973,"play_id":"eebed63d-e03b-410b-87f5-1efe14bef528","local_time":"20210104132441","is_ascension_mode":true,"campfire_choices":[{"data":"Choke","floor":6.0,"key":"SMITH"},{"data":"Trip","floor":11.0,"key":"SMITH"},{"data":"Bullet Time","floor":15.0,"key":"SMITH"},{"data":"Die Die Die","floor":23.0,"key":"SMITH"},{"floor":28,"key":"REST"},{"data":"Blur","floor":32,"key":"SMITH"},{"data":"Burst","floor":40,"key":"SMITH"},{"data":"Finisher","floor":45,"key":"SMITH"},{"data":"Calculated Gamble","floor":49,"key":"SMITH"}],"circlet_count":0,"master_deck":["Strike_G","Strike_G","Strike_G","Strike_G","Defend_G","Defend_G","Defend_G","Defend_G","Survivor+1","Neutralize+1","Choke+1","Trip+1","Bullet Time+1","Blur+1","Die Die Die+1","CurseOfTheBell","Cloak And Dagger+1","Backflip+1","A Thousand Cuts+1","Tools of the Trade+1","PiercingWail+1","Burst+1","Acrobatics+1","Cloak And Dagger+1","Finisher+1","Calculated Gamble+1"],"relics":["Black Star","Kunai","Blue Candle","StoneCalendar","Calling Bell","Omamori","StrikeDummy","Tough Bandages","FaceOfCleric","Bag of Preparation","Toy Ornithopter","Frozen Egg 2","Bottled Lightning","Thread and Needle","Vajra","WristBlade","Bag of Marbles","Girya","MealTicket","Akabeko","Ice Cream","Pen Nib"],"acts_visited":["Exordium","TheCity","TheBeyond"],"potions_floor_usage":[27,27,33,36,39,41,41,50,50],"damage_taken":[{"damage":7.0,"enemies":"Small Slimes","floor":1.0,"turns":4.0},{"damage":1.0,"enemies":"2 Louse","floor":2.0,"turns":3.0},{"damage":23.0,"enemies":"3 Sentries","floor":10.0,"turns":10.0},{"damage":0.0,"enemies":"Cultist","floor":12.0,"turns":3.0},{"damage":0.0,"enemies":"Lots of Slimes","floor":13.0,"turns":4.0},{"damage":0.0,"enemies":"Red Slaver","floor":14.0,"turns":3.0},{"damage":34.0,"enemies":"Hexaghost","floor":16.0,"turns":11.0},{"damage":13.0,"enemies":"Shell Parasite","floor":18.0,"turns":7.0},{"damage":16.0,"enemies":"Spheric Guardian","floor":20.0,"turns":5.0},{"damage":6.0,"enemies":"Cultist and Chosen","floor":22.0,"turns":4.0},{"damage":0.0,"enemies":"Slavers","floor":24.0,"turns":4.0},{"damage":6.0,"enemies":"Centurion and Healer","floor":25.0,"turns":5.0},{"damage":18,"enemies":"Book of Stabbing","floor":27,"turns":5},{"damage":11,"enemies":"Sentry and Sphere","floor":29,"turns":7},{"damage":0,"enemies":"3 Cultists","floor":31,"turns":3},{"damage":24,"enemies":"Champ","floor":33,"turns":12},{"damage":3,"enemies":"3 Shapes","floor":35,"turns":4},{"damage":11,"enemies":"3 Darklings","floor":37,"turns":6},{"damage":5,"enemies":"Sphere and 2 Shapes","floor":39,"turns":5},{"damage":27,"enemies":"Giant Head","floor":41,"turns":8},{"damage":24,"enemies":"Nemesis","floor":48,"turns":5},{"damage":19,"enemies":"Awakened One","floor":50,"turns":17}],"seed_played":"-3746766130964370731","potions_obtained":[{"floor":2.0,"key":"Energy Potion"},{"floor":12.0,"key":"CunningPotion"},{"floor":16.0,"key":"PowerPotion"},{"floor":18.0,"key":"LiquidBronze"},{"floor":24.0,"key":"SmokeBomb"},{"floor":29,"key":"PowerPotion"},{"floor":33,"key":"BlessingOfTheForge"},{"floor":35,"key":"Energy Potion"},{"floor":36,"key":"Fruit Juice"},{"floor":36,"key":"EntropicBrew"},{"floor":36,"key":"EssenceOfSteel"},{"floor":41,"key":"Explosive Potion"}],"is_trial":false,"path_per_floor":["M","M","?","$","?","R","?","$","T","E","R","M","M","M","R","B",null,"M","?","M","$","M","R","E","M","T","E","R","M","?","M","R","B",null,"M","?","M","$","M","R","E","?","T","?","R","?","$","E","R","B",null],"character_chosen":"THE_SILENT","items_purchased":["Trip","Bag of Preparation","Bag of Marbles","Calculated Gamble"],"campfire_rested":1,"item_purchase_floors":[8,21,38,47],"current_hp_per_floor":[63,62,67,67,67,67,67,67,67,44,44,44,44,44,44,10,59,46,46,31,31,26,26,27,22,22,15,39,29,29,30,30,12,65,63,73,63,63,64,64,48,71,71,71,71,71,86,63,63,55],"gold":99,"neow_bonus":"BOSS_RELIC","is_daily":false,"chose_seed":false,"campfire_upgraded":8,"win_rate":0.0,"timestamp":1609734281,"path_taken":["M","M","?","$","?","R","?","$","T","E","R","M","M","M","R","BOSS","M","?","?","?","M","R","E","M","T","E","R","?","?","M","R","BOSS","M","?","?","$","M","R","E","?","T","?","R","?","$","E","R","BOSS"],"items_purchased_type":["Card","Relic","Relic","Card"],"build_version":"2020-12-22","purchased_purges":2,"victory":true,"max_hp_per_floor":[70,70,75,75,75,75,75,75,75,75,75,75,75,75,75,75,75,75,75,76,76,77,77,78,79,79,80,80,81,81,82,82,83,83,84,89,90,90,91,91,92,92,92,92,92,92,92,93,93,94],"card_choices":[{"not_picked":["PiercingWail","Accuracy"],"picked":"Choke","floor":1.0},{"not_picked":["Acrobatics","Outmaneuver","Prepared"],"picked":"SKIP","floor":2.0},{"not_picked":["Riddle With Holes","Slice"],"picked":"Bullet Time","floor":10.0},{"not_picked":["Slice","Dagger Throw"],"picked":"Blur","floor":12.0},{"not_picked":["Backstab","Slice","Reflex"],"picked":"SKIP","floor":13.0},{"not_picked":["Acrobatics","Dodge and Roll","Bane"],"picked":"SKIP","floor":14.0},{"not_picked":["Doppelganger","A Thousand Cuts"],"picked":"Die Die Die","floor":16.0},{"not_picked":["Poisoned Stab+1","Riddle With Holes"],"picked":"Cloak And Dagger+1","floor":18.0},{"not_picked":["Backflip","Well Laid Plans","Cloak And Dagger"],"picked":"SKIP","floor":20.0},{"not_picked":["Flying Knee+1","Slice+1"],"picked":"Backflip+1","floor":22.0},{"not_picked":["Underhanded Strike+1","All Out Attack","Dagger Spray"],"picked":"SKIP","floor":24.0},{"not_picked":["Underhanded Strike+1","Setup"],"picked":"A Thousand Cuts+1","floor":25.0},{"not_picked":["Cloak And Dagger","All Out Attack"],"picked":"Tools of the Trade+1","floor":27},{"not_picked":["Skewer+1","Dagger Throw","Backstab"],"picked":"SKIP","floor":29},{"not_picked":["Dagger Spray","Choke"],"picked":"PiercingWail+1","floor":31},{"not_picked":["Night Terror","Malaise"],"picked":"Burst","floor":33},{"not_picked":["Reflex+1","Quick Slash"],"picked":"Acrobatics+1","floor":35},{"not_picked":["Flechettes","Underhanded Strike+1"],"picked":"Cloak And Dagger+1","floor":37},{"not_picked":["Outmaneuver","Leg Sweep","Bane+1"],"picked":"SKIP","floor":39},{"not_picked":["All Out Attack+1","Calculated Gamble"],"picked":"Finisher","floor":41},{"not_picked":["Dodge and Roll+1","Die Die Die","Outmaneuver"],"picked":"SKIP","floor":48}],"player_experience":643004,"relics_obtained":[{"floor":9.0,"key":"Kunai"},{"floor":10.0,"key":"Blue Candle"},{"floor":10.0,"key":"StoneCalendar"},{"floor":17.0,"key":"Omamori"},{"floor":17.0,"key":"StrikeDummy"},{"floor":17.0,"key":"Tough Bandages"},{"floor":24.0,"key":"Toy Ornithopter"},{"floor":24.0,"key":"Frozen Egg 2"},{"floor":26.0,"key":"Bottled Lightning"},{"floor":27,"key":"Thread and Needle"},{"floor":27,"key":"Vajra"},{"floor":41,"key":"Girya"},{"floor":41,"key":"MealTicket"},{"floor":43,"key":"Akabeko"},{"floor":48,"key":"Ice Cream"},{"floor":48,"key":"Pen Nib"}],"event_choices":[{"damage_healed":0.0,"max_hp_gain":5.0,"max_hp_loss":0.0,"gold_gain":0.0,"event_name":"Big Fish","player_choice":"Donut","floor":3.0,"gold_loss":0.0,"damage_taken":0.0},{"damage_healed":0.0,"max_hp_gain":0.0,"max_hp_loss":0.0,"gold_gain":0.0,"event_name":"Living Wall","player_choice":"Grow","floor":5.0,"gold_loss":0.0,"damage_taken":0.0,"cards_upgraded":["Neutralize"]},{"damage_healed":0.0,"max_hp_gain":0.0,"max_hp_loss":0.0,"gold_gain":0.0,"event_name":"The Woman in Blue","player_choice":"Bought 0 Potions","floor":7.0,"gold_loss":0.0,"damage_taken":0.0},{"damage_healed":0.0,"max_hp_gain":0.0,"max_hp_loss":0.0,"gold_gain":0.0,"event_name":"FaceTrader","player_choice":"Trade","floor":19.0,"gold_loss":0.0,"damage_taken":0.0,"relics_obtained":["FaceOfCleric"]},{"damage_healed":0,"gold_gain":0,"player_choice":"Ignored","damage_taken":0,"max_hp_gain":0,"max_hp_loss":0,"event_name":"Vampires","floor":30,"gold_loss":0},{"damage_healed":0,"gold_gain":0,"player_choice":"Got Potions","damage_taken":0,"max_hp_gain":0,"max_hp_loss":0,"event_name":"Lab","floor":36,"gold_loss":0},{"damage_healed":23,"gold_gain":0,"player_choice":"Writhe","damage_taken":0,"max_hp_gain":0,"max_hp_loss":0,"event_name":"Winding Halls","floor":42,"gold_loss":0,"cards_obtained":["Writhe"]},{"damage_healed":0,"gold_gain":0,"player_choice":"Ignored","damage_taken":0,"max_hp_gain":0,"max_hp_loss":0,"event_name":"Tomb of Lord Red Mask","floor":44,"gold_loss":0},{"damage_healed":0,"gold_gain":0,"player_choice":"Upgraded","damage_taken":0,"max_hp_gain":0,"max_hp_loss":0,"event_name":"Upgrade Shrine","floor":46,"gold_loss":0,"cards_upgraded":["Survivor"]}],"is_beta":false,"boss_relics":[{"not_picked":["Snecko Eye","Velvet Choker"],"picked":"Calling Bell"},{"not_picked":["Astrolabe","SacredBark"],"picked":"WristBlade"}],"items_purged_floors":[21,38],"is_endless":false,"potions_floor_spawned":[2,12,16,18,24,29,33,35,41],"ascension_level":5}}