{"host":"d2y4rmbezebiv8aj","time":1609753685,"event":{"mods":["AchievementEnabler","BaseMod","Bestiary","BetterRewards","Colored Map","Colored Powertips","Custom Start","DeckTracker","Highlight Path","Minty Spire (QoL Compilation)","Quick Restart","Rare Cards Sparkle","Relic Sorter","Relic Stats","Shop Mod","Slay-I","StSLib","SuperFastMode","Synergy Search"],"gold_per_floor":[119,119,129,139,149,177,177,177,177],"floor_reached":8,"playtime":477,"items_purged":[],"score":73,"play_id":"90e37602-04ba-476e-969c-2d2bab43ce6b","local_time":"20210104104805","is_ascension_mode":true,"campfire_choices":[{"floor":7,"key":"REST"}],"circlet_count":0,"master_deck":["Strike_G","Strike_G","Strike_G","Strike_G","Strike_G","Defend_G","Defend_G","Defend_G","Defend_G","Defend_G","Survivor","Neutralize","Cloak And Dagger","Blade Dance","Cloak And Dagger","Poisoned Stab","Backflip"],"relics":["Ring of the Snake","Snake Skull","Toy Ornithopter"],"acts_visited":["Exordium"],"potions_floor_usage":[8,8],"damage_taken":[{"damage":0,"enemies":"2 Louse","floor":1,"turns":5},{"damage":0,"enemies":"Cultist","floor":3,"turns":5},{"damage":0,"enemies":"Small Slimes","floor":4,"turns":2},{"damage":8,"enemies":"Exordium Thugs","floor":5,"turns":7},{"damage":29,"enemies":"Lagavulin","floor":6,"turns":9},{"damage":87,"enemies":"Gremlin Nob","floor":8,"turns":6}],"seed_played":"8392402407190661191","potions_obtained":[{"floor":3,"key":"Poison Potion"},{"floor":5,"key":"GamblersBrew"},{"floor":6,"key":"EssenceOfSteel"}],"is_trial":false,"path_per_floor":["M","?","M","M","M","E","R","E"],"character_chosen":"THE_SILENT","items_purchased":[],"campfire_rested":1,"item_purchase_floors":[],"current_hp_per_floor":[70,70,70,70,62,33,54,0,0],"gold":177,"neow_bonus":"RANDOM_COMMON_RELIC","is_daily":false,"chose_seed":false,"campfire_upgraded":0,"win_rate":0.0,"timestamp":1609753685,"path_taken":["M","?","M","?","M","E","R","E"],"items_purchased_type":[],"build_version":"2020-12-22","purchased_purges":0,"victory":false,"max_hp_per_floor":[70,70,70,70,70,70,70,70,70],"relic_stats":{"counters":[6,34],"Snake Skull":[5],"obtain_stats":[{"Snake Skull":0,"Toy Ornithopter":6,"Ring of the Snake":0},{"Snake Skull":0,"Toy Ornithopter":5,"Ring of the Snake":0},{"Snake Skull":0,"Toy Ornithopter":28,"Ring of the Snake":0}],"Toy Ornithopter":10,"Ring of the Snake":[12]},"card_choices":[{"not_picked":["Crippling Poison","Outmaneuver"],"picked":"Cloak And Dagger","floor":1},{"not_picked":["Calculated Gamble","Predator"],"picked":"Blade Dance","floor":3},{"not_picked":["PiercingWail","Acrobatics"],"picked":"Cloak And Dagger","floor":4},{"not_picked":["Blur","Distraction"],"picked":"Poisoned Stab","floor":5},{"not_picked":["Glass Knife","Eviscerate"],"picked":"Backflip","floor":6}],"player_experience":343158,"relics_obtained":[{"floor":6,"key":"Toy Ornithopter"}],"event_choices":[{"damage_healed":0,"gold_gain":0,"player_choice":"Bought 0 Potions","damage_taken":0,"max_hp_gain":0,"max_hp_loss":0,"event_name":"The Woman in Blue","floor":2,"gold_loss":0}],"is_beta":false,"boss_relics":[],"items_purged_floors":[],"is_endless":false,"potions_floor_spawned":[3,5,6],"killed_by":"Gremlin Nob","ascension_level":5}}