{"host":"gkp57zoegrd3f2ij","time":1609723358,"event":{"mods":["BaseMod","Colored Map","Colored Powertips","Downfall","Minty Spire (QoL Compilation)","StSLib"],"gold_per_floor":[116,116,12,22,38,63,63,93,175,129,139,139,64,79,79,79,79],"floor_reached":16,"playtime":633,"items_purged":["Strike_R"],"score":127,"play_id":"69023238-2a9e-4f1a-a313-e9a8bde6fb22","local_time":"20210104022238","is_ascension_mode":true,"campfire_choices":[{"data":"Whirlwind","floor":7,"key":"SMITH"},{"data":"Barricade","floor":12,"key":"SMITH"},{"floor":15,"key":"REST"}],"circlet_count":0,"master_deck":["Strike_R","Strike_R","Strike_R","Strike_R","Defend_R","Defend_R","Defend_R","Defend_R","Bash","Rampage","Whirlwind+1","Carnage","Armaments","Shrug It Off","Barricade+1","Infernal Blade"],"relics":["Burning Blood","NeowsBlessing","Champion Belt","Toy Ornithopter","Shuriken"],"acts_visited":["Exordium"],"potions_floor_usage":[6,6,6,11,16],"damage_taken":[{"damage":0,"enemies":"Cultist","floor":1,"turns":1},{"damage":0,"enemies":"2 Louse","floor":4,"turns":1},{"damage":0,"enemies":"Small Slimes","floor":5,"turns":1},{"damage":22,"enemies":"Lagavulin","floor":6,"turns":6},{"damage":19,"enemies":"3 Sentries","floor":8,"turns":7},{"damage":4,"enemies":"2 Fungi Beasts","floor":11,"turns":3},{"damage":16,"enemies":"Exordium Thugs","floor":14,"turns":5},{"damage":83,"enemies":"Hexaghost","floor":16,"turns":14}],"seed_played":"3337054671741745734","potions_obtained":[{"floor":1,"key":"Guardian:BlockOnCardUsePotion"},{"floor":2,"key":"BlessingOfTheForge"},{"floor":2,"key":"AttackPotion"},{"floor":5,"key":"Fire Potion"},{"floor":8,"key":"Energy Potion"},{"floor":14,"key":"EssenceOfSteel"}],"is_trial":false,"path_per_floor":["M","?","$","M","M","E","R","E","T","?","M","R","$","M","R","B"],"character_chosen":"IRONCLAD","items_purchased":["Whirlwind","Carnage"],"campfire_rested":1,"item_purchase_floors":[3,3],"current_hp_per_floor":[80,80,80,80,80,64,64,51,51,51,58,58,58,48,72,0,0],"gold":79,"neow_bonus":"THREE_ENEMY_KILL","is_daily":false,"chose_seed":false,"campfire_upgraded":2,"win_rate":0.0,"timestamp":1609723358,"path_taken":["M","?","$","M","?","E","R","E","T","?","M","R","$","M","R","BOSS"],"items_purchased_type":["Card","Card"],"build_version":"2020-12-22","purchased_purges":1,"victory":false,"max_hp_per_floor":[80,80,80,80,80,80,80,80,80,80,80,80,80,80,80,80,80],"card_choices":[{"not_picked":["Reckless Charge","Fire Breathing"],"picked":"Rampage","floor":1},{"not_picked":["Iron Wave","Reckless Charge","Sword Boomerang"],"picked":"SKIP","floor":4},{"not_picked":["Fire Breathing","Dark Embrace"],"picked":"Armaments","floor":5},{"not_picked":["Disarm","Dropkick"],"picked":"Shrug It Off","floor":6},{"not_picked":["Body Slam","Warcry"],"picked":"Barricade","floor":8},{"not_picked":["Dual Wield","Wild Strike","Metallicize"],"picked":"SKIP","floor":11},{"not_picked":["Havoc","Whirlwind"],"picked":"Infernal Blade","floor":14}],"player_experience":233663,"relics_obtained":[{"floor":6,"key":"Champion Belt"},{"floor":8,"key":"Toy Ornithopter"},{"floor":9,"key":"Shuriken"}],"event_choices":[{"damage_healed":0,"gold_gain":0,"player_choice":"Got Potions","damage_taken":0,"max_hp_gain":0,"max_hp_loss":0,"event_name":"Lab","floor":2,"gold_loss":0},{"damage_healed":0,"gold_gain":0,"player_choice":"Left Gold","damage_taken":0,"max_hp_gain":0,"max_hp_loss":0,"event_name":"World of Goop","floor":10,"gold_loss":46}],"is_beta":false,"boss_relics":[],"items_purged_floors":[13],"is_endless":false,"potions_floor_spawned":[1,5,8,14],"killed_by":"Hexaghost","ascension_level":3}}