{"host":"appz8zkad29u9482","time":1609749492,"event":{"mods":["2.2 Compatiblity","Act Like it!","Aspiration","BaseMod","Beaked The Cultist","Better Altar","Better Match","Better Note","Better Skull","Better Third Choice","BetterRewards","CapriCore","Conspire","Disable Question Mark Monsters","Energized Spire","Gensokyo","GifTheSpireLib","Gold Saver","Halation","Hermit","Hubris","Infinite Spire","Jedi Mod","Jorbs\u0027s Wanderer Trilogy","Koishi","Marisa????????","Minty Spire (QoL Compilation)","Permanent Neow","Reimu??????","Replay The Spire","Spicy Shops","StSLib","Strawberry Spire","Stuff the Spire","The Administrix","The Cursed","The Hierophant","The Immortal","The Marked","The Servant 0.9.4","yUi"],"gold_per_floor":[116,131,131,131,131,162,162,162,162,162,182,36,41,51,51,150,150,160,170,170,170,185,185,197,257,309,309,113,113,129,139,139,237,237,248,241,253,253,203,230,257,252,303,313,334,405,405,415,415,425,425,425,58,58,58],"floor_reached":54,"playtime":3137,"items_purged":[],"score":853,"play_id":"4be11abc-a988-4294-8619-e57d55fbc8d6","local_time":"20210103223812","is_ascension_mode":false,"campfire_choices":[{"data":"hierophant:TollTheBells","floor":7,"key":"SMITH"},{"data":"hierophant:ChurchCoffers","floor":10,"key":"SMITH"},{"data":"hierophant:PassingBell","floor":15,"key":"SMITH"},{"data":"hierophant:Anathema","floor":23,"key":"SMITH"},{"data":"hierophant:Exaltation","floor":27,"key":"SMITH"},{"floor":32,"key":"REST"},{"floor":49,"key":"RECALL"},{"data":"1","floor":52,"key":"LIFT"}],"circlet_count":0,"master_deck":["hierophant:Strike_Hierophant","hierophant:Strike_Hierophant","hierophant:Strike_Hierophant","hierophant:Punish","hierophant:Defend_Hierophant","hierophant:Defend_Hierophant","hierophant:Defend_Hierophant","hierophant:Defend_Hierophant","hierophant:ChurchCoffers+1","hierophant:SealAway","hierophant:TollTheBells+1","hierophant:HolyVerse","Pain","hierophant:PassingBell+1","hierophant:HolyVerse","hierophant:Anathema+1","hierophant:HolyVerse+1","hierophant:HolyVerse","theMarked:Levitate+1","hierophant:Exaltation+1","hierophant:FaithHealing","hierophant:Smite","hierophant:Determination","hierophant:Prophecy+1","hierophant:SealAway+1","conspire:SpireCoStock","hierophant:HolyVerse+1","hierophant:PassingBell","hierophant:Zeal","hierophant:Glossolalia","Writhe","hierophant:TollTheBells"],"relics":["hierophant:PropheticMaskRelic","NeowsBlessing","ReplayTheSpireMod:Ring of Collecting","Ring of Misfortune","halation:EternalFortune","hubris:Metronome","WarpedTongs","ReplayTheSpireMod:Ring of Challenge","conspire:BottledYoYo","jedi:gremlinknob","conspire:SeveredTorchhead","Ring of Searing","aspiration:EmptySkull","Replay:Wax Seal","Tiny Chest","Ring of Fury","StuffTheSpire:Experiment12","Replay:Bronze Core","hubris:Icosahedron","MealTicket","Ring of Peace","RuthlessExorcism:ReiMu","Ring of Fangs","Girya","halation:Jellyphish","Cursed Key"],"acts_visited":["Exordium","TheCity","TheBeyond","TheEnding"],"potions_floor_usage":[14,16,25,25,33,45,46,50,54],"damage_taken":[{"damage":0,"enemies":"2 Louse","floor":1,"turns":1},{"damage":0,"enemies":"Jaw Worm","floor":2,"turns":1},{"damage":6,"enemies":"strawberrySpire:EnergyPylons","floor":6,"turns":1},{"damage":3,"enemies":"Cultist","floor":11,"turns":3},{"damage":3,"enemies":"conspire:2 RoseBushes","floor":13,"turns":3},{"damage":2,"enemies":"Gremlin Gang","floor":14,"turns":2},{"damage":44,"enemies":"Hexaghost","floor":16,"turns":9},{"damage":0,"enemies":"Spheric Guardian","floor":18,"turns":2},{"damage":0,"enemies":"Chosen","floor":19,"turns":3},{"damage":0,"enemies":"Centurion and Healer","floor":22,"turns":3},{"damage":21,"enemies":"Snake Plant","floor":24,"turns":2},{"damage":6,"enemies":"3 Cultists","floor":25,"turns":3},{"damage":5,"enemies":"Cultist and Chosen","floor":30,"turns":3},{"damage":13,"enemies":"Centurion and Healer","floor":31,"turns":3},{"damage":25,"enemies":"Champ","floor":33,"turns":5},{"damage":0,"enemies":"3 Darklings","floor":35,"turns":1},{"damage":8,"enemies":"Orb Walker","floor":36,"turns":2},{"damage":13,"enemies":"Writhing Mass","floor":37,"turns":2},{"damage":1,"enemies":"Reptomancer","floor":40,"turns":2},{"damage":6,"enemies":"Maw","floor":42,"turns":4},{"damage":5,"enemies":"Jaw Worm Horde","floor":44,"turns":2},{"damage":13,"enemies":"Transient","floor":45,"turns":5},{"damage":5,"enemies":"Giant Head","floor":46,"turns":4},{"damage":50,"enemies":"Spire Growth","floor":48,"turns":5},{"damage":36,"enemies":"infinitespire:MassOfShapes","floor":50,"turns":5},{"damage":83,"enemies":"Shield and Spear","floor":54,"turns":3}],"seed_played":"-741429775855379358","potions_obtained":[{"floor":6,"key":"ColorlessPotion"},{"floor":13,"key":"LiquidMemories"},{"floor":16,"key":"Swift Potion"},{"floor":19,"key":"LiquidMemories"},{"floor":24,"key":"Block Potion"},{"floor":33,"key":"Elixir"},{"floor":36,"key":"Languid Potion"},{"floor":37,"key":"FearPotion"},{"floor":44,"key":"PowerPotion"}],"is_trial":false,"path_per_floor":["M","M","?","?","?","E","R","?","T","R","M","$","M","M","R","B",null,"M","M","?","?","M","R","M","M","T","R","$","T","M","M","R","B",null,"M","M","M","?","?","E","T","M","T","M","M","E","?","M","R","B",null,"R","$","E"],"character_chosen":"HIEROPHANT","items_purchased":["jedi:gremlinknob","Replay:Wax Seal","Tiny Chest","PowerPotion","SkillPotion","Adrenaline Potion","hierophant:TollTheBells","halation:Jellyphish"],"campfire_rested":1,"item_purchase_floors":[12,28,28,53,53,53,53,53],"current_hp_per_floor":[75,75,75,75,78,72,72,72,72,72,69,69,66,64,64,20,78,78,78,78,78,78,78,57,51,51,51,51,51,46,33,56,31,78,78,70,57,57,57,78,78,78,78,76,63,58,78,38,38,43,81,81,81,0,0],"gold":58,"neow_bonus":"THREE_ENEMY_KILL","is_daily":false,"chose_seed":false,"campfire_upgraded":5,"win_rate":0.0,"timestamp":1609749492,"path_taken":["M","M","?","?","?","E","R","?","T","R","?","$","M","M","R","BOSS","M","?","?","?","M","R","M","?","T","R","?","?","M","M","R","BOSS","M","M","M","?","?","E","?","M","T","M","?","E","?","M","R","BOSS","R","$","E"],"items_purchased_type":["Relic","Relic","Relic","Potion","Potion","Potion","Card","Relic"],"build_version":"2020-12-22","purchased_purges":0,"victory":false,"max_hp_per_floor":[75,75,75,75,78,78,78,78,78,78,78,78,78,78,78,78,78,78,78,78,78,78,78,78,78,78,78,78,78,78,78,78,78,78,78,78,78,78,78,78,78,78,78,81,81,81,81,81,81,81,81,81,81,81,81],"card_choices":[{"not_picked":["hierophant:Zeal","hierophant:Exaltation"],"picked":"hierophant:SealAway","floor":1},{"not_picked":["hierophant:DisplayOfPower","hierophant:OrnateBuckler"],"picked":"hierophant:TollTheBells","floor":2},{"not_picked":["hierophant:Doomsaying","hierophant:Martyrdom"],"picked":"hierophant:HolyVerse","floor":6},{"not_picked":["hierophant:Mercenaries","hierophant:FlamingChariot"],"picked":"hierophant:PassingBell","floor":11},{"not_picked":["hierophant:Bribe","hierophant:Doubloon"],"picked":"hierophant:HolyVerse","floor":13},{"not_picked":["hierophant:Refuge","hierophant:Purify","hierophant:Bribe"],"picked":"SKIP","floor":14},{"not_picked":["hierophant:Kindle","hierophant:Levitation"],"picked":"hierophant:Anathema","floor":16},{"not_picked":["hierophant:HammerAndAnvil","hierophant:DisplayOfPower+1"],"picked":"hierophant:HolyVerse+1","floor":18},{"not_picked":["hierophant:RustyCrate","hierophant:FlamingChariot"],"picked":"hierophant:HolyVerse","floor":19},{"not_picked":["hierophant:Purify+1","hierophant:Blessing"],"picked":"hierophant:Exaltation","floor":22},{"not_picked":["hierophant:HolyVerse","hierophant:MorningPrayer"],"picked":"hierophant:FaithHealing","floor":24},{"not_picked":["hierophant:Remorse","hierophant:RustyCrate","hierophant:DisplayOfPower"],"picked":"SKIP","floor":25},{"not_picked":["hierophant:Shelter","hierophant:Remorse","hierophant:HammerAndAnvil"],"picked":"SKIP","floor":30},{"not_picked":["hierophant:AuricBeam","hierophant:Shelter"],"picked":"hierophant:Smite","floor":31},{"not_picked":["hierophant:Anathema","hierophant:Generosity"],"picked":"hierophant:Determination","floor":33},{"not_picked":["hierophant:Blessing+1","hierophant:Remorse"],"picked":"hierophant:Prophecy+1","floor":35},{"not_picked":["hierophant:Embezzle","hierophant:Sermon"],"picked":"hierophant:SealAway+1","floor":36},{"not_picked":["hierophant:ConvertCurrency+1","hierophant:HammerAndAnvil+1","hierophant:Bribe+1"],"picked":"SKIP","floor":37},{"not_picked":["hierophant:Glossolalia","hierophant:OrnateJavelin"],"picked":"hierophant:HolyVerse+1","floor":40},{"not_picked":["hierophant:HammerAndAnvil+1","hierophant:Prophecy","hierophant:Blessing"],"picked":"SKIP","floor":42},{"not_picked":["hierophant:Blessing","hierophant:FlamingChariot+1"],"picked":"hierophant:PassingBell","floor":44},{"not_picked":["hierophant:Doubloon","hierophant:FlamingChariot"],"picked":"hierophant:Zeal","floor":45},{"not_picked":["hierophant:Embezzle","hierophant:RecallFunds"],"picked":"hierophant:Glossolalia","floor":46},{"not_picked":["hierophant:RepressedViolence","hierophant:Doubloon+1","hierophant:DisplayOfPower"],"picked":"SKIP","floor":48}],"player_experience":433571,"relics_obtained":[{"floor":3,"key":"ReplayTheSpireMod:Ring of Collecting"},{"floor":3,"key":"Ring of Misfortune"},{"floor":6,"key":"hubris:Metronome"},{"floor":9,"key":"ReplayTheSpireMod:Ring of Challenge"},{"floor":9,"key":"conspire:BottledYoYo"},{"floor":26,"key":"Ring of Searing"},{"floor":26,"key":"aspiration:EmptySkull"},{"floor":29,"key":"Ring of Fury"},{"floor":29,"key":"StuffTheSpire:Experiment12"},{"floor":40,"key":"MealTicket"},{"floor":41,"key":"Ring of Peace"},{"floor":41,"key":"RuthlessExorcism:ReiMu"},{"floor":43,"key":"Ring of Fangs"},{"floor":44,"key":"halation:EternalFortune"},{"floor":46,"key":"Girya"}],"event_choices":[{"cards_removed":["Voices"],"damage_healed":0,"gold_gain":0,"player_choice":"Removed Curses","damage_taken":0,"max_hp_gain":0,"max_hp_loss":0,"event_name":"Fountain of Cleansing","floor":4,"gold_loss":0},{"damage_healed":0,"gold_gain":0,"player_choice":"Rummage","damage_taken":0,"relics_obtained":["WarpedTongs"],"max_hp_gain":0,"max_hp_loss":0,"event_name":"Accursed Blacksmith","floor":8,"gold_loss":0,"cards_obtained":["Pain"]},{"cards_removed":["hierophant:Strike_Hierophant"],"damage_healed":0,"gold_gain":0,"player_choice":"Card Removal","damage_taken":0,"max_hp_gain":0,"max_hp_loss":0,"event_name":"Wheel of Change","floor":20,"gold_loss":0},{"cards_removed":["hierophant:TollTheBells"],"damage_healed":0,"gold_gain":0,"player_choice":"Take \u0026 Give","damage_taken":0,"max_hp_gain":0,"max_hp_loss":0,"event_name":"betterNote:BetterNote","floor":21,"gold_loss":0,"cards_obtained":["theMarked:Levitate"]},{"damage_healed":0,"gold_gain":0,"player_choice":"Invest 1","damage_taken":0,"max_hp_gain":0,"max_hp_loss":0,"event_name":"conspire:Investor","floor":39,"gold_loss":0},{"damage_healed":20,"gold_gain":0,"player_choice":"Writhe","damage_taken":0,"max_hp_gain":0,"max_hp_loss":0,"event_name":"Winding Halls","floor":47,"gold_loss":0,"cards_obtained":["Writhe"]}],"is_beta":false,"boss_relics":[{"not_picked":["strawberrySpire:RottenAvocado","hubris:ScarierMask"],"picked":"conspire:SeveredTorchhead"},{"not_picked":["energizedSpire:MagnifyingGlass","SlaversCollar"],"picked":"Replay:Bronze Core"}],"items_purged_floors":[],"is_endless":false,"potions_floor_spawned":[6,13,16,19,24,33,36,37,44],"killed_by":"Shield and Spear","ascension_level":0}}