{"host":"p7j7o00jacnw7qzt","time":1609730114,"event":{"mods":["BaseMod","Colored Map","Colored Powertips","DeckTracker","Highlight Path","Minty Spire (QoL Compilation)","Relic Stats"],"gold_per_floor":[113,38,38,113,113,152,52,93,119,133,176,176,176,176,176,176,176],"floor_reached":16,"playtime":340,"items_purged":["Strike_R","Strike_R"],"score":328,"play_id":"ee0ddcaf-4421-4a1d-999a-c3ecd52b438c","local_time":"20210103221514","is_ascension_mode":true,"campfire_choices":[{"data":"Dark Embrace","floor":13,"key":"SMITH"},{"floor":15,"key":"REST"}],"circlet_count":0,"master_deck":["AscendersBane","Strike_R+1","Strike_R+1","Strike_R","Defend_R","Defend_R","Defend_R","Defend_R","Bash+1","Carnage+1","Dark Embrace+1"],"relics":["Burning Blood","NeowsBlessing","Golden Idol","Pocketwatch","Potion Belt","Whetstone","MealTicket","HornCleat"],"acts_visited":["Exordium"],"potions_floor_usage":[16],"damage_taken":[{"damage":0,"enemies":"Jaw Worm","floor":1,"turns":1},{"damage":0,"enemies":"3 Sentries","floor":6,"turns":2},{"damage":0,"enemies":"Gremlin Nob","floor":8,"turns":1},{"damage":7,"enemies":"Small Slimes","floor":10,"turns":5},{"damage":25,"enemies":"3 Sentries","floor":11,"turns":6},{"damage":0,"enemies":"Hexaghost","floor":16,"turns":2}],"seed_played":"-8632699142842108362","potions_obtained":[{"floor":10,"key":"BlessingOfTheForge"},{"floor":11,"key":"Energy Potion"}],"is_trial":false,"path_per_floor":["M","$","?","?","?","E","$","E","T","M","E","?","R","T","R","B"],"character_chosen":"IRONCLAD","items_purchased":[],"campfire_rested":1,"item_purchase_floors":[],"current_hp_per_floor":[74,74,51,40,40,46,46,52,52,51,32,6,6,6,26,26,26],"gold":176,"neow_bonus":"THREE_ENEMY_KILL","is_daily":false,"chose_seed":false,"campfire_upgraded":1,"win_rate":0.0,"timestamp":1609730114,"path_taken":["M","$","?","?","?","E","$","E","T","M","E","?","R","?","R","BOSS"],"items_purchased_type":[],"build_version":"2020-12-22","purchased_purges":2,"victory":false,"max_hp_per_floor":[75,75,75,75,68,68,68,68,68,68,68,68,68,68,68,68,68],"relic_stats":{"counters":[6,17],"Golden Idol":28,"MealTicket":0,"Whetstone":["Strike_R","Carnage"],"obtain_stats":[{"Potion Belt":8,"HornCleat":14,"NeowsBlessing":0,"Golden Idol":5,"MealTicket":12,"Whetstone":11,"Burning Blood":0,"Pocketwatch":6},{"Potion Belt":3,"HornCleat":5,"NeowsBlessing":0,"Golden Idol":1,"MealTicket":5,"Whetstone":5,"Burning Blood":0,"Pocketwatch":2},{"Potion Belt":4,"HornCleat":15,"NeowsBlessing":0,"Golden Idol":1,"MealTicket":15,"Whetstone":15,"Burning Blood":0,"Pocketwatch":3}],"Burning Blood":30,"Pocketwatch":[30]},"card_choices":[{"not_picked":["True Grit","Iron Wave","Twin Strike"],"picked":"SKIP","floor":1},{"not_picked":["Clash","Uppercut","Brutality"],"picked":"SKIP","floor":6},{"not_picked":["Feel No Pain","Spot Weakness"],"picked":"Carnage","floor":8},{"not_picked":["Thunderclap","Flex","Body Slam"],"picked":"SKIP","floor":10},{"not_picked":["Infernal Blade","Heavy Blade"],"picked":"Dark Embrace","floor":11}],"player_experience":985581,"relics_obtained":[{"floor":6,"key":"Pocketwatch"},{"floor":8,"key":"Potion Belt"},{"floor":11,"key":"Whetstone"},{"floor":14,"key":"HornCleat"}],"event_choices":[{"damage_healed":0,"gold_gain":0,"player_choice":"Entered Light","damage_taken":23,"max_hp_gain":0,"max_hp_loss":0,"event_name":"Shining Light","floor":3,"gold_loss":0,"cards_upgraded":["Strike_R","Bash"]},{"damage_healed":0,"gold_gain":75,"player_choice":"Gather Gold","damage_taken":11,"max_hp_gain":0,"max_hp_loss":0,"event_name":"World of Goop","floor":4,"gold_loss":0},{"damage_healed":0,"gold_gain":0,"player_choice":"Lose Max HP","damage_taken":0,"relics_obtained":["Golden Idol"],"max_hp_gain":0,"max_hp_loss":7,"event_name":"Golden Idol","floor":5,"gold_loss":0},{"damage_healed":0,"gold_gain":0,"player_choice":"Success","damage_taken":26,"relics_obtained":["MealTicket"],"max_hp_gain":0,"max_hp_loss":0,"event_name":"Scrap Ooze","floor":12,"gold_loss":0}],"is_beta":false,"boss_relics":[],"items_purged_floors":[2,7],"is_endless":false,"potions_floor_spawned":[10,11],"killed_by":"Hexaghost","ascension_level":20}}