{"host":"xurz8oye0j2lsa2k","time":1609726772,"event":{"mods":["AchievementEnabler","BaseMod","Colored Map","Hubris","Marisa????????","Minty Spire (QoL Compilation)","Permanent Neow","Replay The Spire","StSLib"],"gold_per_floor":[113,44,90,106,106,134,134,134,206,218,218,218,218,228,228,323,323,343,357,357,206,556,600,632,644,656,387,397,411,411,411,411],"floor_reached":31,"playtime":990,"items_purged":["Strike_MRS+1","Decay"],"score":353,"play_id":"3a9af0fd-47e9-456e-951f-ae8e3a3297a7","local_time":"20210103211932","is_ascension_mode":false,"campfire_choices":[{"data":"PropBag","floor":7,"key":"SMITH"},{"data":"MasterSpark","floor":12,"key":"SMITH"},{"floor":15,"key":"REST"},{"floor":25,"key":"REST"}],"circlet_count":0,"master_deck":["Strike_MRS+1","Strike_MRS+1","Strike_MRS+1","Defend_MRS+1","Defend_MRS+1","Defend_MRS+1","Defend_MRS+1","MasterSpark+1","UpSweep","RefractionSpark","SporeBomb","MysteriousBeam","PropBag+1","Singularity","DoubleSpark","SuperNova","PowerUp","DC","Singularity","Amnesia","Languid","Decay","PropBag+1","GalacticHalo","PropBag+1","SprinkleStarSeal","ShootTheMoon+1"],"relics":["MiniHakkero","NeowsBlessing","Question Card","hubris:Icosahedron","Boot","hubris:DeckOfHolding","Membership Card","Replay:Baseball","Replay:Mystery Machine","Pen Nib","Unceasing Top","Ring of Chaos","Akabeko","Ring of Greed","Ring of Panic","MawBank","Old Coin","Regal Pillow","Replay:PocketPolymizer","Molten Egg 2","DollysMirror","AmplifyWand","Gremlin Horn"],"acts_visited":["Exordium","TheCity"],"potions_floor_usage":[14,16,23,23,24,28,31],"damage_taken":[{"damage":0,"enemies":"Cultist","floor":1,"turns":1},{"damage":0,"enemies":"Small Slimes","floor":4,"turns":1},{"damage":0,"enemies":"Lagavulin","floor":6,"turns":1},{"damage":8,"enemies":"Jaw Worm","floor":10,"turns":3},{"damage":4,"enemies":"3 Louse","floor":14,"turns":2},{"damage":0,"enemies":"Slime Boss","floor":16,"turns":2},{"damage":22,"enemies":"Shell Parasite","floor":18,"turns":4},{"damage":0,"enemies":"Spheric Guardian","floor":19,"turns":3},{"damage":51,"enemies":"Slavers","floor":23,"turns":5},{"damage":6,"enemies":"Snecko","floor":24,"turns":3},{"damage":29,"enemies":"Shelled Parasite and Fungi","floor":28,"turns":5},{"damage":21,"enemies":"Chosen and Byrds","floor":29,"turns":4},{"damage":15,"enemies":"Snecko","floor":31,"turns":2}],"seed_played":"4211934563901249856","potions_obtained":[{"floor":4,"key":"BottledSpark"},{"floor":10,"key":"CultistPotion"},{"floor":14,"key":"SneckoOil"},{"floor":18,"key":"Energy Potion"},{"floor":23,"key":"PowerPotion"},{"floor":24,"key":"Reflective Coating"},{"floor":28,"key":"BlessingOfTheForge"}],"is_trial":false,"path_per_floor":["M","$","?","M","?","E","R","$","T","M","?","R","$","M","R","B",null,"M","M","?","$","?","E","M","R","T","$","M","M","?","M"],"character_chosen":"MARISA","items_purchased":["RefractionSpark","Membership Card","Replay:Baseball","Replay:Mystery Machine","Pen Nib","Unceasing Top","FairyPotion","Akabeko","Singularity","Molten Egg 2","DollysMirror","SprinkleStarSeal"],"campfire_rested":2,"item_purchase_floors":[2,13,13,13,13,13,13,21,21,27,27,27],"current_hp_per_floor":[75,75,75,75,75,75,75,75,75,67,75,75,9,5,27,27,75,53,53,53,53,53,2,22,59,59,59,46,25,11,0,0],"gold":411,"neow_bonus":"THREE_ENEMY_KILL","is_daily":false,"chose_seed":false,"campfire_upgraded":2,"win_rate":0.0,"timestamp":1609726772,"path_taken":["M","?","?","M","?","E","R","$","T","?","?","R","?","M","R","BOSS","M","?","?","$","?","E","M","R","T","?","?","M","?","M"],"items_purchased_type":["Card","Relic","Relic","Relic","Relic","Relic","Potion","Relic","Card","Relic","Relic","Card"],"build_version":"2020-12-22","purchased_purges":2,"victory":false,"max_hp_per_floor":[75,75,75,75,75,75,75,75,75,75,75,75,75,75,75,75,75,75,75,75,75,75,75,75,75,75,75,75,75,80,80,80],"card_choices":[{"not_picked":["GrandCross","MagicAbsorber","OpenUniverse"],"picked":"SKIP","floor":1},{"not_picked":["WitchLeyline","AsteroidBelt"],"picked":"SporeBomb","floor":3},{"not_picked":["DarkMatter","OpenUniverse"],"picked":"MysteriousBeam","floor":3},{"not_picked":["GravityBeat","GrandCross","GalacticHalo"],"picked":"PropBag","floor":4},{"not_picked":["WitchLeyline","6A","Acceleration"],"picked":"DeepEcoloBomb","floor":6},{"not_picked":["DarkSpark","Robbery","6A"],"picked":"Singularity","floor":10},{"not_picked":["SuperPerseids","WitchOfGreed","ShootingEcho"],"picked":"DoubleSpark","floor":14},{"not_picked":["BigCrunch","ManaRampage","SatelliteIllusion"],"picked":"SuperNova","floor":16},{"not_picked":["WitchOfGreed","AlicesGift+1","MachineGunSpark"],"picked":"PowerUp","floor":18},{"not_picked":["MagicAbsorber+1","PowerUp","ShootingEcho+1"],"picked":"DC","floor":19},{"not_picked":["StarlightTyphoon","UnstableBomb+1","ChargeUpSpray"],"picked":"PropBag+1","floor":23},{"not_picked":["AsteroidBelt","NonDirectionalLaser","DC+1"],"picked":"GalacticHalo","floor":24},{"not_picked":["ManaConvection","EventHorizon+1","MilkyWay"],"picked":"ShootTheMoon+1","floor":28},{"not_picked":["6A+1","Acceleration+1","ChargingUp","DarkMatter"],"picked":"SKIP","floor":29}],"player_experience":493035,"relics_obtained":[{"floor":3,"key":"Question Card"},{"floor":6,"key":"Boot"},{"floor":9,"key":"hubris:DeckOfHolding"},{"floor":22,"key":"Ring of Greed"},{"floor":22,"key":"Ring of Panic"},{"floor":22,"key":"MawBank"},{"floor":22,"key":"Old Coin"},{"floor":23,"key":"Regal Pillow"},{"floor":26,"key":"Replay:PocketPolymizer"}],"event_choices":[{"cards_removed":["DeepEcoloBomb"],"damage_healed":8,"gold_gain":0,"player_choice":"Offered Uncommon","damage_taken":0,"max_hp_gain":0,"max_hp_loss":0,"event_name":"Bonfire Elementals","floor":11,"gold_loss":0},{"damage_healed":0,"gold_gain":0,"player_choice":"Simplicity","damage_taken":0,"max_hp_gain":0,"max_hp_loss":0,"event_name":"Back to Basics","floor":20,"gold_loss":0,"cards_upgraded":["Strike_MRS","Strike_MRS","Strike_MRS","Strike_MRS","Defend_MRS","Defend_MRS","Defend_MRS","Defend_MRS"]},{"damage_healed":0,"gold_gain":0,"player_choice":"Shed Blood","damage_taken":19,"max_hp_gain":5,"max_hp_loss":0,"event_name":"Forgotten Altar","floor":30,"gold_loss":0}],"is_beta":false,"boss_relics":[{"not_picked":["hubris:RunicObelisk","Runic Dome"],"picked":"Ring of Chaos"}],"items_purged_floors":[21,27],"is_endless":false,"potions_floor_spawned":[4,10,14,18,23,24,28],"killed_by":"Snecko","ascension_level":0}}