{"host":"27tk4xseidcli2mr","time":1609794943,"event":{"mods":["2.2 Compatiblity","AchievementEnabler","Aspiration","BaseMod","Better Third Choice","Conspire","Custom Start","Downfall","Hubris","Infinite Spire","Jorbs\u0027s Wanderer Trilogy","Minty Spire (QoL Compilation)","Replay The Spire","StSLib","SuperFastMode","[IsaacMod]????"],"gold_per_floor":[113,124,124,49,64,64,95,95,95,95,95,95,95],"floor_reached":12,"playtime":309,"items_purged":["Strike_B"],"score":152,"play_id":"1d4001bf-0b2e-4a1e-8213-fd4168217257","local_time":"20210104221543","is_ascension_mode":true,"campfire_choices":[{"data":"White Noise","floor":6,"key":"SMITH"},{"data":"Time Bomb","floor":8,"key":"SMITH"},{"data":"ReplayTheSpireMod:Dual Polarity","floor":11,"key":"SMITH"}],"circlet_count":0,"master_deck":["AscendersBane","Strike_B","Strike_B","Defend_B","Defend_B","Defend_B","Defend_B","Zap","Dualcast","White Noise+1","Time Bomb+1","Core Surge","ReplayTheSpireMod:Dual Polarity+1"],"relics":["Cracked Core","HushsDoor","PillsDrop","hubris:CrystalStatue","Replay:Ringing Soul","hubris:Towel"],"acts_visited":[],"potions_floor_usage":[7],"damage_taken":[{"damage":0,"enemies":"Small Slimes","floor":1,"turns":2},{"damage":0,"enemies":"Cultist","floor":2,"turns":4},{"damage":4,"enemies":"2 Louse","floor":5,"turns":4},{"damage":27,"enemies":"Gremlin Nob","floor":7,"turns":4},{"damage":44,"enemies":"3 Sentries","floor":12,"turns":8}],"seed_played":"-7558212393045728950","potions_obtained":[{"floor":5,"key":"ColorlessPotion"}],"is_trial":false,"path_per_floor":["M","M","?","$","M","R","E","R","T","?","R","E"],"character_chosen":"DEFECT","items_purchased":[],"campfire_rested":0,"item_purchase_floors":[],"current_hp_per_floor":[71,71,71,71,67,67,40,40,40,40,40,0,0],"gold":95,"neow_bonus":"TEN_PERCENT_HP_BONUS","is_daily":false,"chose_seed":false,"campfire_upgraded":3,"win_rate":0.0,"timestamp":1609794943,"path_taken":["M","M","?","$","M","R","E","R","T","?","R","E"],"items_purchased_type":[],"build_version":"2020-12-22","purchased_purges":1,"victory":false,"max_hp_per_floor":[78,78,78,78,78,78,78,78,78,78,78,78,78],"card_choices":[{"not_picked":["Heatsinks","Barrage"],"picked":"White Noise","floor":1},{"not_picked":["Distribution","Ball Lightning"],"picked":"Time Bomb","floor":2},{"not_picked":["Compile Driver","Hologram"],"picked":"Core Surge","floor":5},{"not_picked":["ReplayTheSpireMod:Repulse","Turbo"],"picked":"ReplayTheSpireMod:Dual Polarity","floor":7}],"player_experience":1272461,"relics_obtained":[{"floor":7,"key":"hubris:CrystalStatue"},{"floor":9,"key":"Replay:Ringing Soul"}],"event_choices":[{"cards_removed":["Strike_B"],"damage_healed":0,"gold_gain":0,"player_choice":"Purged","damage_taken":0,"max_hp_gain":0,"max_hp_loss":0,"event_name":"Purifier","floor":3,"gold_loss":0}],"is_beta":false,"boss_relics":[],"items_purged_floors":[4],"is_endless":false,"potions_floor_spawned":[5],"killed_by":"3 Sentries","ascension_level":20}}