{"host":"0ydzwspkajt4brzd","time":1609740999,"event":{"mods":["AchievementEnabler","BaseMod","Colored Map","DeckTracker","Googly Eyes","Highlight Path","Minty Spire (QoL Compilation)","Quick Restart","Random Character Button","Rare Cards Sparkle"],"gold_per_floor":[110,56,68,79,42,42,142,171,171,171,183,194,221,234,234,335,335,355,33,43,43,55,98,110,122,122],"floor_reached":25,"playtime":1715,"items_purged":[],"score":323,"play_id":"b91b261d-3ffc-457f-a15f-fdbf18fe63de","local_time":"20210103221639","is_ascension_mode":true,"campfire_choices":[{"data":"White Noise","floor":6,"key":"SMITH"},{"data":"Reinforced Body","floor":10,"key":"SMITH"},{"data":"Sunder","floor":15,"key":"SMITH"}],"circlet_count":0,"master_deck":["Strike_B","Strike_B","Strike_B","Defend_B","Defend_B","Defend_B","Defend_B","Zap","Dualcast","Beam Cell","Gash","White Noise+1","Reinforced Body+1","BootSequence","Stack","Chill","Conserve Battery","Stack","Sunder+1","Creative AI","Hologram","Apotheosis","Apotheosis","Undo","Double Energy"],"relics":["Cracked Core","NeowsBlessing","Bottled Flame","Pen Nib","Regal Pillow","Snecko Eye","DollysMirror","MawBank","MealTicket"],"acts_visited":["Exordium","TheCity"],"potions_floor_usage":[16,16,16,18,23,25],"damage_taken":[{"damage":0,"enemies":"Small Slimes","floor":1,"turns":1},{"damage":0,"enemies":"Cultist","floor":3,"turns":1},{"damage":0,"enemies":"2 Louse","floor":4,"turns":1},{"damage":25,"enemies":"Lagavulin","floor":8,"turns":9},{"damage":0,"enemies":"2 Fungi Beasts","floor":11,"turns":3},{"damage":10,"enemies":"Exordium Thugs","floor":12,"turns":7},{"damage":8,"enemies":"3 Sentries","floor":13,"turns":13},{"damage":5,"enemies":"Blue Slaver","floor":14,"turns":3},{"damage":0,"enemies":"Slime Boss","floor":16,"turns":7},{"damage":7,"enemies":"2 Thieves","floor":18,"turns":4},{"damage":12,"enemies":"Shell Parasite","floor":20,"turns":4},{"damage":45,"enemies":"Gremlin Leader","floor":23,"turns":6},{"damage":14,"enemies":"Slavers","floor":25,"turns":1}],"seed_played":"6278425094197943931","potions_obtained":[{"floor":4,"key":"PotionOfCapacity"},{"floor":11,"key":"GamblersBrew"},{"floor":13,"key":"Weak Potion"},{"floor":14,"key":"Energy Potion"},{"floor":16,"key":"FocusPotion"},{"floor":18,"key":"LiquidBronze"},{"floor":23,"key":"LiquidBronze"}],"is_trial":false,"path_per_floor":["M","$","M","M","$","R","?","E","T","R","M","M","E","M","R","B",null,"M","$","M","?","?","E","?","E"],"character_chosen":"DEFECT","items_purchased":["Gash","BootSequence","Apotheosis","DollysMirror"],"campfire_rested":0,"item_purchase_floors":[2,5,19,19],"current_hp_per_floor":[75,75,75,75,75,75,75,50,50,50,50,40,32,27,27,27,75,68,68,56,56,56,11,11,0,0],"gold":122,"neow_bonus":"THREE_ENEMY_KILL","is_daily":false,"chose_seed":false,"campfire_upgraded":3,"win_rate":0.0,"timestamp":1609740999,"path_taken":["M","$","M","M","$","R","?","E","T","R","M","M","E","?","R","BOSS","M","$","M","?","?","E","?","E"],"items_purchased_type":["Card","Card","Card","Relic"],"build_version":"2020-12-22","purchased_purges":0,"victory":false,"max_hp_per_floor":[75,75,75,75,75,75,75,75,75,75,75,75,75,75,75,75,75,75,75,75,75,75,75,75,75,75],"card_choices":[{"not_picked":["Double Energy","Chaos"],"picked":"Beam Cell","floor":1},{"not_picked":["Cold Snap","Chaos"],"picked":"White Noise","floor":3},{"not_picked":["Leap","Coolheaded"],"picked":"Reinforced Body","floor":4},{"not_picked":["Compile Driver","Capacitor"],"picked":"Stack","floor":8},{"not_picked":["Capacitor","Static Discharge"],"picked":"Chill","floor":11},{"not_picked":["Storm","Coolheaded"],"picked":"Conserve Battery","floor":12},{"not_picked":["BootSequence","Heatsinks"],"picked":"Stack","floor":13},{"not_picked":["Barrage","Go for the Eyes"],"picked":"Sunder","floor":14},{"not_picked":["Hyperbeam","Seek"],"picked":"Creative AI","floor":16},{"not_picked":["Reprogram+1","Glacier"],"picked":"Hologram","floor":18},{"not_picked":["Redo","Sweeping Beam"],"picked":"Undo","floor":20},{"not_picked":["Barrage","Leap"],"picked":"Double Energy","floor":23}],"player_experience":453839,"relics_obtained":[{"floor":8,"key":"Bottled Flame"},{"floor":9,"key":"Pen Nib"},{"floor":13,"key":"Regal Pillow"},{"floor":23,"key":"MealTicket"}],"event_choices":[{"damage_healed":0,"gold_gain":100,"player_choice":"Pray","damage_taken":0,"max_hp_gain":0,"max_hp_loss":0,"event_name":"Golden Shrine","floor":7,"gold_loss":0},{"damage_healed":0,"gold_gain":0,"player_choice":"Opened","damage_taken":0,"relics_obtained":["MawBank"],"max_hp_gain":0,"max_hp_loss":0,"event_name":"The Mausoleum","floor":21,"gold_loss":0},{"cards_removed":["Strike_B"],"damage_healed":0,"gold_gain":0,"player_choice":"Offered Basic","damage_taken":0,"max_hp_gain":0,"max_hp_loss":0,"event_name":"Bonfire Elementals","floor":24,"gold_loss":0}],"is_beta":false,"boss_relics":[{"not_picked":["Coffee Dripper","Calling Bell"],"picked":"Snecko Eye"}],"items_purged_floors":[],"is_endless":false,"potions_floor_spawned":[4,11,13,14,16,18,23],"killed_by":"Slavers","ascension_level":3}}