{"host":"j0vzbnzm6n2ctevn","time":1609756183,"event":{"mods":["AchievementEnabler","BaseMod","Better Note","Dota2Spire","Minty Spire (QoL Compilation)","Quick Restart","Shop Mod","Spicy Shops","StSLib"],"gold_per_floor":[115,131,56,56,67,102,102,119,119,294,307,318,348,368,368,467,467,477,491,25,300,317,317,330,310,310,12,32,32,32,32,32,135,135,147,147,1146,1157,612,612,626,194,194,209,221,38,38,38,38,38,38,38,38,38,38],"floor_reached":54,"playtime":1994,"items_purged":["Strike_R","Normality","Normality","Strike_R"],"score":699,"play_id":"4ce09c84-f5a0-4a15-842e-ff870e3308c1","local_time":"20210104182943","is_ascension_mode":false,"campfire_choices":[{"data":"Carnage","floor":7.0,"key":"SMITH"},{"floor":15.0,"key":"REST"},{"floor":23.0,"key":"REST"},{"floor":29.0,"key":"REST"},{"data":"Limit Break","floor":32.0,"key":"SMITH"},{"data":"Limit Break","floor":40.0,"key":"SMITH"},{"floor":47.0,"key":"RECALL"},{"data":"Shockwave","floor":49.0,"key":"SMITH"},{"data":"Infernal Blade","floor":52.0,"key":"SMITH"}],"circlet_count":0,"master_deck":["Strike_R","Strike_R","Defend_R","Defend_R","Defend_R","Defend_R","Bash","Flex","Cleave","Shockwave+1","Heavy Blade","Carnage+1","Seeing Red","Spot Weakness","Infernal Blade+1","Limit Break+1","Carnage","Fiend Fire","Disarm+1","Limit Break+1","Twin Strike","Bloodletting","Brutality","Inflame","Exhume","Madness","Madness","Bloodletting+1","Shrug It Off+1","Sword Boomerang+1"],"relics":["Black Blood","NeowsBlessing","Regal Pillow","Champion Belt","Dota2Spire:MaskOfMadness","Frozen Eye","DollysMirror","Dota2Spire:EtherealBlade","Brimstone","Dota2Spire:Bloodstone","Dota2Spire:EchoSabre","Dota2Spire:Vanguard","Strawberry","Dota2Spire:ShadowBlade","The Courier","Strange Spoon","Dota2Spire:DrumOfEndurance"],"acts_visited":["Exordium","TheCity","TheBeyond","TheEnding"],"potions_floor_usage":[],"damage_taken":[{"damage":0.0,"enemies":"Cultist","floor":1.0,"turns":1.0},{"damage":0.0,"enemies":"Jaw Worm","floor":2.0,"turns":1.0},{"damage":0.0,"enemies":"2 Louse","floor":5.0,"turns":1.0},{"damage":6.0,"enemies":"Gremlin Nob","floor":6.0,"turns":3.0},{"damage":9.0,"enemies":"2 Fungi Beasts","floor":8.0,"turns":2.0},{"damage":13.0,"enemies":"Blue Slaver","floor":11.0,"turns":3.0},{"damage":10.0,"enemies":"Exordium Wildlife","floor":12.0,"turns":3.0},{"damage":36.0,"enemies":"Lagavulin","floor":13.0,"turns":4.0},{"damage":10.0,"enemies":"Looter","floor":14.0,"turns":2.0},{"damage":46.0,"enemies":"Hexaghost","floor":16.0,"turns":8.0},{"damage":30.0,"enemies":"Spheric Guardian","floor":18.0,"turns":4.0},{"damage":36.0,"enemies":"2 Thieves","floor":19.0,"turns":4.0},{"damage":14.0,"enemies":"Snecko","floor":22.0,"turns":5.0},{"damage":55.0,"enemies":"Chosen and Byrds","floor":24.0,"turns":7.0},{"damage":15.0,"enemies":"Shelled Parasite and Fungi","floor":28.0,"turns":2.0},{"damage":32.0,"enemies":"Collector","floor":33.0,"turns":4.0},{"damage":29.0,"enemies":"Orb Walker","floor":35.0,"turns":4.0},{"damage":20.0,"enemies":"3 Darklings","floor":38.0,"turns":3.0},{"damage":28.0,"enemies":"Sphere and 2 Shapes","floor":41.0,"turns":4.0},{"damage":8.0,"enemies":"Jaw Worm Horde","floor":44.0,"turns":3.0},{"damage":6.0,"enemies":"Transient","floor":45.0,"turns":5.0},{"damage":26.0,"enemies":"Time Eater","floor":50.0,"turns":5.0},{"damage":99,"enemies":"Shield and Spear","floor":54,"turns":2}],"seed_played":"-772718209548419507","potions_obtained":[{"floor":2.0,"key":"SteroidPotion"},{"floor":6.0,"key":"DuplicationPotion"},{"floor":8.0,"key":"Dota2Spire:HealingSalve"},{"floor":16.0,"key":"PowerPotion"},{"floor":18.0,"key":"PowerPotion"},{"floor":22.0,"key":"DistilledChaos"},{"floor":25.0,"key":"Swift Potion"},{"floor":28.0,"key":"Ancient Potion"},{"floor":38.0,"key":"Swift Potion"},{"floor":45.0,"key":"SkillPotion"}],"is_trial":false,"path_per_floor":["M","M","$","?","M","E","R","M","T","?","M","M","E","M","R","B",null,"M","M","$","?","M","R","M","?","T","$","M","R","$","?","R","B",null,"M","?","?","M","$","R","M","$","T","M","M","$","R","$","R","B",null,"R","$","E"],"character_chosen":"IRONCLAD","items_purchased":["Dota2Spire:MaskOfMadness","Frozen Eye","DollysMirror","Bloodletting","Brimstone","Brutality","Dota2Spire:EchoSabre","Dota2Spire:Vanguard","Strawberry","Dota2Spire:ShadowBlade","Strange Spoon","Dota2Spire:DrumOfEndurance"],"campfire_rested":3,"item_purchase_floors":[20,20,20,27,27,27,39,39,39,42,46,46],"current_hp_per_floor":[80,80,80,80,80,80,80,77,77,77,70,66,39,35,74,34,80,62,38,38,38,36,75,32,32,32,32,29,68,68,68,68,48,80,63,53,53,45,52,52,36,36,36,61,67,67,67,67,67,53,87,87,87,0,0],"gold":38,"neow_bonus":"THREE_ENEMY_KILL","is_daily":false,"chose_seed":false,"campfire_upgraded":5,"win_rate":0.0,"timestamp":1609756183,"path_taken":["M","M","$","?","M","E","R","M","T","?","M","M","E","M","R","BOSS","M","M","$","?","M","R","M","?","T","?","M","R","$","?","R","BOSS","M","?","?","M","$","R","M","?","T","?","M","?","R","$","R","BOSS","R","$","E"],"items_purchased_type":["Relic","Relic","Relic","Card","Relic","Card","Relic","Relic","Relic","Relic","Relic","Relic"],"build_version":"2020-12-22","purchased_purges":4,"victory":false,"max_hp_per_floor":[80,80,80,80,80,80,80,80,80,80,80,80,80,80,80,80,80,80,80,80,80,80,80,80,80,80,80,80,80,80,80,80,80,80,80,80,80,80,87,87,87,87,87,87,87,87,87,87,87,87,87,87,87,87,87],"card_choices":[{"not_picked":["Sword Boomerang","Dark Embrace"],"picked":"Flex","floor":1.0},{"not_picked":["Burning Pact","Twin Strike"],"picked":"Cleave","floor":2.0},{"not_picked":["Havoc","Perfected Strike"],"picked":"Heavy Blade","floor":5.0},{"not_picked":["Entrench","Clash"],"picked":"Carnage","floor":6.0},{"not_picked":["Anger","Carnage"],"picked":"Seeing Red","floor":8.0},{"not_picked":["Heavy Blade","Entrench"],"picked":"Spot Weakness","floor":11.0},{"not_picked":["Cleave","Pummel"],"picked":"Infernal Blade","floor":12.0},{"not_picked":["Sever Soul","Searing Blow"],"picked":"Limit Break","floor":13.0},{"not_picked":["Clothesline","Thunderclap"],"picked":"Carnage","floor":14.0},{"not_picked":["Bludgeon","Feed"],"picked":"Fiend Fire","floor":16.0},{"not_picked":["Fire Breathing","Thunderclap","Armaments"],"picked":"SKIP","floor":18.0},{"not_picked":["Sword Boomerang","Clash"],"picked":"Disarm+1","floor":19.0},{"not_picked":["Anger+1","Intimidate"],"picked":"Twin Strike","floor":22.0},{"not_picked":["Havoc","Rampage","Cleave"],"picked":"SKIP","floor":24.0},{"not_picked":["Power Through","Twin Strike"],"picked":"Inflame","floor":28.0},{"not_picked":["Fiend Fire","Corruption"],"picked":"Exhume","floor":33.0},{"not_picked":["Body Slam","Evolve","Wild Strike+1"],"picked":"SKIP","floor":35.0},{"not_picked":["Wild Strike","Shockwave+1"],"picked":"Bloodletting+1","floor":38.0},{"not_picked":["Wild Strike","Armaments+1","Twin Strike"],"picked":"SKIP","floor":41.0},{"not_picked":["Iron Wave","Pommel Strike+1"],"picked":"Shrug It Off+1","floor":44.0},{"not_picked":["Armaments+1","Thunderclap+1"],"picked":"Sword Boomerang+1","floor":45.0}],"player_experience":122527,"relics_obtained":[{"floor":6.0,"key":"Regal Pillow"},{"floor":13.0,"key":"Champion Belt"},{"floor":26.0,"key":"Dota2Spire:EtherealBlade"},{"floor":43.0,"key":"The Courier"}],"event_choices":[{"damage_healed":0.0,"max_hp_gain":0.0,"max_hp_loss":0.0,"gold_gain":0.0,"cards_transformed":["Strike_R"],"event_name":"Living Wall","player_choice":"Change","floor":4.0,"gold_loss":0.0,"damage_taken":0.0,"cards_obtained":["Shockwave"]},{"damage_healed":0.0,"max_hp_gain":0.0,"max_hp_loss":0.0,"gold_gain":175.0,"event_name":"Liars Game","player_choice":"AGREE","floor":10.0,"gold_loss":0.0,"damage_taken":0.0,"cards_obtained":["Doubt"]},{"damage_healed":0.0,"max_hp_gain":0.0,"max_hp_loss":0.0,"gold_gain":275.0,"event_name":"Golden Shrine","player_choice":"Desecrate","floor":21.0,"gold_loss":0.0,"damage_taken":0.0,"cards_obtained":["Regret"]},{"damage_healed":0.0,"max_hp_gain":0.0,"max_hp_loss":0.0,"gold_gain":0.0,"event_name":"The Woman in Blue","player_choice":"Bought 1 Potion","floor":25.0,"gold_loss":0.0,"damage_taken":0.0},{"cards_removed":["Regret","Doubt"],"damage_healed":0.0,"max_hp_gain":0.0,"max_hp_loss":0.0,"gold_gain":0.0,"event_name":"Fountain of Cleansing","player_choice":"Removed Curses","floor":31.0,"gold_loss":0.0,"damage_taken":0.0},{"damage_healed":0.0,"max_hp_gain":0.0,"max_hp_loss":0.0,"gold_gain":0.0,"event_name":"Winding Halls","player_choice":"Embrace Madness","floor":36.0,"gold_loss":0.0,"damage_taken":10.0,"cards_obtained":["Madness","Madness"]},{"damage_healed":0.0,"max_hp_gain":0.0,"max_hp_loss":0.0,"gold_gain":999.0,"event_name":"MindBloom","player_choice":"Gold","floor":37.0,"gold_loss":0.0,"damage_taken":0.0,"cards_obtained":["Normality","Normality"]}],"is_beta":false,"boss_relics":[{"not_picked":["SacredBark","Coffee Dripper"],"picked":"Black Blood"},{"not_picked":["Busted Crown","Snecko Eye"],"picked":"Dota2Spire:Bloodstone"}],"items_purged_floors":[3,39,42,42],"is_endless":false,"potions_floor_spawned":[2,6,8,16,18,22,28,38,45],"killed_by":"Shield and Spear","ascension_level":0}}