{"host":"dmdprxj8bosbz96f","time":1609777198,"event":{"mods":["AchievementEnabler","BaseMod","Colored Map","DeckTracker","Minty Spire (QoL Compilation)","Quick Restart","SuperFastMode","everything is the same but u backflip on backflip"],"gold_per_floor":[114,129,129,129,1,29,29,55,55,67,17,52,69,81,81,185,185,197,197,6,6,105,139,14,32,55,55,84,107,107,146,146,252,252,271,298,298,317,22,22,54,66,78,390,421,433,485,525,537,549],"floor_reached":51,"playtime":2327,"items_purged":["Defend_G","Defend_G","Strike_G+1","Strike_G"],"score":1051,"play_id":"78d434a8-84ee-49d9-a187-59ee98e113c2","local_time":"20210105011958","is_ascension_mode":true,"campfire_choices":[{"data":"Deadly Poison","floor":7.0,"key":"SMITH"},{"floor":15.0,"key":"REST"},{"data":"Noxious Fumes","floor":27,"key":"SMITH"},{"data":"Wraith Form v2","floor":32,"key":"SMITH"},{"data":"PiercingWail","floor":40,"key":"SMITH"},{"floor":42,"key":"REST"},{"data":"Dagger Throw","floor":46,"key":"SMITH"},{"floor":49,"key":"REST"}],"circlet_count":0,"master_deck":["Strike_G+1","Survivor","Neutralize","PiercingWail","PiercingWail+1","Deadly Poison+1","Die Die Die","Calculated Gamble+1","Deflect+1","Deadly Poison+1","Burst+1","Prepared+1","Backflip+1","Noxious Fumes+1","Wraith Form v2+1","Dagger Throw+1","PiercingWail+1","Outmaneuver+1","Bouncing Flask+1","Malaise+1","Crippling Poison+1","Backflip+1","Bouncing Flask+1","Blur+1","Venomology+1"],"relics":["Ring of the Snake","NeowsBlessing","Pantograph","Nunchaku","Tough Bandages","Toxic Egg 2","Snake Skull","Philosopher\u0027s Stone","Bottled Lightning","CeramicFish","PreservedInsect","Empty Cage","Ornamental Fan","Ancient Tea Set","MawBank","Bronze Scales","Centennial Puzzle"],"acts_visited":["Exordium","TheCity","TheBeyond"],"potions_floor_usage":[23,50,50,50,50,50],"damage_taken":[{"damage":0.0,"enemies":"2 Louse","floor":1.0,"turns":1.0},{"damage":0.0,"enemies":"Small Slimes","floor":2.0,"turns":1.0},{"damage":0.0,"enemies":"Lagavulin","floor":6.0,"turns":1.0},{"damage":8.0,"enemies":"Gremlin Nob","floor":8.0,"turns":5.0},{"damage":9.0,"enemies":"Jaw Worm","floor":10.0,"turns":3.0},{"damage":3.0,"enemies":"Lagavulin","floor":12.0,"turns":5.0},{"damage":0.0,"enemies":"Large Slime","floor":13.0,"turns":6.0},{"damage":0.0,"enemies":"2 Fungi Beasts","floor":14.0,"turns":3.0},{"damage":11.0,"enemies":"The Guardian","floor":16.0,"turns":8.0},{"damage":0.0,"enemies":"2 Thieves","floor":18.0,"turns":4.0},{"damage":2,"enemies":"Gremlin Leader","floor":23,"turns":7},{"damage":0,"enemies":"Chosen","floor":25,"turns":4},{"damage":2,"enemies":"Snecko","floor":28,"turns":4},{"damage":0,"enemies":"Centurion and Healer","floor":29,"turns":5},{"damage":0,"enemies":"Book of Stabbing","floor":31,"turns":4},{"damage":14,"enemies":"Champ","floor":33,"turns":10},{"damage":1,"enemies":"Orb Walker","floor":35,"turns":4},{"damage":0,"enemies":"3 Shapes","floor":36,"turns":2},{"damage":12,"enemies":"Spire Growth","floor":38,"turns":5},{"damage":21,"enemies":"Nemesis","floor":41,"turns":5},{"damage":0,"enemies":"Jaw Worm Horde","floor":45,"turns":3},{"damage":0,"enemies":"Giant Head","floor":47,"turns":5},{"damage":0,"enemies":"Maw","floor":48,"turns":6},{"damage":27,"enemies":"Donu and Deca","floor":50,"turns":6}],"seed_played":"-2709530897447680564","potions_obtained":[{"floor":1.0,"key":"PowerPotion"},{"floor":2.0,"key":"Swift Potion"},{"floor":10.0,"key":"SkillPotion"},{"floor":12.0,"key":"PowerPotion"},{"floor":14.0,"key":"LiquidMemories"},{"floor":18,"key":"BlessingOfTheForge"},{"floor":25,"key":"PowerPotion"},{"floor":33,"key":"DistilledChaos"},{"floor":36,"key":"SteroidPotion"},{"floor":45,"key":"Block Potion"},{"floor":47,"key":"SteroidPotion"}],"is_trial":false,"path_per_floor":["M","M","?","?","$","E","R","E","T","M","?","E","M","M","R","B",null,"M","?","$","?","?","E","$","M","T","R","M","M","?","E","R","B",null,"M","M","?","M","$","R","E","R","T","?","M","R","E","M","R","B",null],"character_chosen":"THE_SILENT","items_purchased":["Deadly Poison","Backflip+1","Noxious Fumes","Ancient Tea Set"],"campfire_rested":3,"item_purchase_floors":[5,20,20,39],"current_hp_per_floor":[70,70,56,44,44,44,44,36,36,27,27,24,24,24,45,59,70,70,70,70,70,70,68,68,68,68,68,66,66,66,66,66,56,70,69,69,69,57,57,57,36,57,57,57,57,57,57,57,70,43],"gold":561,"neow_bonus":"THREE_ENEMY_KILL","is_daily":false,"chose_seed":false,"campfire_upgraded":5,"win_rate":0.0,"timestamp":1609777198,"path_taken":["M","M","?","?","$","E","R","E","T","M","?","E","M","M","R","BOSS","M","?","$","?","?","E","$","M","T","R","M","M","?","E","R","BOSS","M","?","?","M","?","R","E","R","T","?","M","R","E","M","R","BOSS"],"items_purchased_type":["Card","Card","Card","Relic"],"build_version":"2020-12-22","purchased_purges":4,"victory":true,"max_hp_per_floor":[70,70,70,70,70,70,70,70,70,70,70,70,70,70,70,70,70,70,70,70,70,70,70,70,70,70,70,70,70,70,70,70,70,70,70,70,70,70,70,70,70,70,70,70,70,70,70,70,70,70],"card_choices":[{"not_picked":["Terror","Prepared"],"picked":"PiercingWail","floor":1.0},{"not_picked":["Dodge and Roll","Infinite Blades"],"picked":"PiercingWail","floor":2.0},{"not_picked":["Sucker Punch","Predator","Flying Knee"],"picked":"SKIP","floor":6.0},{"not_picked":["Well Laid Plans","Quick Slash"],"picked":"Die Die Die","floor":8.0},{"not_picked":["Flying Knee","Choke"],"picked":"Calculated Gamble+1","floor":10.0},{"not_picked":["All Out Attack","Poisoned Stab"],"picked":"Deflect+1","floor":12.0},{"not_picked":["Quick Slash","Escape Plan+1","Flying Knee"],"picked":"SKIP","floor":13.0},{"not_picked":["Finisher","Sucker Punch"],"picked":"Deadly Poison+1","floor":14.0},{"not_picked":["Storm of Steel+1","Unload"],"picked":"Burst+1","floor":16.0},{"not_picked":["Slice+1","Blade Dance+1"],"picked":"Prepared+1","floor":18},{"not_picked":["Prepared+1","Flechettes","Wraith Form v2"],"picked":"SKIP","floor":23},{"not_picked":["Prepared+1","Flechettes"],"picked":"Wraith Form v2","floor":23},{"not_picked":["Blur+1","Heel Hook"],"picked":"Dagger Throw","floor":25},{"not_picked":["Backstab+1","Accuracy+1"],"picked":"PiercingWail+1","floor":28},{"not_picked":["Underhanded Strike+1","Caltrops"],"picked":"Outmaneuver+1","floor":29},{"not_picked":["Acrobatics+1","Deflect+1"],"picked":"Bouncing Flask+1","floor":31},{"not_picked":["Bullet Time+1","After Image"],"picked":"Malaise+1","floor":33},{"not_picked":["Deflect+1","Backflip+1"],"picked":"Crippling Poison+1","floor":35},{"not_picked":["Finisher+1","Bane","Backflip+1"],"picked":"SKIP","floor":36},{"not_picked":["Finisher+1","Bane"],"picked":"Backflip+1","floor":36},{"not_picked":["Sucker Punch+1","Quick Slash+1"],"picked":"Bouncing Flask+1","floor":38},{"not_picked":["Skewer","Escape Plan+1","PiercingWail+1"],"picked":"SKIP","floor":41},{"not_picked":["Setup+1","Escape Plan+1","Sucker Punch+1"],"picked":"SKIP","floor":45},{"not_picked":["Bane","Backflip+1"],"picked":"Blur+1","floor":47},{"not_picked":["Poisoned Stab","Slice+1"],"picked":"Venomology+1","floor":48}],"player_experience":125205,"relics_obtained":[{"floor":6.0,"key":"Nunchaku"},{"floor":8.0,"key":"Tough Bandages"},{"floor":9.0,"key":"Toxic Egg 2"},{"floor":12.0,"key":"Snake Skull"},{"floor":23,"key":"Bottled Lightning"},{"floor":26,"key":"CeramicFish"},{"floor":31,"key":"PreservedInsect"},{"floor":41,"key":"MawBank"},{"floor":43,"key":"Bronze Scales"},{"floor":47,"key":"Centennial Puzzle"}],"event_choices":[{"damage_healed":0.0,"max_hp_gain":0.0,"max_hp_loss":0.0,"gold_gain":0.0,"event_name":"Shining Light","player_choice":"Entered Light","floor":3.0,"gold_loss":0.0,"damage_taken":14.0,"cards_upgraded":["Strike_G","Strike_G"]},{"damage_healed":0.0,"max_hp_gain":0.0,"max_hp_loss":0.0,"gold_gain":0.0,"event_name":"Scrap Ooze","player_choice":"Success","floor":4.0,"gold_loss":0.0,"damage_taken":12.0,"relics_obtained":["Pantograph"]},{"cards_removed":["Defend_G"],"damage_healed":0.0,"max_hp_gain":0.0,"max_hp_loss":0.0,"gold_gain":0.0,"event_name":"The Cleric","player_choice":"Card Removal","floor":11.0,"gold_loss":50.0,"damage_taken":0.0},{"damage_healed":0,"gold_gain":0,"player_choice":"Ignored","damage_taken":0,"max_hp_gain":0,"max_hp_loss":0,"event_name":"Ghosts","floor":19,"gold_loss":0},{"cards_removed":["Defend_G"],"damage_healed":0,"gold_gain":0,"player_choice":"Elegance","damage_taken":0,"max_hp_gain":0,"max_hp_loss":0,"event_name":"Back to Basics","floor":21,"gold_loss":0},{"damage_healed":0,"gold_gain":99,"player_choice":"Stole From Cult","damage_taken":0,"max_hp_gain":0,"max_hp_loss":0,"event_name":"Nest","floor":22,"gold_loss":0},{"cards_removed":["Defend_G"],"damage_healed":0,"gold_gain":0,"player_choice":"Card Removal","damage_taken":0,"max_hp_gain":0,"max_hp_loss":0,"event_name":"Wheel of Change","floor":30,"gold_loss":0},{"damage_healed":0,"gold_gain":0,"player_choice":"Gave Potion","damage_taken":0,"relics_obtained":["Ornamental Fan"],"max_hp_gain":0,"max_hp_loss":0,"event_name":"WeMeetAgain","floor":37,"gold_loss":0},{"damage_healed":0,"gold_gain":300,"player_choice":"Gold","damage_taken":0,"max_hp_gain":0,"max_hp_loss":0,"event_name":"Wheel of Change","floor":44,"gold_loss":0}],"is_beta":false,"boss_relics":[{"not_picked":["Snecko Eye","WristBlade"],"picked":"Philosopher\u0027s Stone"},{"not_picked":["Sozu","Black Star"],"picked":"Empty Cage"}],"items_purged_floors":[5,20,24,39],"is_endless":false,"potions_floor_spawned":[1,2,10,12,14,18,25,33,36,45,47],"ascension_level":4}}