{"host":"l60rmjjsfi0fipmi","time":1609718794,"event":{"mods":["BaseMod","Colored Map","DeckTracker","Highlight Path","Minty Spire (QoL Compilation)"],"gold_per_floor":[115,128,128,148,113,113,34,63,63,63,63,73,84,94,94,199,199,216,141,141,141,156,156,172,187,187,187,187,204,219,245,245,245,245],"floor_reached":33,"playtime":4704,"items_purged":["Strike_B"],"score":269,"play_id":"6947498d-9d11-4f1c-a882-45f1bebe6c96","local_time":"20210103190634","is_ascension_mode":false,"campfire_choices":[{"data":"Redo","floor":6,"key":"SMITH"},{"data":"Hologram","floor":15,"key":"SMITH"},{"data":"Undo","floor":23,"key":"SMITH"},{"data":"Conserve Battery","floor":27,"key":"SMITH"},{"floor":32,"key":"REST"}],"circlet_count":0,"master_deck":["Strike_B","Strike_B","Defend_B","Defend_B","Defend_B","Defend_B","Zap+1","Dualcast","Go for the Eyes","Leap","Redo+1","White Noise","Hologram+1","Parasite","Undo+1","Cold Snap","Creative AI","Conserve Battery+1","Stack"],"relics":["Cracked Core","Gremlin Horn","Question Card","Busted Crown","Dream Catcher","Mummified Hand"],"acts_visited":["Exordium","TheCity"],"potions_floor_usage":[30,30],"damage_taken":[{"damage":7,"enemies":"Small Slimes","floor":1,"turns":4},{"damage":1,"enemies":"Jaw Worm","floor":2,"turns":3},{"damage":0,"enemies":"2 Louse","floor":4,"turns":2},{"damage":17,"enemies":"Lagavulin","floor":8,"turns":6},{"damage":0,"enemies":"2 Fungi Beasts","floor":12,"turns":4},{"damage":0,"enemies":"Exordium Thugs","floor":13,"turns":3},{"damage":9,"enemies":"3 Louse","floor":14,"turns":5},{"damage":31,"enemies":"Slime Boss","floor":16,"turns":8},{"damage":8,"enemies":"Spheric Guardian","floor":18,"turns":6},{"damage":0,"enemies":"Shell Parasite","floor":22,"turns":7},{"damage":0,"enemies":"Snecko","floor":24,"turns":6},{"damage":7,"enemies":"Centurion and Healer","floor":25,"turns":10},{"damage":14,"enemies":"Chosen and Byrds","floor":29,"turns":10},{"damage":30,"enemies":"3 Cultists","floor":30,"turns":7},{"damage":19,"enemies":"Book of Stabbing","floor":31,"turns":9},{"damage":48,"enemies":"Champ","floor":33,"turns":17}],"seed_played":"-6553000489122638717","potions_obtained":[{"floor":2,"key":"Ancient Potion"},{"floor":12,"key":"Block Potion"},{"floor":13,"key":"GamblersBrew"},{"floor":16,"key":"AttackPotion"}],"is_trial":false,"path_per_floor":["M","M","?","M","?","R","$","E","T","?","$","M","M","M","R","B",null,"M","$","?","?","M","R","M","M","T","R","?","M","M","E","R","B"],"character_chosen":"DEFECT","items_purchased":["White Noise"],"campfire_rested":1,"item_purchase_floors":[7],"current_hp_per_floor":[68,67,67,67,75,75,75,58,58,75,75,75,75,66,66,35,75,67,67,67,67,67,67,67,60,60,60,85,71,41,22,47,0,0],"gold":245,"neow_bonus":"ONE_RANDOM_RARE_CARD","is_daily":false,"chose_seed":false,"campfire_upgraded":4,"win_rate":0.0,"timestamp":1609718794,"path_taken":["M","M","?","M","?","R","$","E","T","?","$","?","M","M","R","BOSS","M","$","?","?","M","R","M","M","T","R","?","M","?","E","R","BOSS"],"items_purchased_type":["Card"],"build_version":"2020-12-22","purchased_purges":1,"victory":false,"max_hp_per_floor":[75,75,75,75,75,75,75,75,75,75,75,75,75,75,75,75,75,75,75,75,75,75,75,75,75,75,75,85,85,85,85,85,85,85],"card_choices":[{"not_picked":["Rebound","Barrage"],"picked":"Go for the Eyes","floor":1},{"not_picked":["Go for the Eyes","Storm"],"picked":"Leap","floor":2},{"not_picked":["Turbo","Coolheaded"],"picked":"Redo","floor":4},{"not_picked":["Compile Driver","Amplify"],"picked":"Hologram","floor":8},{"not_picked":["Loop","Self Repair","Streamline"],"picked":"Undo","floor":12},{"not_picked":["Leap","Steam","Gash"],"picked":"Cold Snap","floor":13},{"not_picked":["Skim","Chaos","Doom and Gloom","Reprogram"],"picked":"SKIP","floor":14},{"not_picked":["Seek","Multi-Cast","Meteor Strike"],"picked":"Creative AI","floor":16},{"not_picked":["Compile Driver","Doom and Gloom"],"picked":"SKIP","floor":18},{"not_picked":["Darkness","Steam"],"picked":"SKIP","floor":22},{"not_picked":["Aggregate+1"],"picked":"Conserve Battery","floor":24},{"not_picked":["Auto Shields","Melter"],"picked":"SKIP","floor":25},{"not_picked":["Genetic Algorithm+1","Scrape+1"],"picked":"SKIP","floor":29},{"not_picked":["White Noise","Sweeping Beam"],"picked":"SKIP","floor":30},{"not_picked":["Auto Shields"],"picked":"Stack","floor":31}],"player_experience":217333,"relics_obtained":[{"floor":8,"key":"Gremlin Horn"},{"floor":9,"key":"Question Card"},{"floor":26,"key":"Dream Catcher"},{"floor":31,"key":"Mummified Hand"}],"event_choices":[{"damage_healed":0,"gold_gain":0,"player_choice":"Grow","damage_taken":0,"max_hp_gain":0,"max_hp_loss":0,"event_name":"Living Wall","floor":3,"gold_loss":0,"cards_upgraded":["Zap"]},{"damage_healed":18,"gold_gain":0,"player_choice":"Healed","damage_taken":0,"max_hp_gain":0,"max_hp_loss":0,"event_name":"The Cleric","floor":5,"gold_loss":35},{"damage_healed":18,"gold_gain":0,"player_choice":"Healed and dodged fight","damage_taken":0,"max_hp_gain":0,"max_hp_loss":0,"event_name":"Mushrooms","floor":10,"gold_loss":0,"cards_obtained":["Parasite"]},{"damage_healed":0,"gold_gain":0,"player_choice":"Ignored","damage_taken":0,"max_hp_gain":0,"max_hp_loss":0,"event_name":"Vampires","floor":20,"gold_loss":0},{"cards_removed":["Strike_B"],"damage_healed":0,"gold_gain":0,"player_choice":"Elegance","damage_taken":0,"max_hp_gain":0,"max_hp_loss":0,"event_name":"Back to Basics","floor":21,"gold_loss":0},{"cards_removed":["Machine Learning"],"damage_healed":15,"gold_gain":0,"player_choice":"Offered Rare","damage_taken":0,"max_hp_gain":10,"max_hp_loss":0,"event_name":"Bonfire Elementals","floor":28,"gold_loss":0}],"is_beta":false,"boss_relics":[{"not_picked":["Coffee Dripper","Snecko Eye"],"picked":"Busted Crown"}],"items_purged_floors":[19],"is_endless":false,"potions_floor_spawned":[2,12,13,14,16,18,24,29],"killed_by":"Champ","ascension_level":0}}