{"host":"7sy3dyg71hje4mzx","time":1609746361,"event":{"mods":["BaseMod","Downfall","Minty Spire (QoL Compilation)","StSLib"],"gold_per_floor":[99,116,101,111,211,221,292,0,0,19,119,137,153,171,186,186,186,186],"floor_reached":16,"playtime":1183,"items_purged":[],"score":96,"play_id":"d378ee2d-33e5-4424-a303-b3332671fa94","local_time":"20210104184601","is_ascension_mode":false,"campfire_choices":[{"floor":1,"key":"RECALL"},{"data":"Slimebound:LeadByExample","floor":9,"key":"SMITH"}],"circlet_count":0,"master_deck":["Slimebound:Strike_Slimebound","Slimebound:Strike_Slimebound","Slimebound:Strike_Slimebound","Slimebound:Tackle","Slimebound:Defend_Slimebound","Slimebound:Defend_Slimebound","Slimebound:Defend_Slimebound","Slimebound:Defend_Slimebound","Slimebound:Split","Slimebound:CorrosiveSpit","Slimebound:PressTheAttack","Slimebound:SplitBruiser","Slimebound:LeadByExample+1","Slimebound:FirmFortitude","Slimebound:ViciousTackle","Slimebound:SplitLeeching","Slimebound:Schlurp","Slimebound:LeechLife","Slimebound:MegaLick","Slimebound:SplitLeeching","Slimebound:LeadByExample","Slimebound:GoopSpray","Slimebound:Repurpose","Slimebound:MassFeed","Slimebound:SplitLeeching"],"relics":["Slimebound:AbsorbEndCombat","Toy Ornithopter"],"acts_visited":["Exordium"],"potions_floor_usage":[10,15,15,16],"damage_taken":[{"damage":7,"enemies":"Cultist","floor":2,"turns":3},{"damage":8,"enemies":"downfall:FleeingMerchant","floor":3,"turns":4},{"damage":9,"enemies":"2 Louse","floor":4,"turns":3},{"damage":31,"enemies":"downfall:LadyInBlue","floor":5,"turns":8},{"damage":10,"enemies":"Jaw Worm","floor":6,"turns":2},{"damage":9,"enemies":"downfall:FleeingMerchant","floor":8,"turns":4},{"damage":14,"enemies":"Large Slime","floor":10,"turns":3},{"damage":33,"enemies":"Exordium Thugs","floor":12,"turns":5},{"damage":15,"enemies":"Blue Slaver","floor":13,"turns":3},{"damage":8,"enemies":"2 Fungi Beasts","floor":14,"turns":3},{"damage":4,"enemies":"3 Louse","floor":15,"turns":1},{"damage":75,"enemies":"downfall:Defect","floor":16,"turns":6}],"seed_played":"-7631247304891412323","potions_obtained":[{"floor":5,"key":"Slimebound:SlimedPotion"},{"floor":5,"key":"sneckomod:MuddlingPotion"},{"floor":5,"key":"AttackPotion"},{"floor":10,"key":"Slimebound:SlimyTonguePotion"}],"is_trial":false,"path_per_floor":["R","M","$","M","?","M","T","$","R","M","?","M","M","M","M","B"],"character_chosen":"SLIMEBOUND","items_purchased":["Slimebound:LeechLife","Slimebound:MegaLick","Slimebound:SplitLeeching"],"campfire_rested":0,"item_purchase_floors":[8,8,8],"current_hp_per_floor":[60,57,59,59,41,39,39,46,46,47,47,34,43,49,63,0,0,0],"gold":186,"neow_bonus":"THREE_CARDS","is_daily":false,"chose_seed":false,"campfire_upgraded":1,"win_rate":0.0,"timestamp":1609746361,"path_taken":["R","M","?","M","?","M","T","$","R","?","?","M","M","M","M","BOSS"],"items_purchased_type":["Card","Card","Card"],"build_version":"2020-12-22","purchased_purges":0,"victory":false,"max_hp_per_floor":[60,60,60,60,60,60,60,60,60,60,60,60,60,60,63,63,63,63],"card_choices":[{"not_picked":["Slimebound:GoopTackle","Slimebound:GoopSpray"],"picked":"Slimebound:PressTheAttack","floor":0},{"not_picked":["Slimebound:ForwardTackle","Slimebound:SamplingLick"],"picked":"Slimebound:SplitBruiser","floor":2},{"not_picked":["Slimebound:GrowthPunch","Slimebound:LeechingTouch"],"picked":"Slimebound:LeadByExample","floor":3},{"not_picked":["Slimebound:SamplingLick","Slimebound:SplitMire"],"picked":"Slimebound:FirmFortitude","floor":4},{"not_picked":["Slimebound:BestDefense","Slimebound:Dissolve"],"picked":"Slimebound:ViciousTackle","floor":5},{"not_picked":["Slimebound:Equalize","Slimebound:Schlurp"],"picked":"Slimebound:SplitLeeching","floor":6},{"not_picked":["Slimebound:SplitBruiser","Slimebound:PressTheAttack"],"picked":"Slimebound:Schlurp","floor":8},{"not_picked":["Slimebound:GrowthPunch","Slimebound:TongueLash"],"picked":"Slimebound:LeadByExample","floor":10},{"not_picked":["Slimebound:SlimeBrawl","Slimebound:RollThrough"],"picked":"Slimebound:GoopSpray","floor":12},{"not_picked":["Slimebound:SplitBruiser","Slimebound:SplitLeeching"],"picked":"Slimebound:Repurpose","floor":13},{"not_picked":["Slimebound:PressTheAttack","Slimebound:ViciousTackle"],"picked":"Slimebound:MassFeed","floor":14},{"not_picked":["Slimebound:ViciousTackle","Slimebound:FinishingTackle"],"picked":"Slimebound:SplitLeeching","floor":15}],"player_experience":145446,"relics_obtained":[{"floor":5,"key":"Toy Ornithopter"}],"event_choices":[],"is_beta":false,"boss_relics":[],"items_purged_floors":[],"is_endless":false,"potions_floor_spawned":[10,12,13,14],"killed_by":"downfall:Defect","ascension_level":0}}