{"host":"hxmfoq77054plnuw","time":1609774596,"event":{"mods":["BaseMod","Colored Map","Colored Powertips","Downfall","Highlight Path","Minty Spire (QoL Compilation)","Quick Restart","Replay The Spire","Shop Mod","StSLib","SuperFastMode","[功能]功能增强和修复MOD","vexMod","【遗物卡牌】REMEMod","篝火指南"],"gold_per_floor":[99,114,114,214,230,21,72,72,84,9,27,55,65,40,56,159,159,73,93,113,41,139,139,220,246,7,66,73,138,174,231,287,405,405,161,205,1222,1256,1105,1123,1123,1245,1362,650,662,674,247,268,352,479,491,659,41,41,187],"floor_reached":56,"playtime":4228,"items_purged":["Guardian:Strike_Guardian","Guardian:Strike_Guardian","Guardian:Strike_Guardian","Guardian:Strike_Guardian","Guardian:Defend_Guardian","Guardian:Defend_Guardian","Guardian:Defend_Guardian","Guardian:Defend_Guardian","ReplayTheSpireMod:Splinters","Guardian:CurlUp","Normality","Normality","Guardian:TwinSlam","The Bomb","REME_PuzzleBox","Guardian:Suspension","Pain","Guardian:GemFire"],"score":1478,"play_id":"f977eed1-99c3-4e80-a2cb-5126f41d7777","local_time":"20210104163636","is_ascension_mode":false,"campfire_choices":[{"floor":1.0,"key":"RECALL"},{"data":"Guardian:Planning","floor":8.0,"key":"SMITH"},{"data":"Guardian:PrismaticBeam","floor":10.0,"key":"SMITH"},{"data":"Guardian:PrismaticBarrier","floor":23.0,"key":"SMITH"},{"data":"Guardian:Suspension","floor":54.0,"key":"SMITH"}],"circlet_count":0,"master_deck":["expansioncontent:DashGenerateEvil","Guardian:Planning+1","Guardian:PrismaticBeam+1","Guardian:Incinerate+1","Guardian:EvasiveProtocol+1","Guardian:Incinerate+1","Guardian:PrismaticBarrier+1","Guardian:AncientConstruct+1","Guardian:PrismaticBarrier+1","Guardian:PiercingHide+1","Guardian:PiercingHide+1","Guardian:Orbwalk","Guardian:CrystalBeam","Guardian:StasisField","Guardian:Suspension+1","Guardian:TimeCapacitor","Guardian:PrismaticBeam","Guardian:FierceBash","Panacea+1","REME_Flogging"],"relics":["REME_ComplimentaryCards","Black Star","Replay:Wax Seal","downfall:HeartBlessingRed","Boot","Bird Faced Urn","downfall:HeartBlessingGreen","downfall:HeartBlessingBlue","Gremlin Horn","ReplayTheSpireMod:TigerMarble","MerchantsRug","CeramicFish","Replay:Bandana","PreservedInsect","CaptainsWheel","InkBottle","Replay:Bottled Eggs","StrikeDummy","Letter Opener","REME_LowDesire","Replay:Mystery Machine","Guardian:PickAxe","Chemical X","REME_ArchaeologicalTools","Toy Ornithopter","Mirror","Dream Catcher","Anchor","MawBank","vexMod:TimeEaterHat","REME_PuzzleBoxRelic","Pet Ghost","REME_CardOfGreed","Replay:Kaleidoscope","REME_HourglassOfDeath","Replay:Baseball","Mango"],"acts_visited":["Exordium","TheCity","TheBeyond","TheEnding"],"potions_floor_usage":[55],"damage_taken":[{"damage":1.0,"enemies":"2 Louse","floor":2.0,"turns":3.0},{"damage":3.0,"enemies":"Jaw Worm","floor":5.0,"turns":4.0},{"damage":0.0,"enemies":"downfall:FleeingMerchant","floor":6.0,"turns":4.0},{"damage":2.0,"enemies":"Cultist","floor":9.0,"turns":4.0},{"damage":0.0,"enemies":"2 Fungi Beasts","floor":11.0,"turns":4.0},{"damage":40.0,"enemies":"Gremlin Nob","floor":12.0,"turns":5.0},{"damage":0.0,"enemies":"3 Louse","floor":13.0,"turns":2.0},{"damage":0.0,"enemies":"downfall:FleeingMerchant","floor":14.0,"turns":4.0},{"damage":0.0,"enemies":"Large Slime","floor":15.0,"turns":5.0},{"damage":20.0,"enemies":"downfall:Silent","floor":16.0,"turns":11.0},{"damage":4.0,"enemies":"Shell Parasite","floor":19.0,"turns":6.0},{"damage":18.0,"enemies":"Centurion and Healer","floor":20.0,"turns":6.0},{"damage":0.0,"enemies":"downfall:FleeingMerchant","floor":21.0,"turns":4.0},{"damage":11.0,"enemies":"Slavers","floor":25.0,"turns":5.0},{"damage":13.0,"enemies":"Gremlin Leader","floor":27.0,"turns":5.0},{"damage":0.0,"enemies":"downfall:FleeingMerchant","floor":28.0,"turns":4.0},{"damage":0.0,"enemies":"Slavers","floor":29.0,"turns":4.0},{"damage":3.0,"enemies":"3 Cultists","floor":30.0,"turns":4.0},{"damage":20.0,"enemies":"Gremlin Leader","floor":31.0,"turns":5.0},{"damage":0.0,"enemies":"Chosen and Byrds","floor":32.0,"turns":4.0},{"damage":0.0,"enemies":"downfall:Ironclad","floor":33.0,"turns":9.0},{"damage":15.0,"enemies":"3 Shapes","floor":36.0,"turns":1.0},{"damage":3.0,"enemies":"Orb Walker","floor":38.0,"turns":4.0},{"damage":0.0,"enemies":"downfall:FleeingMerchant","floor":39.0,"turns":3.0},{"damage":0.0,"enemies":"R_Hoarder","floor":42.0,"turns":2.0},{"damage":0.0,"enemies":"Sphere and 2 Shapes","floor":43.0,"turns":2.0},{"damage":8.0,"enemies":"Jaw Worm Horde","floor":49.0,"turns":3.0},{"damage":13.0,"enemies":"downfall:Defect","floor":50.0,"turns":4.0},{"damage":61.0,"enemies":"downfall:CharBossMerchant","floor":52.0,"turns":5.0},{"damage":24,"enemies":"downfall:NeowBoss","floor":55,"turns":13}],"seed_played":"-7619686371003100034","potions_obtained":[{"floor":11.0,"key":"DistilledChaos"},{"floor":13.0,"key":"Languid Potion"},{"floor":15.0,"key":"Fire Potion"},{"floor":16.0,"key":"SpeedPotion"},{"floor":20.0,"key":"AttackPotion"},{"floor":25.0,"key":"Fire Potion"},{"floor":29.0,"key":"EntropicBrew"},{"floor":33.0,"key":"Flashbang"}],"is_trial":false,"path_per_floor":["R","M","?","?","M","$","T","R","M","R","M","E","M","$","M","B",null,"R_BF","M","M","$","?","R","T","E","R","E","$","E","M","E","M","B",null,"R","M","?","M","$","R","T","E","M","R","?","$","R","?","M","B",null,"E","$","R","B",null],"character_chosen":"GUARDIAN","items_purchased":["REME_PuzzleBox","Guardian:PiercingHide","MerchantsRug","CeramicFish","Replay:Bandana","Guardian:Suspension","Guardian:TimeCapacitor","Guardian:PickAxe","Chemical X","REME_ArchaeologicalTools","Toy Ornithopter","MawBank","vexMod:TimeEaterHat","REME_PuzzleBoxRelic","Guardian:Gem_Purple","Guardian:PrismaticBeam","Guardian:GemFire","Guardian:FierceBash","Pet Ghost","REME_CardOfGreed","Guardian:Gem_Cyan","Replay:Baseball","Mango","REME_Flogging"],"campfire_rested":0,"item_purchase_floors":[6,21,26,26,26,35,35,35,39,39,39,44,44,44,44,44,44,47,47,47,53,53,53,53],"current_hp_per_floor":[80,79,54,54,51,51,51,51,49,49,49,9,11,13,23,5,80,90,90,90,90,90,90,90,83,83,76,78,82,81,65,69,77,90,90,75,75,78,80,80,80,82,86,86,86,86,86,99,93,86,103,56,75,75,68],"gold":187,"neow_bonus":"BOSS_RELIC","is_daily":false,"chose_seed":false,"campfire_upgraded":4,"win_rate":0.0,"timestamp":1609774596,"path_taken":["R","M","?","?","M","$","T","R","M","R","M","E","M","?","M","BOSS","R_BF","M","M","$","?","R","T","E","R","E","$","E","M","E","M","BOSS","R","M","?","M","$","R","T","E","M","R","?","?","R","?","M","BOSS","E","$","R","BOSS"],"items_purchased_type":["Card","Card","Relic","Relic","Relic","Card","Card","Relic","Relic","Relic","Relic","Relic","Relic","Relic","Card","Card","Card","Card","Relic","Relic","Card","Relic","Relic","Card"],"build_version":"2020-12-22","purchased_purges":18,"victory":true,"max_hp_per_floor":[80,80,80,80,80,80,80,80,80,80,80,80,80,80,80,80,80,90,90,90,90,90,90,90,90,90,90,90,90,90,90,90,90,90,90,90,90,90,90,90,90,90,90,90,90,90,90,103,103,103,103,103,117,117,117],"card_choices":[{"not_picked":["Guardian:TimeBomb","Guardian:PrimingBeam"],"picked":"Guardian:Planning","floor":2.0},{"not_picked":["Guardian:TemporalShield","Guardian:PiercingHide"],"picked":"Guardian:Gem_Purple","floor":5.0},{"not_picked":["Guardian:CrystalBeam","Guardian:Gem_Purple"],"picked":"Guardian:PrismaticBeam","floor":6.0},{"not_picked":["Guardian:Gem_Crimson","Guardian:TimeBomb"],"picked":"Guardian:Gem_White","floor":9.0},{"not_picked":["Guardian:CrystalBeam","Guardian:Reroute"],"picked":"Guardian:Gem_Green","floor":11.0},{"not_picked":["Guardian:WalkerClaw","Guardian:ChargeUp"],"picked":"Guardian:Incinerate","floor":12.0},{"not_picked":["Guardian:Recover","Guardian:BronzeOrb"],"picked":"Guardian:EvasiveProtocol","floor":13.0},{"not_picked":["Guardian:Gem_Lightblue","Guardian:Gem_Green"],"picked":"Guardian:Incinerate","floor":14.0},{"not_picked":["Guardian:RollAttack","Guardian:WalkerClaw"],"picked":"Guardian:PrismaticBarrier","floor":15.0},{"not_picked":["Guardian:GatlingBeam","Guardian:GemFire"],"picked":"Guardian:AncientConstruct","floor":16.0},{"not_picked":["Guardian:TemporalShield","Guardian:Incinerate"],"picked":"Guardian:Gem_Red","floor":19.0},{"not_picked":["Guardian:TemporalShield+1","Guardian:Gem_Red"],"picked":"Guardian:Gem_Blue","floor":20.0},{"not_picked":["Guardian:VentSteam","Guardian:Gem_Cyan"],"picked":"Guardian:PrismaticBarrier","floor":21.0},{"not_picked":["Guardian:EvasiveProtocol+1","Guardian:TemporalStrike"],"picked":"Guardian:Orbwalk","floor":22.0},{"not_picked":["Guardian:Repulse","Guardian:TemporalStrike"],"picked":"Guardian:Gem_Crimson","floor":22.0},{"not_picked":["Guardian:SpikerProtocol+1","Guardian:WalkerClaw"],"picked":"Guardian:Gem_Fragmented","floor":22.0},{"not_picked":["Guardian:ExploitGems","Guardian:GuardianWhirl"],"picked":"Guardian:Gem_Purple","floor":25.0},{"not_picked":["Guardian:ShieldCharger+1","Guardian:Gem_Crimson"],"picked":"Guardian:Gem_Orange","floor":27.0},{"not_picked":["Guardian:Harden","Guardian:ShieldCharger"],"picked":"Guardian:Gem_Green","floor":28.0},{"not_picked":["Guardian:Recover","Guardian:PiercingHide"],"picked":"Guardian:CrystalBeam","floor":29.0},{"not_picked":["Guardian:RollAttack","Guardian:WalkerClaw+1"],"picked":"Guardian:Gem_Purple","floor":30.0},{"not_picked":["Guardian:PiercingHide","Guardian:RefractedBeam+1"],"picked":"Guardian:Gem_Fragmented","floor":31.0},{"not_picked":["Guardian:ShieldCharger","Guardian:Suspension+1"],"picked":"Guardian:Gem_Synthetic","floor":32.0},{"not_picked":["Guardian:StasisEngine","Guardian:TimeSifter"],"picked":"Guardian:StasisField","floor":33.0},{"not_picked":["Guardian:ShieldCharger","Guardian:VentSteam+1","Guardian:Planning+1","REME_MagicPocketWatch+1"],"picked":"SKIP","floor":36.0},{"not_picked":["Guardian:FloatingOrbs+1","Guardian:WalkerClaw+1","expansioncontent:Torchfire+1"],"picked":"Guardian:Gem_Red","floor":38.0},{"not_picked":["Guardian:Incinerate+1","Guardian:Gem_Red","Guardian:Gem_Green"],"picked":"The Bomb","floor":39.0},{"not_picked":["Guardian:TimeBomb","Guardian:PiercingHide+1","Guardian:Incinerate","REME_PuzzleBox"],"picked":"SKIP","floor":42.0},{"not_picked":["Guardian:PiercingHide+1","Guardian:CrystalBeam+1","Replay:BasicMightCard+1"],"picked":"Guardian:Gem_Red","floor":43.0},{"not_picked":["Guardian:Gem_Cyan","Guardian:CrystalBeam+1","Guardian:TemporalShield+1"],"picked":"Panacea+1","floor":49.0},{"not_picked":["Guardian:Clone","Guardian:StasisEngine","REME_BodyOfCthun"],"picked":"Guardian:Gem_Synthetic","floor":52.0}],"player_experience":293108,"relics_obtained":[{"floor":12.0,"key":"Boot"},{"floor":12.0,"key":"Bird Faced Urn"},{"floor":24.0,"key":"Bottled Flame"},{"floor":25.0,"key":"Gremlin Horn"},{"floor":25.0,"key":"ReplayTheSpireMod:TigerMarble"},{"floor":27.0,"key":"PreservedInsect"},{"floor":27.0,"key":"CaptainsWheel"},{"floor":29.0,"key":"InkBottle"},{"floor":29.0,"key":"Replay:Bottled Eggs"},{"floor":31.0,"key":"StrikeDummy"},{"floor":31.0,"key":"Letter Opener"},{"floor":34.0,"key":"Gremlin Food"},{"floor":34.0,"key":"Replay:Mystery Machine"},{"floor":41.0,"key":"Mirror"},{"floor":42.0,"key":"Dream Catcher"},{"floor":42.0,"key":"Anchor"},{"floor":52.0,"key":"Replay:Kaleidoscope"},{"floor":52.0,"key":"REME_HourglassOfDeath"}],"event_choices":[{"damage_healed":0.0,"max_hp_gain":0.0,"max_hp_loss":0.0,"gold_gain":0.0,"event_name":"Scrap Ooze","player_choice":"Success","floor":3.0,"gold_loss":0.0,"damage_taken":25.0,"relics_obtained":["Replay:Wax Seal"]},{"cards_removed":["Guardian:Gem_Purple"],"damage_healed":0.0,"max_hp_gain":0.0,"max_hp_loss":0.0,"gold_gain":0.0,"event_name":"Falling","player_choice":"Removed Skill","floor":45.0,"gold_loss":0.0,"damage_taken":0.0}],"is_beta":false,"boss_relics":[{"not_picked":["vexMod:FluxCapacitor","Pandora\u0027s Box"],"picked":"vexMod:ImprovementManual"},{"not_picked":["vexMod:TanglingVine","Replay:Ancient Bell"],"picked":"REME_LowDesire"}],"items_purged_floors":[6,6,14,14,21,21,21,21,26,28,39,39,44,44,44,44,53,53],"is_endless":false,"potions_floor_spawned":[11,13,15,16,20,25,29,33,36,43,49],"ascension_level":0}}