{"host":"f6xgumyvn8a66tyr","time":1609730703,"event":{"mods":["BaseMod","Card Forge","ChefMod","Downfall","Hermit","Infinite Spire","Jedi Mod","Marisa????????","Melee Mod","Minty Spire (QoL Compilation)","Replay The Spire","Small Relic Pack","Spicy Shops","StSLib","The Alterego","The Bladedancer","The Marked","The Runesmith","The Servant 0.9.4","TheSwordswoman","Waifu the Spire","WarShipGirlsR/????R mod","Yuri Mod"],"gold_per_floor":[361,361,22,41,57,57,84,84,84,103,116,66,66,76,76,175,175,186,203,203,223,223,223,239,257,283,283,283],"floor_reached":27,"playtime":1934,"items_purged":["Decay"],"score":217,"play_id":"41f805d5-d413-4275-bc10-3752c4d72a46","local_time":"20210103192503","is_ascension_mode":false,"campfire_choices":[{"data":"yuri:GrowingInsanity","floor":6,"key":"SMITH"},{"floor":8,"key":"REST"},{"data":"yuri:DeepBreathing","floor":13,"key":"SMITH"},{"data":"yuri:Oolong","floor":15,"key":"SMITH"},{"data":"expansioncontent:StudyTheSpire","floor":23,"key":"SMITH"}],"circlet_count":0,"master_deck":["yuri:yuriStrike","yuri:yuriStrike","yuri:yuriStrike","yuri:yuriDefend","yuri:yuriDefend","yuri:yuriDefend","yuri:Oolong+1","yuri:ReactiveMadness","yuri:GrowingInsanity+1","yuri:yuriQuickStrike","yuri:BookRed","yuri:SturdyUniform","yuri:WickedSlash","yuri:DeepBreathing+1","yuri:HeavierStrike","yuri:ChibiInvasion","yuri:Stare","yuri:TPose","relicPack:TruthCard","Berserk","expansioncontent:StudyTheSpire+1","Scrawl","yuri:TeaSet","yuri:Spin"],"relics":["yuri:yuriKnife","Hammer of Thor","Seething Fire","Anvil of the Gods","Snack Pack","Replay:Accelerometer","Lantern","Calling Bell","Dream Catcher","Matryoshka","FossilizedHelix","relicPack:EdsArm","Shuriken","infinitespire:PuzzleCube"],"acts_visited":["Exordium","TheCity"],"potions_floor_usage":[16,16,25,27],"damage_taken":[{"damage":5,"enemies":"2 Louse","floor":1,"turns":2},{"damage":4,"enemies":"Cultist","floor":4,"turns":3},{"damage":15,"enemies":"Jaw Worm","floor":5,"turns":4},{"damage":50,"enemies":"3 Sentries","floor":7,"turns":7},{"damage":1,"enemies":"Looter","floor":10,"turns":4},{"damage":1,"enemies":"Red Slaver","floor":11,"turns":4},{"damage":9,"enemies":"Blue Slaver","floor":14,"turns":3},{"damage":39,"enemies":"Slime Boss","floor":16,"turns":9},{"damage":28,"enemies":"2 Thieves","floor":18,"turns":4},{"damage":13,"enemies":"Chosen","floor":19,"turns":4},{"damage":30,"enemies":"Snake Plant","floor":21,"turns":5},{"damage":33,"enemies":"Cultist and Chosen","floor":24,"turns":5},{"damage":15,"enemies":"Chosen and Byrds","floor":25,"turns":4},{"damage":31,"enemies":"Centurion and Healer","floor":27,"turns":9}],"seed_played":"5090256313811679906","potions_obtained":[{"floor":7,"key":"Reflective Coating"},{"floor":10,"key":"Adrenaline Potion"},{"floor":16,"key":"Venom Potion"},{"floor":25,"key":"SteroidPotion"}],"is_trial":false,"path_per_floor":["M","?","$","M","M","R","E","R","T","M","M","$","R","M","R","B",null,"M","M","?","M","?","R","M","M","T","M"],"character_chosen":"YURI","items_purchased":["yuri:GrowingInsanity","yuri:yuriQuickStrike","Snack Pack","yuri:HeavierStrike"],"campfire_rested":1,"item_purchase_floors":[3,3,3,12],"current_hp_per_floor":[51,51,51,51,42,42,1,25,25,32,37,37,37,36,36,11,80,57,56,56,36,36,36,23,19,19,0,0],"gold":283,"neow_bonus":"TWO_FIFTY_GOLD","is_daily":false,"chose_seed":false,"campfire_upgraded":4,"win_rate":0.0,"timestamp":1609730703,"path_taken":["M","?","$","M","M","R","E","R","T","M","M","$","R","M","R","BOSS","M","M","?","?","?","R","M","M","T","M"],"items_purchased_type":["Card","Card","Relic","Card"],"build_version":"2020-12-22","purchased_purges":1,"victory":false,"max_hp_per_floor":[80,80,80,80,80,80,80,80,80,80,80,80,80,80,80,80,80,80,80,80,80,75,75,75,75,75,75,75],"card_choices":[{"not_picked":["yuri:BookRed","yuri:HoldBack"],"picked":"yuri:ReactiveMadness","floor":1},{"not_picked":["yuri:Skip","yuri:RecklessStrike"],"picked":"yuri:GrowingInsanity","floor":4},{"not_picked":["yuri:yuriQuickStrike","yuri:DejaVu"],"picked":"yuri:BookRed","floor":5},{"not_picked":["yuri:Virus","yuri:Parry"],"picked":"yuri:SturdyUniform","floor":7},{"not_picked":["yuri:RecklessStrike","yuri:GlitchedStrike"],"picked":"yuri:WickedSlash","floor":10},{"not_picked":["yuri:CalmingAura","yuri:UntestedCode"],"picked":"yuri:DeepBreathing","floor":11},{"not_picked":["yuri:TPose","yuri:HeavierStrike"],"picked":"yuri:ChibiInvasion","floor":14},{"not_picked":["yuri:yuriHeavyStrike","yuri:DebugCard"],"picked":"yuri:Stare","floor":18},{"not_picked":["yuri:RecklessStrike","yuri:ThrowingKnives+1"],"picked":"yuri:TPose","floor":19},{"not_picked":["yuri:SelfHarm","yuri:InduceGlitch","yuri:BrokenCode"],"picked":"SKIP","floor":21},{"not_picked":["yuri:BookPurple","yuri:JumpScare"],"picked":"yuri:TeaSet","floor":24},{"not_picked":["yuri:GlitchedStrike","yuri:ThrowBook"],"picked":"yuri:Spin","floor":25}],"player_experience":261619,"relics_obtained":[{"floor":7,"key":"Replay:Accelerometer"},{"floor":9,"key":"Lantern"},{"floor":17,"key":"Dream Catcher"},{"floor":17,"key":"Matryoshka"},{"floor":17,"key":"FossilizedHelix"},{"floor":26,"key":"Shuriken"},{"floor":26,"key":"infinitespire:PuzzleCube"}],"event_choices":[{"damage_healed":0,"gold_gain":0,"player_choice":"Cursed","damage_taken":0,"max_hp_gain":0,"max_hp_loss":0,"event_name":"Wheel of Change","floor":2,"gold_loss":0,"cards_obtained":["Decay"]},{"cards_removed":["yuri:GrowingInsanity"],"damage_healed":0,"gold_gain":0,"player_choice":"Purged","damage_taken":0,"max_hp_gain":0,"max_hp_loss":0,"event_name":"Purifier","floor":20,"gold_loss":0}],"is_beta":false,"boss_relics":[{"not_picked":["Snecko Eye","Runesmith:UraniumAnvil"],"picked":"Calling Bell"}],"items_purged_floors":[3],"is_endless":false,"potions_floor_spawned":[7,10,16,25],"killed_by":"Centurion and Healer","ascension_level":0}}