{"host":"g01l53quoe6lrer0","time":1609769688,"event":{"mods":["2.2 Compatiblity","AchievementEnabler","BaseMod","Colored Map","Highlight Path","Keyboard Shortcuts","Minty Spire (QoL Compilation)","Permanent Neow","Quick Restart","StSLib","SuperFastMode","everything is the same but u backflip on backflip"],"gold_per_floor":[115,48,59,59,70,101,101,131,212,223,223,234,309,279,279,375,375,362,287,302,312,109,123,123,123,147,159,258,277,277,57,57,161,161,172,172,100,115,115,126,126,143,143,143,143,163,163,13,13,13],"floor_reached":51,"playtime":4530,"items_purged":["Defend_P","Defend_P","Defend_P","Strike_P"],"score":745,"play_id":"7620d468-bc8f-465a-8d2a-c47f04aab02c","local_time":"20210104231448","is_ascension_mode":true,"campfire_choices":[{"data":"MentalFortress","floor":7.0,"key":"SMITH"},{"data":"MentalFortress","floor":11.0,"key":"SMITH"},{"floor":15.0,"key":"REST"},{"floor":24,"key":"REST"},{"floor":32,"key":"REST"},{"floor":41,"key":"REST"},{"floor":44,"key":"REST"},{"floor":47,"key":"REST"},{"floor":49,"key":"REST"}],"circlet_count":0,"master_deck":["Strike_P","Eruption+1","Vigilance","DeusExMachina","FearNoEvil","MentalFortress+1","MentalFortress+1","FlurryOfBlows","CurseOfTheBell","Purity","Adaptation"],"relics":["PureWater","Bird Faced Urn","PreservedInsect","Singing Bowl","Calling Bell","Bronze Scales","Pear","Du-Vu Doll","Art of War","VioletLotus"],"acts_visited":["Exordium","TheCity","TheBeyond"],"potions_floor_usage":[16,16,16,23,23,23,33,33,42,46,46,50],"damage_taken":[{"damage":2.0,"enemies":"Jaw Worm","floor":1.0,"turns":3.0},{"damage":0.0,"enemies":"Cultist","floor":3.0,"turns":3.0},{"damage":0.0,"enemies":"Small Slimes","floor":5.0,"turns":3.0},{"damage":4.0,"enemies":"Lagavulin","floor":6.0,"turns":6.0},{"damage":21.0,"enemies":"3 Sentries","floor":8.0,"turns":10.0},{"damage":12.0,"enemies":"Blue Slaver","floor":10.0,"turns":3.0},{"damage":25.0,"enemies":"Gremlin Gang","floor":12.0,"turns":5.0},{"damage":30,"enemies":"The Guardian","floor":16,"turns":13},{"damage":17,"enemies":"2 Thieves","floor":18,"turns":4},{"damage":0,"enemies":"Spheric Guardian","floor":20,"turns":3},{"damage":2,"enemies":"Centurion and Healer","floor":21,"turns":5},{"damage":35,"enemies":"Cultist and Chosen","floor":23,"turns":8},{"damage":17,"enemies":"Chosen and Byrds","floor":27,"turns":6},{"damage":9,"enemies":"Centurion and Healer","floor":29,"turns":4},{"damage":34,"enemies":"Champ","floor":33,"turns":10},{"damage":32,"enemies":"3 Darklings","floor":35,"turns":6},{"damage":46,"enemies":"3 Shapes","floor":38,"turns":5},{"damage":14,"enemies":"Jaw Worm Horde","floor":40,"turns":4},{"damage":31,"enemies":"Sphere and 2 Shapes","floor":42,"turns":6},{"damage":59,"enemies":"Transient","floor":46,"turns":5},{"damage":45,"enemies":"Awakened One","floor":50,"turns":4}],"seed_played":"-4416162528132590241","potions_obtained":[{"floor":6.0,"key":"Weak Potion"},{"floor":12.0,"key":"BlessingOfTheForge"},{"floor":14.0,"key":"Weak Potion"},{"floor":14.0,"key":"DuplicationPotion"},{"floor":20,"key":"SpeedPotion"},{"floor":27,"key":"Block Potion"},{"floor":29,"key":"SteroidPotion"},{"floor":33,"key":"SteroidPotion"},{"floor":38,"key":"PowerPotion"},{"floor":42,"key":"FearPotion"}],"is_trial":false,"path_per_floor":["M","$","M","?","M","E","R","E","T","M","R","M","?","?","R","B",null,"M","$","M","M","$","M","R","?","T","M","?","M","?","$","R","B",null,"M","?","$","M","?","M","R","M","T","R","?","M","R","$","R","B",null],"character_chosen":"WATCHER","items_purchased":["MentalFortress","EntropicBrew","Madness","Adaptation"],"campfire_rested":7,"item_purchase_floors":[2,22,31,37],"current_hp_per_floor":[63,63,63,63,63,59,59,42,42,36,36,17,6,6,26,4,81,66,66,70,74,74,45,71,71,71,60,60,57,57,57,84,56,95,67,67,67,29,29,23,53,32,32,62,62,11,42,42,73,34],"gold":13,"neow_bonus":"TRANSFORM_TWO_CARDS","is_daily":false,"chose_seed":false,"campfire_upgraded":2,"win_rate":0.0,"timestamp":1609769688,"path_taken":["M","$","M","?","?","E","R","E","T","M","R","M","?","?","R","BOSS","M","$","M","?","$","M","R","?","T","M","?","M","?","$","R","BOSS","M","?","$","M","?","?","R","M","T","R","?","M","R","$","R","BOSS"],"items_purchased_type":["Card","Potion","Card","Card"],"build_version":"2020-12-22","purchased_purges":4,"victory":true,"max_hp_per_floor":[65,65,65,65,65,65,65,65,65,67,67,69,69,69,69,71,81,83,83,85,87,87,89,89,89,89,91,91,93,93,93,93,95,95,97,97,97,99,99,101,101,103,103,103,103,105,105,105,105,105],"card_choices":[{"not_picked":["CutThroughFate","JustLucky","WheelKick"],"picked":"SKIP","floor":1.0},{"not_picked":["CutThroughFate","JustLucky","WheelKick"],"picked":"SKIP","floor":1.0},{"not_picked":["DeceiveReality","Consecrate","Protect"],"picked":"SKIP","floor":3.0},{"not_picked":["Indignation","Protect"],"picked":"MentalFortress","floor":5.0},{"not_picked":["Establishment","Alpha","BowlingBash"],"picked":"SKIP","floor":6.0},{"not_picked":["Establishment","Alpha","BowlingBash"],"picked":"SKIP","floor":6.0},{"not_picked":["Perseverance","FlyingSleeves"],"picked":"FlurryOfBlows","floor":8.0},{"not_picked":["Crescendo","MasterReality","Protect"],"picked":"Singing Bowl","floor":10.0},{"not_picked":["BattleHymn","Sanctity","FlurryOfBlows"],"picked":"Singing Bowl","floor":12.0},{"not_picked":["ConjureBlade","Ragnarok","Devotion"],"picked":"Singing Bowl","floor":16},{"not_picked":["CarveReality","PathToVictory+1","Consecrate"],"picked":"Singing Bowl","floor":18},{"not_picked":["FlurryOfBlows","Collect+1","InnerPeace"],"picked":"Singing Bowl","floor":20},{"not_picked":["CutThroughFate","CrushJoints+1","DeusExMachina"],"picked":"Singing Bowl","floor":21},{"not_picked":["Crescendo","Protect","SashWhip+1"],"picked":"Singing Bowl","floor":23},{"not_picked":["Halt","EmptyFist+1","Nirvana"],"picked":"Singing Bowl","floor":27},{"not_picked":["JustLucky","Crescendo","BowlingBash"],"picked":"Singing Bowl","floor":29},{"not_picked":["LessonLearned","Omniscience","Alpha"],"picked":"Singing Bowl","floor":33},{"not_picked":["EmptyBody+1","Wallop","JustLucky"],"picked":"Singing Bowl","floor":35},{"not_picked":["Panacea","Swift Strike"],"picked":"Purity","floor":36},{"not_picked":["Wallop","ThirdEye+1","InnerPeace+1"],"picked":"Singing Bowl","floor":38},{"not_picked":["Swivel","BattleHymn","PathToVictory"],"picked":"Singing Bowl","floor":40},{"not_picked":["ClearTheMind+1","Prostrate","Wireheading"],"picked":"Singing Bowl","floor":42},{"not_picked":["Nirvana+1","ThirdEye","PathToVictory+1"],"picked":"Singing Bowl","floor":46}],"player_experience":76818,"relics_obtained":[{"floor":6.0,"key":"Bird Faced Urn"},{"floor":8.0,"key":"PreservedInsect"},{"floor":9.0,"key":"Singing Bowl"},{"floor":17,"key":"Bronze Scales"},{"floor":17,"key":"Pear"},{"floor":17,"key":"Du-Vu Doll"},{"floor":26,"key":"Art of War"}],"event_choices":[{"damage_healed":0.0,"max_hp_gain":0.0,"max_hp_loss":0.0,"gold_gain":0.0,"event_name":"Upgrade Shrine","player_choice":"Upgraded","floor":4.0,"gold_loss":0.0,"damage_taken":0.0,"cards_upgraded":["Eruption"]},{"damage_healed":0.0,"max_hp_gain":0.0,"max_hp_loss":0.0,"gold_gain":75.0,"event_name":"World of Goop","player_choice":"Gather Gold","floor":13.0,"gold_loss":0.0,"damage_taken":11.0},{"damage_healed":0.0,"max_hp_gain":0.0,"max_hp_loss":0.0,"gold_gain":0.0,"event_name":"The Woman in Blue","player_choice":"Bought 2 Potions","floor":14.0,"gold_loss":0.0,"damage_taken":0.0},{"damage_healed":0,"gold_gain":0,"player_choice":"Ignored","damage_taken":0,"max_hp_gain":0,"max_hp_loss":0,"event_name":"Ghosts","floor":25,"gold_loss":0},{"damage_healed":0,"gold_gain":99,"player_choice":"Stole From Cult","damage_taken":0,"max_hp_gain":0,"max_hp_loss":0,"event_name":"Nest","floor":28,"gold_loss":0},{"cards_removed":["Strike_P"],"damage_healed":0,"gold_gain":0,"player_choice":"Elegance","damage_taken":0,"max_hp_gain":0,"max_hp_loss":0,"event_name":"Back to Basics","floor":30,"gold_loss":0},{"damage_healed":0,"gold_gain":0,"player_choice":"Memory 1","damage_taken":0,"max_hp_gain":0,"max_hp_loss":0,"event_name":"SensoryStone","floor":36,"gold_loss":0},{"damage_healed":0,"gold_gain":0,"player_choice":"0 cards matched","damage_taken":0,"max_hp_gain":0,"max_hp_loss":0,"event_name":"Match and Keep!","floor":39,"gold_loss":0,"cards_obtained":[]},{"damage_healed":0,"gold_gain":0,"player_choice":"0 cards matched","damage_taken":0,"max_hp_gain":0,"max_hp_loss":0,"event_name":"Match and Keep!","floor":39,"gold_loss":0,"cards_obtained":[]},{"cards_removed":["Madness"],"damage_healed":0,"gold_gain":0,"player_choice":"Removed Skill","damage_taken":0,"max_hp_gain":0,"max_hp_loss":0,"event_name":"Falling","floor":45,"gold_loss":0}],"is_beta":false,"boss_relics":[{"not_picked":["Snecko Eye","Ectoplasm"],"picked":"Calling Bell"},{"not_picked":["Runic Pyramid","Runic Dome"],"picked":"VioletLotus"}],"items_purged_floors":[19,22,31,48],"is_endless":false,"potions_floor_spawned":[6,12,20,27,29,33,38,40,42],"ascension_level":2}}