{"host":"q2j4ef1ti78v4imq","time":1609773155,"event":{"mods":["AchievementEnabler","BaseMod","Better Altar","Better Match","Better Note","Better Sensory Stone","Better Skull","Better Third Choice","Block Reminder","Hermit","Minty Spire (QoL Compilation)","Relic Stats","Replay The Spire","Shade Mod","StSLib"],"gold_per_floor":[118,293,310,385,401,434,434,434,434,434,451,465,477,477,477,578,578,592,592,286,306,325,325,325,325,325,325,325,325],"floor_reached":28,"playtime":945,"items_purged":["Doubt"],"score":338,"play_id":"c53d76af-c623-4675-827d-6a965b822af9","local_time":"20210104151235","is_ascension_mode":true,"campfire_choices":[{"floor":8,"key":"REST"},{"data":"Eruption","floor":10,"key":"SMITH"},{"data":"Wallop","floor":15,"key":"SMITH"},{"floor":23,"key":"REST"},{"data":"Mayhem","floor":25,"key":"SMITH"},{"data":"Judgement","floor":27,"key":"SMITH"}],"circlet_count":0,"master_deck":["AscendersBane","Strike_P+1","Strike_P+1","Strike_P+1","Strike_P+1","Defend_P","Defend_P","Defend_P","Defend_P","Eruption+1","Vigilance","Evaluate","Wallop+1","CrushJoints","ThirdEye","Vault+1","FlurryOfBlows","MentalFortress","Judgement+1","CrushJoints+1","Tantrum","CutThroughFate","Mayhem+1","Tantrum","BowlingBash+1"],"relics":["HolyWater","Omamori","FaceOfCleric","Bottled Flame","ReplayTheSpireMod:CursedCoin","Lantern","Replay:Bottled Eggs"],"acts_visited":["Exordium","TheCity"],"potions_floor_usage":[11,16,22],"damage_taken":[{"damage":4,"enemies":"Small Slimes","floor":1,"turns":4},{"damage":0,"enemies":"Cultist","floor":3,"turns":2},{"damage":0,"enemies":"2 Louse","floor":5,"turns":2},{"damage":48,"enemies":"3 Sentries","floor":6,"turns":18},{"damage":0,"enemies":"Blue Slaver","floor":11,"turns":2},{"damage":0,"enemies":"2 Fungi Beasts","floor":12,"turns":5},{"damage":0,"enemies":"Exordium Thugs","floor":13,"turns":4},{"damage":22,"enemies":"The Guardian","floor":16,"turns":14},{"damage":6,"enemies":"2 Thieves","floor":18,"turns":5},{"damage":0,"enemies":"Spheric Guardian","floor":21,"turns":1},{"damage":48,"enemies":"Cultist and Chosen","floor":22,"turns":7},{"damage":62,"enemies":"Gremlin Leader","floor":28,"turns":3}],"seed_played":"4978920640761182864","potions_obtained":[{"floor":1,"key":"FearPotion"},{"floor":11,"key":"AttackPotion"},{"floor":16,"key":"Strength Potion"},{"floor":21,"key":"SkillPotion"}],"is_trial":false,"path_per_floor":["M","?","M","?","M","E","?","R","T","R","M","M","M","?","R","B",null,"M","?","$","M","M","R","?","R","T","R","E"],"character_chosen":"WATCHER","items_purchased":["ReplayTheSpireMod:CursedCoin","CutThroughFate","Lantern","Mayhem"],"campfire_rested":2,"item_purchase_floors":[20,20,20,20],"current_hp_per_floor":[68,68,68,57,57,9,9,32,32,32,33,34,35,35,35,14,66,61,61,61,62,15,40,40,40,40,40,0,0],"gold":325,"neow_bonus":"TEN_PERCENT_HP_BONUS","is_daily":false,"chose_seed":false,"campfire_upgraded":4,"win_rate":0.0,"timestamp":1609773155,"path_taken":["M","?","M","?","M","E","?","R","T","R","M","M","?","?","R","BOSS","M","?","$","M","M","R","?","R","T","R","E"],"items_purchased_type":["Relic","Card","Relic","Card"],"build_version":"2020-12-22","purchased_purges":1,"victory":false,"max_hp_per_floor":[79,79,79,79,79,79,79,79,79,79,80,81,82,82,82,83,83,84,84,84,85,86,86,86,86,86,86,86,86],"relic_stats":{"FaceOfCleric":7,"counters":[12,67],"obtain_stats":[{"Bottled Flame":9,"Lantern":20,"FaceOfCleric":7,"ReplayTheSpireMod:CursedCoin":20,"HolyWater":17,"Omamori":6,"PureWater":0,"Replay:Bottled Eggs":26},{"Bottled Flame":4,"Lantern":9,"FaceOfCleric":4,"ReplayTheSpireMod:CursedCoin":9,"HolyWater":8,"Omamori":4,"PureWater":0,"Replay:Bottled Eggs":11},{"Bottled Flame":26,"Lantern":56,"FaceOfCleric":26,"ReplayTheSpireMod:CursedCoin":56,"HolyWater":51,"Omamori":26,"PureWater":0,"Replay:Bottled Eggs":64}]},"card_choices":[{"not_picked":["Replay:ManipulateFuture","ClearTheMind"],"picked":"Evaluate","floor":1},{"not_picked":["EmptyFist","FlyingSleeves"],"picked":"Wallop","floor":3},{"not_picked":["Consecrate","Replay:DivineShield"],"picked":"CrushJoints","floor":5},{"not_picked":["Replay:AtTheReady","Conclude"],"picked":"ThirdEye","floor":6},{"not_picked":["JustLucky","Wallop"],"picked":"Vault","floor":11},{"not_picked":["Evaluate","FlyingSleeves"],"picked":"FlurryOfBlows","floor":12},{"not_picked":["Replay:Vibes","Indignation"],"picked":"MentalFortress","floor":13},{"not_picked":["Brilliance","Omniscience"],"picked":"Judgement","floor":16},{"not_picked":["ThirdEye","SignatureMove"],"picked":"CrushJoints+1","floor":18},{"not_picked":["WaveOfTheHand","Fasting2"],"picked":"Tantrum","floor":21},{"not_picked":["CrushJoints","Fasting2"],"picked":"BowlingBash+1","floor":22}],"player_experience":828332,"relics_obtained":[{"floor":6,"key":"Omamori"},{"floor":9,"key":"Bottled Flame"},{"floor":26,"key":"Replay:Bottled Eggs"}],"event_choices":[{"damage_healed":0,"gold_gain":175,"player_choice":"AGREE","damage_taken":118,"max_hp_gain":0,"max_hp_loss":0,"event_name":"betterThird:BetterSerpent","floor":2,"gold_loss":0},{"damage_healed":0,"gold_gain":75,"player_choice":"Gold","damage_taken":11,"max_hp_gain":0,"max_hp_loss":0,"event_name":"betterThird:BetterGoop","floor":4,"gold_loss":0},{"damage_healed":0,"gold_gain":0,"player_choice":"Trade","damage_taken":0,"relics_obtained":["FaceOfCleric"],"max_hp_gain":0,"max_hp_loss":0,"event_name":"FaceTrader","floor":7,"gold_loss":0},{"damage_healed":0,"gold_gain":0,"player_choice":"Grow","damage_taken":0,"max_hp_gain":0,"max_hp_loss":0,"event_name":"Living Wall","floor":14,"gold_loss":0,"cards_upgraded":["Vault"]},{"damage_healed":0,"gold_gain":0,"player_choice":"Read","damage_taken":0,"max_hp_gain":0,"max_hp_loss":0,"event_name":"The Library","floor":19,"gold_loss":0,"cards_obtained":["Tantrum"]},{"damage_healed":0,"gold_gain":0,"player_choice":"Ignored","damage_taken":0,"max_hp_gain":0,"max_hp_loss":0,"event_name":"Ghosts","floor":24,"gold_loss":0}],"is_beta":false,"boss_relics":[{"not_picked":["Kintsugi","Replay:Grab Bag"],"picked":"HolyWater"}],"items_purged_floors":[20],"is_endless":false,"potions_floor_spawned":[1,11,16,21],"killed_by":"Gremlin Leader","ascension_level":11}}