{"host":"ockkdcgl3b18tfz9","time":1609754147,"event":{"mods":["2.2 Compatiblity","BaseMod","Better Skull","Better Third Choice","BetterRewards","Hermit","Minty Spire (QoL Compilation)","Quick Restart","Replay The Spire","Spicy Shops","StSLib","SuperFastMode","The Jungle"],"gold_per_floor":[114,126,139,152,169,169,202,202,228,228,240,271,332,51,51,151,151,164,197,122,122,142,153,153,252,252,252,277,377,377,228,228,324,324,334,17,37,92,102,102,102,129,129,129,149,163,213,224,224,224,224,224,48,48,48],"floor_reached":54,"playtime":2118,"items_purged":["ReplayTheSpireMod:Splinters","CommonCold","Pride"],"score":1317,"play_id":"cd392cbe-253e-40af-b386-0d98eb82a0c2","local_time":"20210104165547","is_ascension_mode":true,"campfire_choices":[{"data":"Defragment","floor":6.0,"key":"SMITH"},{"data":"Panic Button","floor":8.0,"key":"SMITH"},{"data":"Coolheaded","floor":10.0,"key":"SMITH"},{"floor":15.0,"key":"REST"},{"floor":24.0,"key":"RECALL"},{"floor":30.0,"key":"REST"},{"data":"Strike_B","floor":32.0,"key":"PURGE"},{"data":"Buffer","floor":40.0,"key":"SMITH"},{"floor":44.0,"key":"REST"},{"floor":49.0,"key":"DIG"},{"floor":52.0,"key":"DIG"}],"circlet_count":0,"master_deck":["AscendersBane","Defend_B","Defend_B+1","Defend_B","Defend_B+1","Zap","Dualcast","Panic Button+1","Defragment+1","Coolheaded+1","Doom and Gloom","Skim","Melter","Steam","Hello World","Self Repair","Machine Learning","Compile Driver","Static Discharge","Force Field","Coolheaded","Buffer+1","Storm","Turbo","Thunder Strike","Heatsinks","Hello World","Go for the Eyes","Biased Cognition","Hello World","Heatsinks+1","Glacier","Rainbow","White Noise","FIFO Queue","Undo","Rip and Tear+1"],"relics":["Cracked Core","Lee\u0027s Waffle","Replay:Rubber Ducky","Replay:PocketPolymizer","StoneCalendar","Anchor","Art of War","Replay:WaspNest","Orrery","Ring of Chaos","Red Mask","Peace Pipe","Replay:Towering Pillar of Hats","Pear","Membership Card","ReplayTheSpireMod:CursedCoin","Blue Doll","Black Star","TungstenRod","OrangePellets","ClockworkSouvenir","Thread and Needle","Solar Panel","Juzu Bracelet","Simple Rune","Shovel","Kunai","InkBottle","Counterbalance"],"acts_visited":["Exordium","TheCity","TheBeyond","TheEnding"],"potions_floor_usage":[],"damage_taken":[{"damage":0.0,"enemies":"Cultist","floor":1.0,"turns":3.0},{"damage":9.0,"enemies":"2 Louse","floor":2.0,"turns":4.0},{"damage":0.0,"enemies":"Small Slimes","floor":3.0,"turns":3.0},{"damage":7.0,"enemies":"Red Slaver","floor":4.0,"turns":3.0},{"damage":9.0,"enemies":"Looter","floor":5.0,"turns":2.0},{"damage":7.0,"enemies":"Replay:BlueRogue","floor":7.0,"turns":6.0},{"damage":1.0,"enemies":"Blue Slaver","floor":11.0,"turns":3.0},{"damage":7.0,"enemies":"Lagavulin","floor":12.0,"turns":7.0},{"damage":4.0,"enemies":"Fading Forest","floor":16.0,"turns":11.0},{"damage":3.0,"enemies":"Shell Parasite","floor":18.0,"turns":5.0},{"damage":26.0,"enemies":"Masked Bandits","floor":19.0,"turns":4.0},{"damage":0.0,"enemies":"Chosen","floor":22.0,"turns":3.0},{"damage":15.0,"enemies":"Shelled Parasite and Fungi","floor":23.0,"turns":4.0},{"damage":0.0,"enemies":"Gremlin Leader","floor":28.0,"turns":8.0},{"damage":6.0,"enemies":"Colosseum Slavers","floor":29.0,"turns":4.0},{"damage":1.0,"enemies":"Colosseum Nobs","floor":29.0,"turns":5.0},{"damage":36.0,"enemies":"Automaton","floor":33.0,"turns":15.0},{"damage":0.0,"enemies":"Orb Walker","floor":35.0,"turns":5.0},{"damage":9.0,"enemies":"3 Shapes","floor":37.0,"turns":4.0},{"damage":33.0,"enemies":"2 Orb Walkers","floor":38.0,"turns":4.0},{"damage":0.0,"enemies":"Maw","floor":39.0,"turns":6.0},{"damage":18.0,"enemies":"Giant Head","floor":42.0,"turns":10.0},{"damage":0.0,"enemies":"Spire Growth","floor":45.0,"turns":4.0},{"damage":20.0,"enemies":"Sphere and 2 Shapes","floor":46.0,"turns":5.0},{"damage":6.0,"enemies":"Mind Bloom Boss Battle","floor":47.0,"turns":5.0},{"damage":3.0,"enemies":"3 Darklings","floor":48.0,"turns":6.0},{"damage":8.0,"enemies":"Replay:Hell Engine","floor":50.0,"turns":20.0},{"damage":95,"enemies":"Shield and Spear","floor":54,"turns":6}],"seed_played":"6536281410691215565","potions_obtained":[{"floor":2.0,"key":"PowerPotion"},{"floor":3.0,"key":"Adrenaline Potion"},{"floor":7.0,"key":"BlessingOfTheForge"},{"floor":16.0,"key":"Reflective Coating"},{"floor":19.0,"key":"Weak Potion"},{"floor":22.0,"key":"Energy Potion"},{"floor":33.0,"key":"PowerPotion"},{"floor":35.0,"key":"Cursed Concoction"},{"floor":38.0,"key":"FocusPotion"}],"is_trial":false,"path_per_floor":["M","M","M","M","M","R","E","R","T","R","M","E","?","$","R","B",null,"M","?","?","$","M","M","R","?","T","?","E","?","R","$","R","B",null,"M","$","M","?","M","R","?","E","T","R","M","M","?","M","R","B",null,"R","$","E"],"character_chosen":"DEFECT","items_purchased":["Panic Button","Lee\u0027s Waffle","Defragment","Replay:Rubber Ducky","Orrery","Turbo","Membership Card","ReplayTheSpireMod:CursedCoin","Heatsinks+1","Blue Doll","TungstenRod","OrangePellets","ClockworkSouvenir","FIFO Queue","Counterbalance","Rip and Tear+1"],"campfire_rested":3,"item_purchase_floors":[0,0,0,0,14,14,31,31,31,31,36,36,36,36,53,53],"current_hp_per_floor":[82,73,73,66,57,57,50,50,50,50,49,42,42,42,66,82,82,82,63,63,63,63,55,55,55,55,55,62,65,92,92,92,63,85,92,92,90,64,71,71,71,60,60,87,92,85,86,92,92,92,92,92,92,0,0],"gold":48,"neow_bonus":"","is_daily":false,"chose_seed":false,"campfire_upgraded":4,"win_rate":0.0,"timestamp":1609754147,"path_taken":["M","?","M","M","M","R","E","R","T","R","M","E","?","$","R","BOSS","M","?","?","$","M","M","R","?","T","?","E","?","R","?","R","BOSS","M","$","M","?","M","R","?","E","T","R","M","M","?","M","R","BOSS","R","$","E"],"items_purchased_type":["Card","Relic","Card","Relic","Relic","Card","Relic","Relic","Card","Relic","Relic","Relic","Relic","Card","Relic","Card"],"build_version":"2020-12-22","purchased_purges":3,"victory":false,"max_hp_per_floor":[82,82,82,82,82,82,82,82,82,82,82,82,82,82,82,82,82,82,82,82,82,82,82,82,82,82,82,82,92,92,92,92,92,92,92,92,92,92,92,92,92,92,92,92,92,92,92,92,92,92,92,92,92,92,92],"card_choices":[{"not_picked":["Beam Cell","Cold Snap"],"picked":"Coolheaded","floor":1.0},{"not_picked":["Recycle","Conserve Battery"],"picked":"Doom and Gloom","floor":2.0},{"not_picked":["Stack","Gash"],"picked":"Skim","floor":3.0},{"not_picked":["Go for the Eyes","Panic Button"],"picked":"Melter","floor":4.0},{"not_picked":["Skim","Reprogram","Rebound"],"picked":"SKIP","floor":5.0},{"not_picked":["Barrage","ReplaySort"],"picked":"Steam","floor":7.0},{"not_picked":["Steam","Cold Snap"],"picked":"Hello World","floor":11.0},{"not_picked":["ReplayGash","Redo"],"picked":"Self Repair","floor":12.0},{"not_picked":["Compile Driver","Conserve Battery"],"picked":"Machine Learning","floor":13.0},{"not_picked":["Hello World","ReplayTheSpireMod:Calculation Training"],"picked":"Compile Driver","floor":13.0},{"not_picked":["Crystallizer","Darkness"],"picked":"Static Discharge","floor":14.0},{"not_picked":["Steam Power","Seek"],"picked":"Force Field","floor":14.0},{"not_picked":["Fission","Steam"],"picked":"Coolheaded","floor":14.0},{"not_picked":["Heatsinks","Sunder"],"picked":"Buffer","floor":14.0},{"not_picked":["FTL","Reinforced Body"],"picked":"Storm","floor":14.0},{"not_picked":["Multi-Cast","Machine Learning"],"picked":"Thunder Strike","floor":16.0},{"not_picked":["Self Repair","Gash"],"picked":"Heatsinks","floor":18.0},{"not_picked":["Sweeping Beam","Cold Snap"],"picked":"Hello World","floor":19.0},{"not_picked":["Undo+1","Leap"],"picked":"Go for the Eyes","floor":22.0},{"not_picked":["Barrage","Coolheaded","Consume"],"picked":"SKIP","floor":23.0},{"not_picked":["Sunder","Barrage"],"picked":"Biased Cognition","floor":28.0},{"not_picked":["Hologram","Panic Button"],"picked":"Hello World","floor":29.0},{"not_picked":["Seek","Machine Learning"],"picked":"Rainbow","floor":33.0},{"not_picked":["Beam Cell+1","ReplaySort"],"picked":"White Noise","floor":35.0},{"not_picked":["Gash+1","Conserve Battery","Barrage"],"picked":"SKIP","floor":37.0},{"not_picked":["Rip and Tear","Streamline","Leap+1"],"picked":"SKIP","floor":39.0},{"not_picked":["FIFO Queue","Hologram","Rebound"],"picked":"SKIP","floor":42.0},{"not_picked":["BasicCrystalCard","Conserve Battery","ReplayTheSpireMod:Omega Cannon"],"picked":"SKIP","floor":45.0},{"not_picked":["Ball Lightning","Conserve Battery","Hologram+1"],"picked":"SKIP","floor":46.0},{"not_picked":["Barrage","Gash+1","Steam+1"],"picked":"SKIP","floor":48.0}],"player_experience":252000,"relics_obtained":[{"floor":7.0,"key":"StoneCalendar"},{"floor":9.0,"key":"Anchor"},{"floor":12.0,"key":"Art of War"},{"floor":13.0,"key":"Replay:WaspNest"},{"floor":19.0,"key":"Red Mask"},{"floor":28.0,"key":"Peace Pipe"},{"floor":29.0,"key":"Replay:Towering Pillar of Hats"},{"floor":29.0,"key":"Pear"},{"floor":38.0,"key":"Thread and Needle"},{"floor":42.0,"key":"Solar Panel"},{"floor":42.0,"key":"Juzu Bracelet"},{"floor":43.0,"key":"Simple Rune"},{"floor":47.0,"key":"Shovel"},{"floor":49.0,"key":"Kunai"},{"floor":52.0,"key":"InkBottle"}],"event_choices":[{"damage_healed":0.0,"max_hp_gain":0.0,"max_hp_loss":0.0,"gold_gain":0.0,"event_name":"Masked Bandits","player_choice":"Fought Bandits","floor":19.0,"gold_loss":0.0,"damage_taken":0.0},{"cards_removed":["Strike_B"],"damage_healed":0.0,"max_hp_gain":0.0,"max_hp_loss":0.0,"gold_gain":0.0,"event_name":"Beggar","player_choice":"Gave Gold","floor":20.0,"gold_loss":75.0,"damage_taken":0.0},{"damage_healed":0.0,"max_hp_gain":0.0,"max_hp_loss":0.0,"gold_gain":99.0,"event_name":"betterThird:BetterNest","player_choice":"Steal","floor":25.0,"gold_loss":0.0,"damage_taken":0.0},{"damage_healed":0.0,"max_hp_gain":0.0,"max_hp_loss":0.0,"gold_gain":0.0,"event_name":"Vampires","player_choice":"Ignored","floor":27.0,"gold_loss":0.0,"damage_taken":0.0},{"damage_healed":0.0,"max_hp_gain":0.0,"max_hp_loss":0.0,"gold_gain":0.0,"event_name":"Colosseum","player_choice":"Fight","floor":29.0,"gold_loss":0.0,"damage_taken":0.0},{"damage_healed":0.0,"max_hp_gain":0.0,"max_hp_loss":0.0,"gold_gain":0.0,"event_name":"Colosseum","player_choice":"Fought Nobs","floor":29.0,"gold_loss":0.0,"damage_taken":0.0},{"damage_healed":0.0,"max_hp_gain":0.0,"max_hp_loss":0.0,"gold_gain":0.0,"event_name":"Mysterious Sphere","player_choice":"Fight","floor":38.0,"gold_loss":0.0,"damage_taken":0.0},{"damage_healed":0.0,"max_hp_gain":0.0,"max_hp_loss":0.0,"gold_gain":0.0,"event_name":"betterThird:BetterPortal","player_choice":"Ignored","floor":41.0,"gold_loss":0.0,"damage_taken":0.0},{"damage_healed":0.0,"max_hp_gain":0.0,"max_hp_loss":0.0,"gold_gain":0.0,"event_name":"MindBloom","player_choice":"Fight","floor":47.0,"gold_loss":0.0,"damage_taken":0.0}],"is_beta":false,"boss_relics":[{"not_picked":["ChewingGum","ReplayTheSpireMod:Onyx Gauntlets"],"picked":"Ring of Chaos"},{"not_picked":["Runic Pyramid","Replay:Fungal Core"],"picked":"Black Star"}],"items_purged_floors":[14,31,36],"is_endless":false,"potions_floor_spawned":[2,3,7,16,18,19,22,29,33,35,37,38,47],"killed_by":"Shield and Spear","ascension_level":12}}