{"host":"Jedit","time":1609759798,"event":{"mods":["BaseMod","Minty Spire (QoL Compilation)","Relic Stats","StSLib"],"gold_per_floor":[119,119,132,143,163,163,196,28,28,28,28,40,75,75,75,151,201,212,212,262,282,27,27,62,76,76,76,102,102,115,115,115,115,115],"floor_reached":33,"playtime":1392,"items_purged":["Strike_G","Parasite"],"score":661,"play_id":"cff6985b-f71f-4c4e-adaa-5efdf99e39bb","local_time":"20210104112958","is_ascension_mode":true,"campfire_choices":[{"data":"Deadly Poison","floor":6.0,"key":"SMITH"},{"floor":11.0,"key":"REST"},{"data":"Blade Dance","floor":15.0,"key":"SMITH"},{"data":"Well Laid Plans","floor":23.0,"key":"SMITH"},{"floor":27.0,"key":"REST"},{"data":"Cloak And Dagger","floor":29,"key":"SMITH"},{"floor":32,"key":"REST"}],"circlet_count":0,"master_deck":["AscendersBane","Defend_G","Defend_G","Defend_G","Defend_G","Survivor","Neutralize","Sucker Punch","Deadly Poison+1","Blade Dance","Quick Slash","Accuracy+1","Blade Dance+1","PiercingWail","Finisher","Adrenaline","Corpse Explosion","Masterful Stab","Bite","Bite","Bite","Bite","Bite","Cloak And Dagger+1","Leg Sweep","Well Laid Plans+1","Dodge and Roll","Die Die Die","Backflip+1"],"relics":["Busted Crown","Prayer Wheel","Singing Bowl","Sundial","Tiny House","Pear","Mummified Hand","MealTicket"],"acts_visited":["Exordium","TheCity"],"potions_floor_usage":[28],"damage_taken":[{"damage":4.0,"enemies":"Jaw Worm","floor":1.0,"turns":6.0},{"damage":0.0,"enemies":"Cultist","floor":3.0,"turns":3.0},{"damage":1.0,"enemies":"2 Louse","floor":4.0,"turns":3.0},{"damage":4.0,"enemies":"Blue Slaver","floor":5.0,"turns":4.0},{"damage":22.0,"enemies":"3 Sentries","floor":7.0,"turns":9.0},{"damage":0.0,"enemies":"Exordium Wildlife","floor":12.0,"turns":5.0},{"damage":28.0,"enemies":"Gremlin Nob","floor":13.0,"turns":4.0},{"damage":9.0,"enemies":"The Guardian","floor":16.0,"turns":9.0},{"damage":19.0,"enemies":"2 Thieves","floor":18.0,"turns":3.0},{"damage":22.0,"enemies":"Spheric Guardian","floor":21.0,"turns":4.0},{"damage":32.0,"enemies":"Slavers","floor":24.0,"turns":3.0},{"damage":11.0,"enemies":"Centurion and Healer","floor":25.0,"turns":5.0},{"damage":8,"enemies":"Gremlin Leader","floor":28,"turns":7},{"damage":24,"enemies":"Snecko","floor":30,"turns":5},{"damage":32,"enemies":"Collector","floor":33,"turns":8}],"seed_played":"7036044372533451944","potions_obtained":[{"floor":5.0,"key":"AttackPotion"},{"floor":7.0,"key":"Weak Potion"},{"floor":13.0,"key":"DistilledChaos"},{"floor":16.0,"key":"AttackPotion"},{"floor":17.0,"key":"Energy Potion"},{"floor":24.0,"key":"ColorlessPotion"},{"floor":25.0,"key":"EssenceOfSteel"},{"floor":28,"key":"LiquidBronze"}],"is_trial":false,"path_per_floor":["M","?","M","M","M","R","E","$","T","?","R","M","E","?","R","B",null,"M","?","?","M","$","R","E","M","T","R","E","R","M","?","R","B"],"character_chosen":"THE_SILENT","items_purchased":["Accuracy","Blade Dance","Leg Sweep","Well Laid Plans"],"campfire_rested":3,"item_purchase_floors":[8,8,22,22],"current_hp_per_floor":[55,55,55,54,50,50,28,28,28,28,47,47,19,35,35,26,61,44,44,44,31,31,31,17,16,16,35,39,39,25,25,44,30,30],"gold":115,"neow_bonus":"BOSS_RELIC","is_daily":false,"chose_seed":false,"campfire_upgraded":4,"win_rate":0.0,"timestamp":1609759798,"path_taken":["M","?","M","M","M","R","E","?","T","?","R","?","E","?","R","BOSS","M","?","?","M","$","R","E","M","T","R","E","R","?","?","R","BOSS"],"items_purchased_type":["Card","Card","Card","Card"],"build_version":"2020-12-18","purchased_purges":2,"victory":false,"max_hp_per_floor":[66,66,66,66,66,66,66,66,66,66,66,66,66,66,66,66,71,73,51,51,53,50,50,62,64,64,64,64,64,66,66,66,66,66],"relic_stats":{"Busted Crown":40,"Singing Bowl":10,"counters":[15,78],"Sundial":[4],"Mummified Hand":[11],"Prayer Wheel":5,"MealTicket":0,"obtain_stats":[{"Busted Crown":0,"Tiny House":17,"Pear":24,"Singing Bowl":9,"Sundial":13,"Mummified Hand":26,"Prayer Wheel":7,"MealTicket":28,"Ring of the Snake":0},{"Busted Crown":0,"Tiny House":8,"Pear":11,"Singing Bowl":5,"Sundial":7,"Mummified Hand":12,"Prayer Wheel":5,"MealTicket":13,"Ring of the Snake":0},{"Busted Crown":0,"Tiny House":43,"Pear":53,"Singing Bowl":25,"Sundial":34,"Mummified Hand":58,"Prayer Wheel":25,"MealTicket":65,"Ring of the Snake":0}]},"card_choices":[{"not_picked":[],"picked":"Sucker Punch","floor":1.0},{"not_picked":[],"picked":"Deadly Poison","floor":3.0},{"not_picked":["Outmaneuver"],"picked":"SKIP","floor":4.0},{"not_picked":[],"picked":"Blade Dance","floor":5.0},{"not_picked":[],"picked":"Quick Slash","floor":7.0},{"not_picked":[],"picked":"PiercingWail","floor":12.0},{"not_picked":[],"picked":"Finisher","floor":12.0},{"not_picked":[],"picked":"Adrenaline","floor":13.0},{"not_picked":[],"picked":"Corpse Explosion","floor":16.0},{"not_picked":[],"picked":"Masterful Stab","floor":17.0},{"not_picked":["Slice"],"picked":"Singing Bowl","floor":18.0},{"not_picked":[],"picked":"Choke","floor":18.0},{"not_picked":[],"picked":"Cloak And Dagger","floor":21.0},{"not_picked":["Flying Knee"],"picked":"Singing Bowl","floor":21.0},{"not_picked":["Quick Slash"],"picked":"Singing Bowl","floor":24.0},{"not_picked":[],"picked":"Dodge and Roll","floor":25.0},{"not_picked":["Bouncing Flask"],"picked":"Singing Bowl","floor":25.0},{"not_picked":[],"picked":"Die Die Die","floor":28},{"not_picked":["Predator"],"picked":"Singing Bowl","floor":30},{"not_picked":[],"picked":"Backflip+1","floor":30}],"player_experience":3441010,"relics_obtained":[{"floor":7.0,"key":"Prayer Wheel"},{"floor":9.0,"key":"Singing Bowl"},{"floor":13.0,"key":"Sundial"},{"floor":24.0,"key":"Pear"},{"floor":26.0,"key":"Mummified Hand"},{"floor":28,"key":"MealTicket"}],"event_choices":[{"cards_removed":["Defend_G"],"damage_healed":0.0,"max_hp_gain":0.0,"max_hp_loss":0.0,"gold_gain":0.0,"event_name":"Bonfire Elementals","player_choice":"Offered Basic","floor":2.0,"gold_loss":0.0,"damage_taken":0.0},{"damage_healed":0.0,"max_hp_gain":0.0,"max_hp_loss":0.0,"gold_gain":0.0,"event_name":"Scrap Ooze","player_choice":"Fled","floor":10.0,"gold_loss":0.0,"damage_taken":0.0},{"damage_healed":16.0,"max_hp_gain":0.0,"max_hp_loss":0.0,"gold_gain":0.0,"event_name":"Mushrooms","player_choice":"Healed and dodged fight","floor":14.0,"gold_loss":0.0,"damage_taken":0.0,"cards_obtained":["Parasite"]},{"damage_healed":0.0,"max_hp_gain":0.0,"max_hp_loss":22.0,"gold_gain":0.0,"event_name":"Vampires","player_choice":"Became a vampire","floor":19.0,"gold_loss":0.0,"damage_taken":0.0,"cards_obtained":["Bite","Bite","Bite","Bite","Bite"]},{"damage_healed":0.0,"max_hp_gain":0.0,"max_hp_loss":0.0,"gold_gain":100.0,"event_name":"The Joust","player_choice":"Bet on Murderer","floor":20.0,"gold_loss":50.0,"damage_taken":0.0},{"cards_removed":["Choke"],"damage_healed":0,"gold_gain":0,"player_choice":"Card Removal","damage_taken":0,"max_hp_gain":0,"max_hp_loss":0,"event_name":"Wheel of Change","floor":31,"gold_loss":0}],"is_beta":true,"boss_relics":[{"not_picked":["Black Star","Runic Dome"],"picked":"Tiny House"}],"items_purged_floors":[8,22],"is_endless":false,"potions_floor_spawned":[5,7,13,16,24,25,28],"killed_by":"Collector","ascension_level":20}}