{"host":"w9yruvs4bqht6bhw","time":1609732959,"event":{"mods":["BaseMod","Colored Powertips","Minty Spire (QoL Compilation)"],"gold_per_floor":[119,139,9,9,26,54,54,88,111,149,161,188,227,259,271,388,400,432,444,5,5,5,5,5,34,34,60,60,60,60,160,160,160,160],"floor_reached":33,"playtime":990,"items_purged":["Defend_R"],"score":455,"play_id":"38a6efcb-e479-4429-83f5-f76004a1aa3d","local_time":"20210103230239","is_ascension_mode":true,"campfire_choices":[{"data":"Uppercut","floor":7,"key":"SMITH"},{"data":"Rampage","floor":15,"key":"SMITH"},{"data":"Bite","floor":23,"key":"SMITH"},{"data":"Limit Break","floor":28,"key":"SMITH"},{"data":"Bite","floor":30,"key":"SMITH"},{"data":"Bite","floor":32,"key":"SMITH"}],"circlet_count":0,"master_deck":["Defend_R+1","Defend_R+1","Thunderclap","Inflame","Clash","Uppercut+1","Rampage+1","Ghostly Armor","Shrug It Off","Bite+1","Bite+1","Bite","Bite","Bite+1","Clash","Limit Break+1"],"relics":["Burning Blood","NeowsBlessing","War Paint","Orichalcum","MawBank","Juzu Bracelet","Empty Cage","Kunai","Membership Card","MutagenicStrength","White Beast Statue","Ornamental Fan","Gremlin Horn"],"acts_visited":["Exordium","TheCity"],"potions_floor_usage":[6,10,16,25,25,33],"damage_taken":[{"damage":0,"enemies":"Jaw Worm","floor":1,"turns":1},{"damage":0,"enemies":"Small Slimes","floor":2,"turns":1},{"damage":0,"enemies":"Cultist","floor":5,"turns":1},{"damage":4,"enemies":"Gremlin Nob","floor":6,"turns":3},{"damage":17,"enemies":"Lagavulin","floor":8,"turns":5},{"damage":15,"enemies":"3 Sentries","floor":10,"turns":6},{"damage":3,"enemies":"Looter","floor":12,"turns":3},{"damage":11,"enemies":"Gremlin Nob","floor":13,"turns":4},{"damage":4,"enemies":"Exordium Wildlife","floor":14,"turns":3},{"damage":12,"enemies":"Slime Boss","floor":16,"turns":6},{"damage":5,"enemies":"2 Thieves","floor":18,"turns":4},{"damage":21,"enemies":"Slavers","floor":25,"turns":7},{"damage":62,"enemies":"Gremlin Leader","floor":27,"turns":9},{"damage":70,"enemies":"Champ","floor":33,"turns":8}],"seed_played":"7401321566877262611","potions_obtained":[{"floor":1,"key":"BlessingOfTheForge"},{"floor":8,"key":"Explosive Potion"},{"floor":14,"key":"DuplicationPotion"},{"floor":16,"key":"Fire Potion"},{"floor":27,"key":"BlessingOfTheForge"}],"is_trial":false,"path_per_floor":["M","M","$","?","M","E","R","E","T","E","?","M","E","M","R","B",null,"M","?","$","?","?","R","?","E","T","E","R","$","R","?","R","B"],"character_chosen":"IRONCLAD","items_purchased":["Inflame","Dexterity Potion","Kunai","Membership Card","Shrug It Off"],"campfire_rested":0,"item_purchase_floors":[3,3,20,20,20],"current_hp_per_floor":[78,80,80,73,79,80,80,69,69,60,44,47,42,46,46,42,71,74,74,74,74,74,74,74,73,73,35,35,35,35,35,35,0,0],"gold":160,"neow_bonus":"THREE_ENEMY_KILL","is_daily":false,"chose_seed":false,"campfire_upgraded":6,"win_rate":0.0,"timestamp":1609732959,"path_taken":["M","M","$","?","M","E","R","E","T","E","?","M","E","M","R","BOSS","M","?","$","?","?","R","?","E","T","E","R","$","R","?","R","BOSS"],"items_purchased_type":["Card","Potion","Relic","Relic","Card"],"build_version":"2020-12-22","purchased_purges":1,"victory":false,"max_hp_per_floor":[80,80,80,80,80,80,80,80,80,80,80,80,80,80,80,80,80,80,80,80,80,80,80,80,80,80,80,80,80,80,80,80,80,80],"card_choices":[{"not_picked":["Dual Wield","Sword Boomerang"],"picked":"Thunderclap","floor":1},{"not_picked":["Havoc","Combust","Sever Soul"],"picked":"SKIP","floor":2},{"not_picked":["Body Slam","Twin Strike"],"picked":"Clash","floor":5},{"not_picked":["Shrug It Off","Reckless Charge"],"picked":"Uppercut","floor":6},{"not_picked":["Dark Embrace","Clash"],"picked":"Rampage","floor":8},{"not_picked":["Armaments","Havoc","Reckless Charge"],"picked":"SKIP","floor":10},{"not_picked":["Hemokinesis","Perfected Strike","Havoc"],"picked":"SKIP","floor":12},{"not_picked":["Wild Strike","Feel No Pain","Sever Soul"],"picked":"SKIP","floor":13},{"not_picked":["Inflame","Headbutt"],"picked":"Ghostly Armor","floor":14},{"not_picked":["Armaments","Flex","Iron Wave"],"picked":"SKIP","floor":18},{"not_picked":["Armaments","Blood for Blood+1"],"picked":"Limit Break","floor":25},{"not_picked":["Second Wind+1","Blood for Blood","Seeing Red"],"picked":"SKIP","floor":27}],"player_experience":321223,"relics_obtained":[{"floor":6,"key":"War Paint"},{"floor":8,"key":"Orichalcum"},{"floor":9,"key":"MawBank"},{"floor":10,"key":"Juzu Bracelet"},{"floor":13,"key":"Blood Vial"},{"floor":25,"key":"White Beast Statue"},{"floor":26,"key":"Ornamental Fan"},{"floor":27,"key":"Gremlin Horn"}],"event_choices":[{"cards_removed":["Strike_R"],"damage_healed":0,"gold_gain":0,"player_choice":"Card Removal","damage_taken":7,"max_hp_gain":0,"max_hp_loss":0,"event_name":"Golden Wing","floor":4,"gold_loss":0},{"damage_healed":0,"gold_gain":0,"player_choice":"Entered Light","damage_taken":16,"max_hp_gain":0,"max_hp_loss":0,"event_name":"Shining Light","floor":11,"gold_loss":0,"cards_upgraded":["Strike_R","Strike_R"]},{"cards_removed":["Bash"],"damage_healed":0,"gold_gain":0,"player_choice":"Elegance","damage_taken":0,"max_hp_gain":0,"max_hp_loss":0,"event_name":"Back to Basics","floor":19,"gold_loss":0},{"damage_healed":0,"gold_gain":0,"player_choice":"Became a vampire (Vial)","damage_taken":0,"max_hp_gain":0,"max_hp_loss":0,"event_name":"Vampires","floor":21,"relics_lost":["Blood Vial"],"gold_loss":0,"cards_obtained":["Bite","Bite","Bite","Bite","Bite"]},{"damage_healed":0,"gold_gain":0,"player_choice":"Read","damage_taken":0,"max_hp_gain":0,"max_hp_loss":0,"event_name":"The Library","floor":22,"gold_loss":0,"cards_obtained":["Clash"]},{"damage_healed":0,"gold_gain":0,"player_choice":"Inject Mutagens","damage_taken":0,"relics_obtained":["MutagenicStrength"],"max_hp_gain":0,"max_hp_loss":0,"event_name":"Drug Dealer","floor":24,"gold_loss":0},{"damage_healed":0,"gold_gain":100,"player_choice":"Pray","damage_taken":0,"max_hp_gain":0,"max_hp_loss":0,"event_name":"Golden Shrine","floor":31,"gold_loss":0}],"is_beta":false,"boss_relics":[{"not_picked":["Snecko Eye","Ectoplasm"],"picked":"Empty Cage"}],"items_purged_floors":[20],"is_endless":false,"potions_floor_spawned":[1,8,14,16,27],"killed_by":"Champ","ascension_level":8}}