{"host":"yvb207ks1sg3cxef","time":1609789338,"event":{"mods":["2.2 Compatiblity","BaseMod","Bestiary","Colored Powertips","Minty Spire (QoL Compilation)","Permanent Neow","Quick Restart","Relic Stats","StSLib"],"gold_per_floor":[117,136,148,98,110,110,110,110,191,191,223,223,252,262,262,367,367,383,308,407,43,43,43,59,93,93,128,138,156,171,202,202,302,302,319,319,335,335,348,348,361,396,443,443,458,485,110,70,70,70,70,70,70,105,105],"floor_reached":56,"playtime":3678,"items_purged":["Defend_P"],"score":1735,"play_id":"d3430393-ceef-461f-9772-29e5c9b6417c","local_time":"20210105011218","is_ascension_mode":true,"campfire_choices":[{"data":"Vault","floor":6.0,"key":"SMITH"},{"data":"Evaluate","floor":8.0,"key":"SMITH"},{"data":"FlurryOfBlows","floor":12.0,"key":"SMITH"},{"data":"Evaluate","floor":15.0,"key":"SMITH"},{"data":"Strike_P","floor":23.0,"key":"PURGE"},{"data":"Strike_P","floor":32.0,"key":"PURGE"},{"data":"Defend_P","floor":40.0,"key":"PURGE"},{"floor":44.0,"key":"RECALL"},{"data":"Defend_P","floor":49.0,"key":"PURGE"},{"data":"Defend_P","floor":52.0,"key":"PURGE"}],"circlet_count":0,"master_deck":["Eruption+1","Vigilance+1","CutThroughFate+1","Evaluate+1","Vault+1","FlurryOfBlows+1","Evaluate+1","FlurryOfBlows","MasterReality","Adaptation","FearNoEvil+1","Adaptation+1","Pray+1","InnerPeace","Study+1","Devotion","FlurryOfBlows+1","Secret Technique","EmptyMind","Evaluate+1","ThirdEye+1","EmptyBody+1"],"relics":["HolyWater","Bottled Lightning","Damaru","Sundial","Peace Pipe","Ice Cream","Kunai","Torii","Akabeko","VioletLotus","Happy Flower","Ancient Tea Set","StoneCalendar","Lantern","Medical Kit","Letter Opener"],"acts_visited":["Exordium","TheCity","TheBeyond","TheEnding"],"potions_floor_usage":[55,55,55],"damage_taken":[{"damage":0.0,"enemies":"Cultist","floor":1.0,"turns":2.0},{"damage":0.0,"enemies":"2 Louse","floor":2.0,"turns":2.0},{"damage":0.0,"enemies":"Small Slimes","floor":3.0,"turns":3.0},{"damage":1.0,"enemies":"Red Slaver","floor":5.0,"turns":6.0},{"damage":0.0,"enemies":"Gremlin Nob","floor":11.0,"turns":3.0},{"damage":3.0,"enemies":"Lagavulin","floor":13.0,"turns":8.0},{"damage":0.0,"enemies":"2 Fungi Beasts","floor":14.0,"turns":2.0},{"damage":0.0,"enemies":"Slime Boss","floor":16.0,"turns":8.0},{"damage":0.0,"enemies":"3 Byrds","floor":18.0,"turns":4.0},{"damage":7.0,"enemies":"2 Thieves","floor":24.0,"turns":4.0},{"damage":7.0,"enemies":"Slavers","floor":25.0,"turns":4.0},{"damage":0.0,"enemies":"Gremlin Leader","floor":27.0,"turns":6.0},{"damage":0.0,"enemies":"Shelled Parasite and Fungi","floor":28.0,"turns":5.0},{"damage":6.0,"enemies":"Cultist and Chosen","floor":29.0,"turns":10.0},{"damage":0.0,"enemies":"Centurion and Healer","floor":30.0,"turns":4.0},{"damage":24.0,"enemies":"Book of Stabbing","floor":31.0,"turns":4.0},{"damage":1.0,"enemies":"Automaton","floor":33.0,"turns":4.0},{"damage":0.0,"enemies":"3 Shapes","floor":35.0,"turns":4.0},{"damage":1.0,"enemies":"Orb Walker","floor":37.0,"turns":3.0},{"damage":0.0,"enemies":"3 Darklings","floor":39.0,"turns":5.0},{"damage":0.0,"enemies":"Maw","floor":41.0,"turns":8.0},{"damage":8.0,"enemies":"Nemesis","floor":42.0,"turns":5.0},{"damage":0.0,"enemies":"Spire Growth","floor":45.0,"turns":4.0},{"damage":0.0,"enemies":"Giant Head","floor":46.0,"turns":4.0},{"damage":16.0,"enemies":"Awakened One","floor":50.0,"turns":5.0},{"damage":7.0,"enemies":"Shield and Spear","floor":54.0,"turns":4.0},{"damage":51,"enemies":"The Heart","floor":55,"turns":6}],"seed_played":"4529297503036690136","potions_obtained":[{"floor":2.0,"key":"Weak Potion"},{"floor":3.0,"key":"BlessingOfTheForge"},{"floor":11.0,"key":"Explosive Potion"},{"floor":24.0,"key":"SteroidPotion"},{"floor":29.0,"key":"SteroidPotion"},{"floor":31.0,"key":"LiquidBronze"},{"floor":41.0,"key":"GamblersBrew"},{"floor":48.0,"key":"CultistPotion"}],"is_trial":false,"path_per_floor":["M","M","M","?","M","R","?","R","T","?","E","R","E","M","R","B",null,"M","?","?","$","?","R","M","E","T","E","M","M","M","E","R","B",null,"M","?","M","?","M","R","M","E","T","R","M","E","$","?","R","B",null,"R","$","E","B",null],"character_chosen":"WATCHER","items_purchased":["Peace Pipe","Adaptation","Lantern","Medical Kit"],"campfire_rested":0,"item_purchase_floors":[21,21,47,47],"current_hp_per_floor":[65,65,65,65,64,64,64,64,64,64,64,64,61,61,61,61,69,69,69,69,69,72,72,65,58,58,58,58,52,52,28,28,27,61,61,61,60,60,60,60,60,52,52,52,52,52,52,52,52,36,63,63,63,56,5],"gold":105,"neow_bonus":"UPGRADE_CARD","is_daily":false,"chose_seed":false,"campfire_upgraded":4,"win_rate":0.0,"timestamp":1609789338,"path_taken":["M","M","M","?","M","R","?","R","T","?","E","R","E","?","R","BOSS","M","?","?","$","?","R","M","E","T","E","M","M","?","E","R","BOSS","M","?","?","?","M","R","M","E","T","R","M","E","$","?","R","BOSS","R","$","E","BOSS"],"items_purchased_type":["Relic","Card","Relic","Relic"],"build_version":"2020-12-22","purchased_purges":1,"victory":true,"max_hp_per_floor":[72,72,72,72,72,72,72,72,72,72,72,72,72,72,72,72,72,72,72,72,72,72,72,72,72,72,72,72,72,72,72,72,72,72,72,72,72,72,72,72,72,72,72,72,72,72,72,72,72,72,72,72,72,72,72],"relic_stats":{"Peace Pipe":5,"Torii":7,"Happy Flower":[14],"counters":[27,127],"Sundial":[46],"StoneCalendar":[0],"VioletLotus":[54],"Kunai":[130],"Letter Opener":[85],"Medical Kit":[3],"obtain_stats":[{"Ice Cream":25,"Lantern":47,"Torii":27,"Happy Flower":36,"Damaru":11,"StoneCalendar":46,"Letter Opener":54,"Ancient Tea Set":42,"Medical Kit":47,"Akabeko":31,"Peace Pipe":21,"Sundial":13,"HolyWater":17,"VioletLotus":34,"Bottled Lightning":9,"Kunai":26,"PureWater":0},{"Ice Cream":11,"Lantern":24,"Torii":12,"Happy Flower":18,"Damaru":5,"StoneCalendar":24,"Letter Opener":26,"Ancient Tea Set":22,"Medical Kit":24,"Akabeko":16,"Peace Pipe":9,"Sundial":6,"HolyWater":8,"VioletLotus":17,"Bottled Lightning":4,"Kunai":11,"PureWater":0},{"Ice Cream":46,"Lantern":112,"Torii":52,"Happy Flower":83,"Damaru":16,"StoneCalendar":112,"Letter Opener":121,"Ancient Tea Set":104,"Medical Kit":112,"Akabeko":75,"Peace Pipe":38,"Sundial":24,"HolyWater":34,"VioletLotus":79,"Bottled Lightning":13,"Kunai":46,"PureWater":0}]},"card_choices":[{"not_picked":["EmptyBody","Consecrate"],"picked":"CutThroughFate","floor":1.0},{"not_picked":["ForeignInfluence","Worship","Prostrate"],"picked":"SKIP","floor":2.0},{"not_picked":["CutThroughFate","Crescendo"],"picked":"Evaluate","floor":3.0},{"not_picked":["Halt","FlurryOfBlows"],"picked":"Vault","floor":5.0},{"not_picked":["ForeignInfluence","EmptyFist"],"picked":"FlurryOfBlows","floor":11.0},{"not_picked":["CarveReality","PathToVictory"],"picked":"Evaluate","floor":13.0},{"not_picked":["PathToVictory","EmptyFist"],"picked":"FlurryOfBlows","floor":14.0},{"not_picked":["Blasphemy","Ragnarok"],"picked":"MasterReality","floor":16.0},{"not_picked":["BowlingBash","FollowUp","Halt"],"picked":"SKIP","floor":18.0},{"not_picked":["Crescendo+1","SashWhip"],"picked":"FearNoEvil+1","floor":24.0},{"not_picked":["Prostrate+1","JustLucky"],"picked":"Adaptation+1","floor":25.0},{"not_picked":["Tantrum","WindmillStrike+1","Worship+1"],"picked":"SKIP","floor":27.0},{"not_picked":["Meditate","CarveReality"],"picked":"Pray+1","floor":28.0},{"not_picked":["SandsOfTime","Crescendo"],"picked":"InnerPeace","floor":29.0},{"not_picked":["Fasting2+1","CutThroughFate+1"],"picked":"Study+1","floor":30.0},{"not_picked":["WindmillStrike","ClearTheMind+1","PathToVictory+1"],"picked":"SKIP","floor":31.0},{"not_picked":["Ragnarok","SpiritShield"],"picked":"Devotion","floor":33.0},{"not_picked":["EmptyBody","FlyingSleeves","Crescendo"],"picked":"SKIP","floor":35.0},{"not_picked":["Crescendo+1","Halt"],"picked":"FlurryOfBlows+1","floor":37.0},{"not_picked":["Enlightenment","Panacea"],"picked":"Secret Technique","floor":38.0},{"not_picked":["FearNoEvil","EmptyFist+1","FollowUp"],"picked":"SKIP","floor":39.0},{"not_picked":["ThirdEye","Wireheading"],"picked":"EmptyMind","floor":41.0},{"not_picked":["FlurryOfBlows","ConjureBlade","CrushJoints+1"],"picked":"SKIP","floor":42.0},{"not_picked":["Collect","Evaluate+1","BowlingBash+1"],"picked":"SKIP","floor":45.0},{"not_picked":["Collect","BowlingBash+1"],"picked":"Evaluate+1","floor":45.0},{"not_picked":["Protect+1","CrushJoints+1"],"picked":"ThirdEye+1","floor":46.0},{"not_picked":["Collect","Evaluate"],"picked":"EmptyBody+1","floor":54.0}],"player_experience":298389,"relics_obtained":[{"floor":9.0,"key":"Bottled Lightning"},{"floor":11.0,"key":"Damaru"},{"floor":13.0,"key":"Sundial"},{"floor":25.0,"key":"Ice Cream"},{"floor":26.0,"key":"Kunai"},{"floor":27.0,"key":"Torii"},{"floor":31.0,"key":"Akabeko"},{"floor":36.0,"key":"Happy Flower"},{"floor":42.0,"key":"Ancient Tea Set"},{"floor":46.0,"key":"StoneCalendar"},{"floor":54.0,"key":"Letter Opener"}],"event_choices":[{"cards_removed":["Strike_P"],"damage_healed":0.0,"max_hp_gain":0.0,"max_hp_loss":0.0,"gold_gain":0.0,"event_name":"The Cleric","player_choice":"Card Removal","floor":4.0,"gold_loss":50.0,"damage_taken":0.0},{"damage_healed":0.0,"max_hp_gain":0.0,"max_hp_loss":0.0,"gold_gain":0.0,"event_name":"Living Wall","player_choice":"Grow","floor":7.0,"gold_loss":0.0,"damage_taken":0.0,"cards_upgraded":["CutThroughFate"]},{"damage_healed":0.0,"max_hp_gain":0.0,"max_hp_loss":0.0,"gold_gain":0.0,"event_name":"Upgrade Shrine","player_choice":"Upgraded","floor":10.0,"gold_loss":0.0,"damage_taken":0.0,"cards_upgraded":["Vigilance"]},{"cards_removed":["Strike_P"],"damage_healed":0.0,"max_hp_gain":0.0,"max_hp_loss":0.0,"gold_gain":0.0,"event_name":"Beggar","player_choice":"Gave Gold","floor":19.0,"gold_loss":75.0,"damage_taken":0.0},{"damage_healed":0.0,"max_hp_gain":0.0,"max_hp_loss":0.0,"gold_gain":99.0,"event_name":"Nest","player_choice":"Stole From Cult","floor":20.0,"gold_loss":0.0,"damage_taken":0.0},{"damage_healed":3.0,"max_hp_gain":0.0,"max_hp_loss":0.0,"gold_gain":0.0,"event_name":"Wheel of Change","player_choice":"Full Heal","floor":22.0,"gold_loss":0.0,"damage_taken":0.0},{"damage_healed":0.0,"max_hp_gain":0.0,"max_hp_loss":0.0,"gold_gain":0.0,"event_name":"Wheel of Change","player_choice":"Relic","floor":36.0,"gold_loss":0.0,"damage_taken":0.0},{"damage_healed":0.0,"max_hp_gain":0.0,"max_hp_loss":0.0,"gold_gain":0.0,"event_name":"SensoryStone","player_choice":"Memory 1","floor":38.0,"gold_loss":0.0,"damage_taken":0.0},{"damage_healed":0.0,"max_hp_gain":0.0,"max_hp_loss":0.0,"gold_gain":0.0,"event_name":"The Woman in Blue","player_choice":"Bought 3 Potions","floor":48.0,"gold_loss":0.0,"damage_taken":0.0}],"is_beta":false,"boss_relics":[{"not_picked":["Tiny House","Coffee Dripper"],"picked":"HolyWater"},{"not_picked":["Sozu","Black Star"],"picked":"VioletLotus"}],"items_purged_floors":[47],"is_endless":false,"potions_floor_spawned":[2,3,11,24,29,31,39,41],"ascension_level":7}}