{"host":"y89x8uui45kcjy42","time":1609742388,"event":{"mods":["2.2 Compatiblity","BaseMod","CapriCore","Colored Map","Colored Powertips","Custom Start","Friendly Minions","Keyboard Shortcuts","Lobotomy","Minty Spire (QoL Compilation)","Relic Stats","Slay the Relics Exporter","StSLib","SuperFastMode","Uncapped"],"gold_per_floor":[113,129,145,70,70,70,70,70],"floor_reached":7,"playtime":184,"items_purged":[],"score":86,"play_id":"f666e429-af5e-432b-a788-04eb739e2995","local_time":"20210104153948","is_ascension_mode":true,"campfire_choices":[{"data":"Consume","floor":6,"key":"SMITH"}],"circlet_count":0,"master_deck":["AscendersBane","Strike_B","Strike_B","Strike_B","Defend_B","Defend_B","Defend_B","Defend_B","Zap","Dualcast","ShyLook","Consume+1","MeatLantern","Hologram","Biased Cognition"],"relics":["Cracked Core","CogitoBucket","FrozenCore","Coffee Dripper","Coffee Dripper","Coffee Dripper","Inserter","DataDisk","Ring of the Serpent","Inserter","ClockworkSouvenir"],"acts_visited":["Exordium"],"potions_floor_usage":[],"damage_taken":[{"damage":0,"enemies":"Cultist","floor":1,"turns":2},{"damage":0,"enemies":"Jaw Worm","floor":2,"turns":2},{"damage":0,"enemies":"Small Slimes","floor":3,"turns":2},{"damage":30,"enemies":"3 Louse","floor":5,"turns":3},{"damage":46,"enemies":"Gremlin Nob","floor":7,"turns":1}],"seed_played":"5768332652299554014","potions_obtained":[{"floor":5,"key":"SneckoOil"}],"is_trial":false,"path_per_floor":["M","M","M","?","M","R","E"],"character_chosen":"DEFECT","items_purchased":[],"campfire_rested":0,"item_purchase_floors":[],"current_hp_per_floor":[64,64,64,64,34,34,0,0],"gold":70,"neow_bonus":"","is_daily":false,"chose_seed":false,"campfire_upgraded":1,"win_rate":0.0,"timestamp":1609742388,"path_taken":["M","M","?","?","M","R","E"],"items_purchased_type":[],"build_version":"2020-12-22","purchased_purges":0,"victory":false,"max_hp_per_floor":[71,71,71,71,71,71,71,71],"relic_stats":{"Inserter":[8],"counters":[5,10],"obtain_stats":[{"CogitoBucket":0,"DataDisk":0,"Inserter":0,"Coffee Dripper":0,"Cracked Core":0,"Ring of the Serpent":1,"FrozenCore":0,"ClockworkSouvenir":6},{"CogitoBucket":0,"DataDisk":0,"Inserter":0,"Coffee Dripper":0,"Cracked Core":0,"Ring of the Serpent":1,"FrozenCore":0,"ClockworkSouvenir":4},{"CogitoBucket":0,"DataDisk":0,"Inserter":0,"Coffee Dripper":0,"Cracked Core":0,"Ring of the Serpent":2,"FrozenCore":0,"ClockworkSouvenir":9}],"FrozenCore":[7]},"card_choices":[{"not_picked":["UniverseFragment","NakedNest","MHz"],"picked":"Singing Bowl","floor":1},{"not_picked":["BlackSwan","DespairKnight"],"picked":"ShyLook","floor":1},{"not_picked":["Compile Driver","Go for the Eyes"],"picked":"Consume","floor":1},{"not_picked":["MHz","Rudolta","Wellcheers"],"picked":"Singing Bowl","floor":2},{"not_picked":["Murderer","OSAHOGD"],"picked":"MeatLantern","floor":2},{"not_picked":["Auto Shields","Leap"],"picked":"Hologram","floor":2},{"not_picked":["SingingMachine","Laetitia","CherryBlossoms"],"picked":"Singing Bowl","floor":3},{"not_picked":["Rip and Tear","Sunder"],"picked":"Biased Cognition","floor":3},{"not_picked":["Murderer","DreamingCurrent","WallGazer"],"picked":"Singing Bowl","floor":5},{"not_picked":["White Noise","Glacier","Cold Snap"],"picked":"SKIP","floor":5}],"player_experience":558882,"relics_obtained":[],"event_choices":[{"cards_removed":["Strike_B"],"damage_healed":0,"gold_gain":0,"player_choice":"Card Removal","damage_taken":0,"max_hp_gain":0,"max_hp_loss":0,"event_name":"The Cleric","floor":4,"gold_loss":75}],"is_beta":false,"boss_relics":[],"items_purged_floors":[],"is_endless":false,"potions_floor_spawned":[5],"killed_by":"Gremlin Nob","ascension_level":20}}