{"host":"j4g6ia6asvpyu2b0","time":1609781964,"event":{"mods":["BaseMod","Colored Map","Minty Spire (QoL Compilation)","Permanent Neow","Quick Restart","Relic Stats","StSLib","Unceasing Turn Reminder"],"gold_per_floor":[113,188,199,199,212,240,252,252,252,252,252,269,269,599,599,702,702,714,734,754,773,625,657,677,692,692,692,692,692,144,158,158,262,262,282,137,0,51,101,101,133,133,157,157,190,190,209,236,236,236,236,236,42,71,71],"floor_reached":56,"playtime":3010,"items_purged":["Strike_G","Writhe"],"score":1685,"play_id":"c397a22c-db50-4ef4-88f3-f38288dceeb9","local_time":"20210104103924","is_ascension_mode":true,"campfire_choices":[{"floor":11.0,"key":"REST"},{"data":"Terror","floor":13.0,"key":"SMITH"},{"data":"Crippling Poison","floor":15.0,"key":"SMITH"},{"data":"Catalyst","floor":27.0,"key":"SMITH"},{"floor":32.0,"key":"RECALL"},{"floor":40.0,"key":"REST"},{"data":"After Image","floor":44.0,"key":"SMITH"},{"data":"Predator","floor":49,"key":"SMITH"},{"data":"Acrobatics","floor":52,"key":"SMITH"}],"circlet_count":0,"master_deck":["Defend_G","Defend_G","Defend_G+1","Defend_G","Defend_G","Survivor","Neutralize+1","Bullet Time","Dagger Spray","Terror+1","Predator","Crippling Poison+1","Poisoned Stab","Dodge and Roll","Corpse Explosion","Adrenaline","Acrobatics+1","Leg Sweep+1","Catalyst+1","Quick Slash","Footwork","Backflip","Blur+1","Deadly Poison+1","Choke","Backflip","Envenom","Outmaneuver+1","Terror+1","Infinite Blades+1","Outmaneuver+1","Bouncing Flask+1","After Image+1","The Bomb","Apotheosis","Predator+1","Outmaneuver+1","Bouncing Flask+1","Leg Sweep","Well Laid Plans","Burst"],"relics":["Ring of the Snake","Regal Pillow","Ornamental Fan","Old Coin","Snecko Eye","The Specimen","StrikeDummy","Ninja Scroll","Mummified Hand","PreservedInsect","Astrolabe","Happy Flower","Red Mask","Calipers","Gambling Chip","MealTicket","Bronze Scales","Du-Vu Doll","Art of War","Orichalcum"],"acts_visited":["Exordium","TheCity","TheBeyond","TheEnding"],"potions_floor_usage":[55,55,55],"damage_taken":[{"damage":0.0,"enemies":"Small Slimes","floor":1.0,"turns":3.0},{"damage":2.0,"enemies":"2 Louse","floor":3.0,"turns":3.0},{"damage":1.0,"enemies":"Jaw Worm","floor":5.0,"turns":3.0},{"damage":20.0,"enemies":"3 Sentries","floor":6.0,"turns":9.0},{"damage":0.0,"enemies":"2 Fungi Beasts","floor":7.0,"turns":1.0},{"damage":0.0,"enemies":"3 Louse","floor":12.0,"turns":2.0},{"damage":20.0,"enemies":"Gremlin Nob","floor":14.0,"turns":4.0},{"damage":8.0,"enemies":"Hexaghost","floor":16.0,"turns":8.0},{"damage":7.0,"enemies":"2 Thieves","floor":18.0,"turns":3.0},{"damage":4.0,"enemies":"Chosen","floor":19.0,"turns":4.0},{"damage":5.0,"enemies":"Sentry and Sphere","floor":20.0,"turns":3.0},{"damage":0.0,"enemies":"Shelled Parasite and Fungi","floor":21.0,"turns":3.0},{"damage":0.0,"enemies":"Slavers","floor":23.0,"turns":3.0},{"damage":0.0,"enemies":"Snake Plant","floor":24.0,"turns":3.0},{"damage":0.0,"enemies":"Centurion and Healer","floor":25.0,"turns":3.0},{"damage":0.0,"enemies":"Cultist and Chosen","floor":31.0,"turns":3.0},{"damage":2.0,"enemies":"Automaton","floor":33.0,"turns":6.0},{"damage":0.0,"enemies":"3 Darklings","floor":35.0,"turns":3.0},{"damage":28.0,"enemies":"2 Orb Walkers","floor":38.0,"turns":3.0},{"damage":0.0,"enemies":"Mind Bloom Boss Battle","floor":39.0,"turns":4.0},{"damage":0.0,"enemies":"Giant Head","floor":41.0,"turns":5.0},{"damage":0.0,"enemies":"Nemesis","floor":45.0,"turns":3.0},{"damage":3,"enemies":"3 Shapes","floor":47,"turns":3},{"damage":0,"enemies":"Giant Head","floor":48,"turns":5},{"damage":6,"enemies":"Donu and Deca","floor":50,"turns":5},{"damage":0,"enemies":"Shield and Spear","floor":54,"turns":3},{"damage":76,"enemies":"The Heart","floor":55,"turns":6}],"seed_played":"-5504927089130357393","potions_obtained":[{"floor":5.0,"key":"SpeedPotion"},{"floor":12.0,"key":"SteroidPotion"},{"floor":14.0,"key":"BlessingOfTheForge"},{"floor":16.0,"key":"Poison Potion"},{"floor":20.0,"key":"Fire Potion"},{"floor":25.0,"key":"FearPotion"},{"floor":31.0,"key":"SpeedPotion"},{"floor":35.0,"key":"CultistPotion"},{"floor":47,"key":"Poison Potion"},{"floor":54,"key":"Regen Potion"}],"is_trial":false,"path_per_floor":["M","?","M","?","M","E","M","?","T","T","R","M","R","E","R","B",null,"M","M","M","M","$","E","M","M","T","R","?","?","$","M","R","B",null,"M","$","?","?","?","R","E","?","T","R","E","$","M","E","R","B",null,"R","$","E","B",null],"character_chosen":"THE_SILENT","items_purchased":["Footwork","Mummified Hand","PreservedInsect","Choke","Happy Flower","PowerPotion","Leg Sweep","Well Laid Plans"],"campfire_rested":2,"item_purchase_floors":[22,30,30,30,36,53,53,53],"current_hp_per_floor":[70,59,57,50,49,29,29,15,15,15,51,51,51,31,31,23,58,51,47,42,42,42,42,42,42,42,42,42,42,42,42,42,40,63,63,63,63,35,35,70,70,60,60,60,60,70,67,67,67,61,68,68,70,70,8],"gold":71,"neow_bonus":"ONE_RANDOM_RARE_CARD","is_daily":false,"chose_seed":false,"campfire_upgraded":6,"win_rate":0.0,"timestamp":1609781964,"path_taken":["M","?","M","?","M","E","M","?","T","?","R","?","R","E","R","BOSS","M","M","M","M","$","E","M","M","T","R","?","?","$","M","R","BOSS","M","$","?","?","?","R","E","?","T","R","E","?","M","E","R","BOSS","R","$","E","BOSS"],"items_purchased_type":["Card","Relic","Relic","Card","Relic","Potion","Card","Card"],"build_version":"2020-12-22","purchased_purges":2,"victory":true,"max_hp_per_floor":[70,70,70,70,70,70,70,70,70,70,70,70,70,70,70,70,70,70,70,70,70,70,70,70,70,70,70,70,70,70,70,70,70,70,70,70,70,70,70,70,70,70,70,70,70,70,70,70,70,70,70,70,70,70,70],"relic_stats":{"Regal Pillow":29,"Happy Flower":[12],"counters":[27,104],"Astrolabe":["Outmaneuver","Terror","Infinite Blades"],"PreservedInsect":365,"Orichalcum":[0],"Ornamental Fan":[136],"Mummified Hand":[61],"Gambling Chip":[20],"Bronze Scales":[135],"Snecko Eye":[176,156,167,159],"MealTicket":12,"Art of War":[0],"obtain_stats":[{"Regal Pillow":6,"Calipers":38,"The Specimen":23,"Happy Flower":36,"Astrolabe":34,"PreservedInsect":30,"Orichalcum":54,"Old Coin":14,"Du-Vu Doll":45,"Ornamental Fan":9,"Ninja Scroll":28,"Mummified Hand":30,"Gambling Chip":39,"Bronze Scales":43,"Snecko Eye":17,"MealTicket":41,"Red Mask":37,"Art of War":48,"StrikeDummy":26,"Ring of the Snake":0},{"Regal Pillow":4,"Calipers":19,"The Specimen":13,"Happy Flower":18,"Astrolabe":17,"PreservedInsect":15,"Orichalcum":26,"Old Coin":7,"Du-Vu Doll":22,"Ornamental Fan":5,"Ninja Scroll":15,"Mummified Hand":15,"Gambling Chip":20,"Bronze Scales":21,"Snecko Eye":8,"MealTicket":21,"Red Mask":18,"Art of War":24,"StrikeDummy":15,"Ring of the Snake":0},{"Regal Pillow":18,"Calipers":70,"The Specimen":49,"Happy Flower":67,"Astrolabe":64,"PreservedInsect":55,"Orichalcum":98,"Old Coin":25,"Du-Vu Doll":82,"Ornamental Fan":19,"Ninja Scroll":55,"Mummified Hand":55,"Gambling Chip":74,"Bronze Scales":79,"Snecko Eye":33,"MealTicket":79,"Red Mask":67,"Art of War":90,"StrikeDummy":55,"Ring of the Snake":0}],"Ring of the Snake":[30]},"card_choices":[{"not_picked":["Deadly Poison","Heel Hook"],"picked":"Dagger Spray","floor":1.0},{"not_picked":["Riddle With Holes","Reflex"],"picked":"Terror","floor":3.0},{"not_picked":["Blur","Slice"],"picked":"Predator","floor":5.0},{"not_picked":["Doppelganger","Outmaneuver"],"picked":"Crippling Poison","floor":6.0},{"not_picked":["Sucker Punch","PiercingWail"],"picked":"Poisoned Stab","floor":7.0},{"not_picked":["Sucker Punch","Cloak And Dagger"],"picked":"Dodge and Roll","floor":12.0},{"not_picked":["Endless Agony","Flying Knee"],"picked":"Corpse Explosion","floor":14.0},{"not_picked":["Storm of Steel","Unload"],"picked":"Adrenaline","floor":16.0},{"not_picked":["Quick Slash","Backflip"],"picked":"Acrobatics","floor":18.0},{"not_picked":["Deadly Poison+1","PiercingWail"],"picked":"Leg Sweep+1","floor":19.0},{"not_picked":["Reflex","Blur"],"picked":"Catalyst","floor":20.0},{"not_picked":["Finisher","Tools of the Trade"],"picked":"Quick Slash","floor":21.0},{"not_picked":["Poisoned Stab","Underhanded Strike+1"],"picked":"Backflip","floor":23.0},{"not_picked":["Deadly Poison+1","Sucker Punch"],"picked":"Blur+1","floor":24.0},{"not_picked":["Underhanded Strike","Endless Agony"],"picked":"Deadly Poison+1","floor":25.0},{"not_picked":["Prepared","Dagger Throw"],"picked":"Backflip","floor":31.0},{"not_picked":["Malaise","Grand Finale"],"picked":"Envenom","floor":33.0},{"not_picked":["Sucker Punch","Slice+1"],"picked":"Outmaneuver+1","floor":35.0},{"not_picked":["Flechettes+1","Acrobatics"],"picked":"Bouncing Flask+1","floor":39.0},{"not_picked":["All Out Attack+1","Slice+1"],"picked":"After Image","floor":41.0},{"not_picked":["Swift Strike","Trip"],"picked":"The Bomb","floor":42.0},{"not_picked":["Flash of Steel","Mayhem"],"picked":"Apotheosis","floor":42.0},{"not_picked":["Quick Slash+1","Dodge and Roll"],"picked":"Predator","floor":45.0},{"not_picked":["Poisoned Stab","Distraction+1"],"picked":"Outmaneuver+1","floor":47},{"not_picked":["Cloak And Dagger+1","Distraction"],"picked":"Bouncing Flask+1","floor":48},{"not_picked":["Acrobatics+1","Cloak And Dagger"],"picked":"Burst","floor":54}],"player_experience":699064,"relics_obtained":[{"floor":6.0,"key":"Regal Pillow"},{"floor":9.0,"key":"Ornamental Fan"},{"floor":14.0,"key":"Old Coin"},{"floor":23.0,"key":"The Specimen"},{"floor":26.0,"key":"StrikeDummy"},{"floor":38.0,"key":"Calipers"},{"floor":39.0,"key":"Gambling Chip"},{"floor":41.0,"key":"MealTicket"},{"floor":43.0,"key":"Bronze Scales"},{"floor":45.0,"key":"Du-Vu Doll"},{"floor":48,"key":"Art of War"},{"floor":54,"key":"Orichalcum"}],"event_choices":[{"damage_healed":0.0,"max_hp_gain":0.0,"max_hp_loss":0.0,"gold_gain":75.0,"event_name":"World of Goop","player_choice":"Gather Gold","floor":2.0,"gold_loss":0.0,"damage_taken":11.0},{"cards_removed":["Strike_G"],"damage_healed":0.0,"max_hp_gain":0.0,"max_hp_loss":0.0,"gold_gain":0.0,"event_name":"Golden Wing","player_choice":"Card Removal","floor":4.0,"gold_loss":0.0,"damage_taken":7.0},{"damage_healed":0.0,"max_hp_gain":0.0,"max_hp_loss":0.0,"gold_gain":0.0,"event_name":"Shining Light","player_choice":"Entered Light","floor":8.0,"gold_loss":0.0,"damage_taken":14.0,"cards_upgraded":["Neutralize","Defend_G"]},{"damage_healed":0.0,"max_hp_gain":0.0,"max_hp_loss":0.0,"gold_gain":0.0,"event_name":"The Mausoleum","player_choice":"Opened","floor":28.0,"gold_loss":0.0,"damage_taken":0.0,"relics_obtained":["Ninja Scroll"],"cards_obtained":["Writhe"]},{"damage_healed":0.0,"max_hp_gain":0.0,"max_hp_loss":0.0,"gold_gain":0.0,"event_name":"Ghosts","player_choice":"Ignored","floor":29.0,"gold_loss":0.0,"damage_taken":0.0},{"damage_healed":0.0,"max_hp_gain":0.0,"max_hp_loss":0.0,"gold_gain":0.0,"event_name":"Tomb of Lord Red Mask","player_choice":"Paid","floor":37.0,"gold_loss":137.0,"damage_taken":0.0,"relics_obtained":["Red Mask"]},{"damage_healed":0.0,"max_hp_gain":0.0,"max_hp_loss":0.0,"gold_gain":0.0,"event_name":"Mysterious Sphere","player_choice":"Fight","floor":38.0,"gold_loss":0.0,"damage_taken":0.0},{"damage_healed":0.0,"max_hp_gain":0.0,"max_hp_loss":0.0,"gold_gain":0.0,"event_name":"MindBloom","player_choice":"Fight","floor":39.0,"gold_loss":0.0,"damage_taken":0.0},{"damage_healed":0.0,"max_hp_gain":0.0,"max_hp_loss":0.0,"gold_gain":0.0,"event_name":"SensoryStone","player_choice":"Memory 3","floor":42.0,"gold_loss":0.0,"damage_taken":10.0}],"is_beta":false,"boss_relics":[{"not_picked":["Busted Crown","Black Star"],"picked":"Snecko Eye"},{"not_picked":["Tiny House","HoveringKite"],"picked":"Astrolabe"}],"items_purged_floors":[22,30],"is_endless":false,"potions_floor_spawned":[5,12,14,16,19,20,25,31,35,47,54],"ascension_level":5}}