{"host":"tr12w2fixbnujl15","time":1609800782,"event":{"mods":["2.2 Compatiblity","BaseMod","Better Skull","BetterRewards","Colored Powertips","Evolution","Hubris","Infinite Spire","Minty Spire (QoL Compilation)","Quick Restart","Replay The Spire","Shop Mod","StSLib","SuperFastMode","The Necromancer","The Sage","The Senshi","The Servant 0.9.4","The Spell Scribe","TheFirefly","WarShipGirlsR/????R mod"],"gold_per_floor":[117,87,100,53,53,53,53,84,84,159,189,224,78,94,94,100,100],"floor_reached":16,"playtime":306,"items_purged":[],"score":133,"play_id":"5e4332b8-9471-4af8-87fb-faceac25e2e5","local_time":"20210104175302","is_ascension_mode":false,"campfire_choices":[{"floor":6,"key":"REST"},{"floor":15,"key":"REST"}],"circlet_count":0,"master_deck":["thefirefly:InterceptingShot","thefirefly:Strike","thefirefly:Strike","thefirefly:Strike","thefirefly:Defend","thefirefly:Defend","thefirefly:Defend","thefirefly:Defend","thefirefly:StealthMode","thefirefly:PhotonBlast","thefirefly:StoredPower","thefirefly:Reposition","thefirefly:NebulaVeil","thefirefly:Quine","thefirefly:HyperspaceAssault","thefirefly:InterceptingShot","thefirefly:FlakCannon","thefirefly:InterceptingShot","thefirefly:IonizedBarrier","thefirefly:Rend","thefirefly:EnergyShield"],"relics":["thefirefly:StealthSystem","EVO:Axolotl","NeowsBlessing","Replay:Bandana","White Beast Statue","thefirefly:WeaponPreloader","Ancient Tea Set","sagemod:The_Guidebook_Guide"],"acts_visited":["Exordium"],"potions_floor_usage":[12,12],"damage_taken":[{"damage":0,"enemies":"Jaw Worm","floor":1,"turns":1},{"damage":0,"enemies":"2 Louse","floor":3,"turns":1},{"damage":0,"enemies":"Gremlin Nob","floor":8,"turns":1},{"damage":0,"enemies":"Cultist","floor":11,"turns":3},{"damage":9,"enemies":"Lagavulin","floor":12,"turns":5},{"damage":6,"enemies":"Large Slime","floor":14,"turns":5},{"damage":0,"enemies":"Fading Forest","floor":16,"turns":2}],"seed_played":"-3364875463991270524","potions_obtained":[{"floor":8,"key":"Strength Potion"},{"floor":11,"key":"PowerPotion"},{"floor":12,"key":"Strength Potion"},{"floor":14,"key":"BlessingOfTheForge"}],"is_trial":false,"path_per_floor":["M","?","M","$","?","R","?","E","T","?","M","E","$","M","R","B"],"character_chosen":"THE_FIREFLY","items_purchased":["thefirefly:FlakCannon","sagemod:The_Guidebook_Guide"],"campfire_rested":2,"item_purchase_floors":[4,13],"current_hp_per_floor":[55,55,55,55,43,55,55,55,55,50,50,41,41,35,51,51,51],"gold":100,"neow_bonus":"THREE_ENEMY_KILL","is_daily":false,"chose_seed":false,"campfire_upgraded":0,"win_rate":0.0,"timestamp":1609800782,"path_taken":["M","?","M","$","?","R","?","E","T","?","?","E","$","M","R","BOSS"],"items_purchased_type":["Card","Relic"],"build_version":"2020-12-22","purchased_purges":0,"victory":false,"max_hp_per_floor":[55,55,55,55,55,55,55,55,55,55,55,55,55,55,55,55,55],"card_choices":[{"not_picked":["thefirefly:SteadyAim","thefirefly:SearingEnigma"],"picked":"thefirefly:StoredPower","floor":1},{"not_picked":[],"picked":"thefirefly:Reposition","floor":2},{"not_picked":[],"picked":"thefirefly:NebulaVeil","floor":2},{"not_picked":[],"picked":"thefirefly:Quine","floor":2},{"not_picked":[],"picked":"thefirefly:HyperspaceAssault","floor":2},{"not_picked":["thefirefly:RollBack","thefirefly:QuantumTunneling"],"picked":"thefirefly:InterceptingShot","floor":3},{"not_picked":["thefirefly:MindControl","thefirefly:ErraticMotions"],"picked":"thefirefly:InterceptingShot","floor":8},{"not_picked":["thefirefly:DecoyShot","thefirefly:Rend"],"picked":"thefirefly:IonizedBarrier","floor":11},{"not_picked":["thefirefly:Ruminate","thefirefly:FlareScreen"],"picked":"thefirefly:Rend","floor":12},{"not_picked":["thefirefly:Preload","thefirefly:MirrorShield"],"picked":"thefirefly:EnergyShield","floor":14}],"player_experience":26579,"relics_obtained":[{"floor":8,"key":"White Beast Statue"},{"floor":9,"key":"thefirefly:WeaponPreloader"},{"floor":12,"key":"Ancient Tea Set"}],"event_choices":[{"damage_healed":0,"gold_gain":0,"player_choice":"Success","damage_taken":12,"relics_obtained":["Replay:Bandana"],"max_hp_gain":0,"max_hp_loss":0,"event_name":"Scrap Ooze","floor":5,"gold_loss":0},{"damage_healed":0,"gold_gain":0,"player_choice":"Leave","damage_taken":0,"max_hp_gain":0,"max_hp_loss":0,"event_name":"The Cleric","floor":7,"gold_loss":0},{"damage_healed":0,"gold_gain":75,"player_choice":"Touch","damage_taken":5,"max_hp_gain":0,"max_hp_loss":0,"event_name":"FaceTrader","floor":10,"gold_loss":0}],"is_beta":false,"boss_relics":[],"items_purged_floors":[],"is_endless":false,"potions_floor_spawned":[8,11,12,14],"killed_by":"Fading Forest","ascension_level":0}}