{"host":"c3lc60y5x60jlt1y","time":1609793159,"event":{"mods":["AchievementEnabler","BaseMod","Bestiary","Colored Map","Minty Spire (QoL Compilation)","Quick Restart","StSLib","ojb\u0027s Info Mod"],"gold_per_floor":[113,113,113,188,208,236,161,161,207,207,242,242,273,300,312,324,324],"floor_reached":16,"playtime":1142,"items_purged":[],"score":232,"play_id":"158f9ff9-642f-480d-ba9b-667f30f43d4c","local_time":"20210104224559","is_ascension_mode":true,"campfire_choices":[{"floor":8,"key":"REST"},{"data":"Dash","floor":10,"key":"SMITH"},{"floor":12,"key":"REST"},{"data":"Eviscerate","floor":15,"key":"SMITH"}],"circlet_count":0,"master_deck":["AscendersBane","Strike_G+1","Strike_G","Strike_G","Strike_G+1","Defend_G","Defend_G+1","Defend_G","Defend_G","Defend_G+1","Survivor","Neutralize","Dash+1","Dagger Throw","Predator","Catalyst","Crippling Poison","Eviscerate+1"],"relics":["Black Star","Whetstone","War Paint","Toy Ornithopter","Pen Nib","HornCleat","Blue Candle","MawBank"],"acts_visited":["Exordium"],"potions_floor_usage":[6,11,13,16],"damage_taken":[{"damage":12,"enemies":"Jaw Worm","floor":1,"turns":7},{"damage":0,"enemies":"2 Louse","floor":5,"turns":4},{"damage":32,"enemies":"3 Sentries","floor":6,"turns":11},{"damage":16,"enemies":"Lagavulin","floor":11,"turns":8},{"damage":17,"enemies":"3 Sentries","floor":13,"turns":10},{"damage":0,"enemies":"Small Slimes","floor":14,"turns":4},{"damage":44,"enemies":"The Guardian","floor":16,"turns":14}],"seed_played":"-6065172670943477870","potions_obtained":[{"floor":1,"key":"PowerPotion"},{"floor":6,"key":"Weak Potion"},{"floor":11,"key":"PowerPotion"},{"floor":13,"key":"Dexterity Potion"}],"is_trial":false,"path_per_floor":["M","?","?","?","M","E","?","R","T","R","E","R","E","M","R","B"],"character_chosen":"THE_SILENT","items_purchased":[],"campfire_rested":2,"item_purchase_floors":[],"current_hp_per_floor":[47,47,52,41,41,9,9,30,30,30,19,40,28,28,28,0,0],"gold":324,"neow_bonus":"BOSS_RELIC","is_daily":false,"chose_seed":false,"campfire_upgraded":2,"win_rate":0.0,"timestamp":1609793159,"path_taken":["M","?","?","?","M","E","?","R","T","R","E","R","E","M","R","BOSS"],"items_purchased_type":[],"build_version":"2020-12-22","purchased_purges":0,"victory":false,"max_hp_per_floor":[66,66,71,71,71,71,71,71,71,71,71,71,71,71,71,71,71],"card_choices":[{"not_picked":["Predator","Tactician"],"picked":"Dash","floor":1},{"not_picked":["Concentrate","Noxious Fumes"],"picked":"Dagger Throw","floor":5},{"not_picked":["All Out Attack","Outmaneuver"],"picked":"Predator","floor":6},{"not_picked":["Dagger Spray","Slice"],"picked":"Catalyst","floor":11},{"not_picked":["PiercingWail","Distraction"],"picked":"Crippling Poison","floor":13},{"not_picked":["Accuracy","Dagger Throw"],"picked":"Eviscerate","floor":14}],"player_experience":7507244,"relics_obtained":[{"floor":6,"key":"Whetstone"},{"floor":6,"key":"War Paint"},{"floor":9,"key":"Toy Ornithopter"},{"floor":11,"key":"Pen Nib"},{"floor":11,"key":"HornCleat"},{"floor":13,"key":"Blue Candle"},{"floor":13,"key":"MawBank"}],"event_choices":[{"damage_healed":0,"gold_gain":0,"player_choice":"Ignored","damage_taken":0,"max_hp_gain":0,"max_hp_loss":0,"event_name":"Liars Game","floor":2,"gold_loss":0},{"damage_healed":0,"gold_gain":0,"player_choice":"Donut","damage_taken":0,"max_hp_gain":5,"max_hp_loss":0,"event_name":"Big Fish","floor":3,"gold_loss":0},{"damage_healed":0,"gold_gain":75,"player_choice":"Gather Gold","damage_taken":11,"max_hp_gain":0,"max_hp_loss":0,"event_name":"World of Goop","floor":4,"gold_loss":0},{"cards_removed":["Strike_G"],"damage_healed":0,"gold_gain":0,"player_choice":"Card Removal","damage_taken":0,"max_hp_gain":0,"max_hp_loss":0,"event_name":"The Cleric","floor":7,"gold_loss":75}],"is_beta":false,"boss_relics":[],"items_purged_floors":[],"is_endless":false,"potions_floor_spawned":[1,6,11,13],"killed_by":"The Guardian","ascension_level":20}}