{"host":"5wznv0010959mrmz","time":1609730877,"event":{"mods":["BaseMod","Highlight Path","Minty Spire (QoL Compilation)"],"gold_per_floor":[218,218,218,235,248,248,281,300,374,384,384,68,85,85,85,85,85],"floor_reached":16,"playtime":449,"items_purged":["Strike_G"],"score":204,"play_id":"731b1f29-8e90-4699-a3a2-e5b2715681b0","local_time":"20210103212757","is_ascension_mode":true,"campfire_choices":[{"data":"Catalyst","floor":6,"key":"SMITH"},{"data":"Leg Sweep","floor":11,"key":"SMITH"},{"floor":15,"key":"REST"}],"circlet_count":0,"master_deck":["AscendersBane","Strike_G","Strike_G","Strike_G","Defend_G","Defend_G","Defend_G","Defend_G","Survivor","Neutralize","Leg Sweep+1","Catalyst+1","Deadly Poison","Endless Agony","Backstab","Deadly Poison","Die Die Die"],"relics":["Ring of the Snake","Ginger","Letter Opener","ClockworkSouvenir","Omamori"],"acts_visited":["Exordium"],"potions_floor_usage":[7,16,16],"damage_taken":[{"damage":11,"enemies":"Small Slimes","floor":1,"turns":5},{"damage":5,"enemies":"2 Louse","floor":4,"turns":5},{"damage":1,"enemies":"Cultist","floor":5,"turns":4},{"damage":19,"enemies":"Gremlin Nob","floor":7,"turns":4},{"damage":4,"enemies":"Blue Slaver","floor":8,"turns":5},{"damage":0,"enemies":"2 Fungi Beasts","floor":10,"turns":5},{"damage":3,"enemies":"Looter","floor":13,"turns":2},{"damage":34,"enemies":"Slime Boss","floor":16,"turns":7}],"seed_played":"3889478257406307000","potions_obtained":[{"floor":5,"key":"Block Potion"},{"floor":8,"key":"GhostInAJar"},{"floor":13,"key":"AttackPotion"}],"is_trial":false,"path_per_floor":["M","?","?","M","M","R","E","M","T","M","R","$","M","?","R","B"],"character_chosen":"THE_SILENT","items_purchased":["Die Die Die","ClockworkSouvenir"],"campfire_rested":1,"item_purchase_floors":[12,12],"current_hp_per_floor":[48,41,41,36,35,35,16,12,12,12,12,12,9,4,23,0,0],"gold":85,"neow_bonus":"HUNDRED_GOLD","is_daily":false,"chose_seed":false,"campfire_upgraded":2,"win_rate":0.0,"timestamp":1609730877,"path_taken":["M","?","?","M","M","R","E","M","T","M","R","$","?","?","R","BOSS"],"items_purchased_type":["Card","Relic"],"build_version":"2020-12-22","purchased_purges":1,"victory":false,"max_hp_per_floor":[66,66,66,66,66,66,66,66,66,66,66,66,66,66,66,66,66],"card_choices":[{"not_picked":["Dagger Spray","Sucker Punch"],"picked":"Leg Sweep","floor":1},{"not_picked":["Bane","Deflect"],"picked":"Deadly Poison","floor":4},{"not_picked":["Slice","Bane"],"picked":"Endless Agony","floor":5},{"not_picked":["Infinite Blades","Blur","Bane"],"picked":"SKIP","floor":7},{"not_picked":["Accuracy","Blur"],"picked":"Backstab","floor":8},{"not_picked":["Sucker Punch","Blade Dance"],"picked":"Deadly Poison","floor":10},{"not_picked":["Deadly Poison","Deflect","Dagger Throw"],"picked":"SKIP","floor":13}],"player_experience":395050,"relics_obtained":[{"floor":7,"key":"Ginger"},{"floor":9,"key":"Letter Opener"}],"event_choices":[{"cards_removed":["Defend_G"],"damage_healed":0,"gold_gain":0,"player_choice":"Card Removal","damage_taken":7,"max_hp_gain":0,"max_hp_loss":0,"event_name":"Golden Wing","floor":2,"gold_loss":0},{"damage_healed":0,"gold_gain":0,"cards_transformed":["Strike_G"],"player_choice":"Transformed","damage_taken":0,"max_hp_gain":0,"max_hp_loss":0,"event_name":"Transmorgrifier","floor":3,"gold_loss":0,"cards_obtained":["Catalyst"]},{"damage_healed":0,"gold_gain":0,"player_choice":"Success","damage_taken":5,"relics_obtained":["Omamori"],"max_hp_gain":0,"max_hp_loss":0,"event_name":"Scrap Ooze","floor":14,"gold_loss":0}],"is_beta":false,"boss_relics":[],"items_purged_floors":[12],"is_endless":false,"potions_floor_spawned":[5,8,13],"killed_by":"Slime Boss","ascension_level":20}}