{"host":"rmsq46plbpwfbxcc","time":1609740710,"event":{"mods":["AchievementEnabler","BaseMod","Colored Map","Colored Powertips","DeckTracker","KOR Keyword Fix","Minty Spire (QoL Compilation)","Permanent Neow","Quick Restart","SuperFastMode"],"gold_per_floor":[117,117,37,11,29,55,55,55,81,96,96,127,127,30,30,133,133,149,3,35,58,70,82,94,439,532,544,587,599,56,74,74,74,74],"floor_reached":33,"playtime":919,"items_purged":["Strike_G","Strike_G"],"score":385,"play_id":"349ed004-e2a4-4ef3-9e51-338e8d1aee10","local_time":"20210104151150","is_ascension_mode":true,"campfire_choices":[{"floor":7.0,"key":"REST"},{"data":"Glass Knife","floor":11.0,"key":"SMITH"},{"data":"Cloak And Dagger","floor":13.0,"key":"SMITH"},{"floor":15.0,"key":"REST"},{"data":"After Image","floor":24.0,"key":"SMITH"},{"floor":27.0,"key":"REST"},{"floor":32,"key":"REST"}],"circlet_count":0,"master_deck":["Strike_G","Strike_G","Defend_G","Defend_G","Defend_G","Survivor","Neutralize","Dagger Spray","Cloak And Dagger+1","PiercingWail","Glass Knife+1","Blade Dance+1","Bullet Time+1","Cloak And Dagger+1","After Image+1","Acrobatics+1","Apotheosis+1","Footwork+1","Bandage Up+1"],"relics":["Black Star","Sundial","Tiny Chest","Bottled Flame","Omamori","Toxic Egg 2","Smiling Mask","Empty Cage","Red Mask","MawBank","Bag of Marbles","Old Coin","Paper Crane","Frozen Egg 2","FossilizedHelix","Lantern"],"acts_visited":["Exordium","TheCity"],"potions_floor_usage":[33],"damage_taken":[{"damage":4.0,"enemies":"Jaw Worm","floor":1.0,"turns":5.0},{"damage":0.0,"enemies":"2 Louse","floor":5.0,"turns":3.0},{"damage":50.0,"enemies":"Gremlin Nob","floor":6.0,"turns":6.0},{"damage":0.0,"enemies":"Cultist","floor":10.0,"turns":5.0},{"damage":28.0,"enemies":"Lagavulin","floor":12.0,"turns":8.0},{"damage":27.0,"enemies":"The Guardian","floor":16.0,"turns":18.0},{"damage":0.0,"enemies":"Chosen","floor":18.0,"turns":4.0},{"damage":39.0,"enemies":"Masked Bandits","floor":20.0,"turns":5.0},{"damage":9.0,"enemies":"Book of Stabbing","floor":25.0,"turns":6.0},{"damage":21,"enemies":"Gremlin Leader","floor":28,"turns":6},{"damage":0,"enemies":"Spheric Guardian","floor":31,"turns":5},{"damage":49,"enemies":"Champ","floor":33,"turns":17}],"seed_played":"-557594367517259666","potions_obtained":[{"floor":6.0,"key":"SteroidPotion"},{"floor":16.0,"key":"PowerPotion"},{"floor":18.0,"key":"PowerPotion"},{"floor":31,"key":"Block Potion"}],"is_trial":false,"path_per_floor":["M","?","?","$","M","E","R","?","T","M","R","E","R","$","R","B",null,"M","$","?","T","?","$","R","E","T","R","E","?","$","M","R","B"],"character_chosen":"THE_SILENT","items_purchased":["Dagger Spray","Blade Dance+1","After Image","Lantern","Apotheosis+1","Footwork+1","Bandage Up+1"],"campfire_rested":4,"item_purchase_floors":[4,14,19,30,30,30,30],"current_hp_per_floor":[59,64,64,64,64,14,36,36,36,36,36,8,8,8,30,3,57,57,57,18,18,18,18,18,9,9,31,10,10,10,16,38,0,0],"gold":74,"neow_bonus":"BOSS_RELIC","is_daily":false,"chose_seed":false,"campfire_upgraded":3,"win_rate":0.0,"timestamp":1609740710,"path_taken":["M","?","?","$","?","E","R","?","T","?","R","E","R","$","R","BOSS","M","$","?","?","?","?","R","E","T","R","E","?","$","M","R","BOSS"],"items_purchased_type":["Card","Card","Card","Relic","Card","Card","Card"],"build_version":"2020-12-22","purchased_purges":2,"victory":false,"max_hp_per_floor":[70,75,75,75,75,75,75,75,75,75,75,75,75,75,75,75,75,75,75,75,75,75,75,75,75,75,75,75,75,75,75,75,75,75],"card_choices":[{"not_picked":["Deflect","Dodge and Roll","Noxious Fumes"],"picked":"SKIP","floor":1.0},{"not_picked":["Acrobatics","Slice"],"picked":"Cloak And Dagger","floor":5.0},{"not_picked":["Crippling Poison","Slice"],"picked":"PiercingWail","floor":6.0},{"not_picked":["Underhanded Strike","Dagger Spray"],"picked":"Glass Knife","floor":10.0},{"not_picked":["Riddle With Holes","Flying Knee","Setup+1"],"picked":"SKIP","floor":12.0},{"not_picked":["Corpse Explosion+1","Tools of the Trade"],"picked":"Bullet Time+1","floor":16.0},{"not_picked":["Escape Plan+1","Dodge and Roll+1"],"picked":"Cloak And Dagger+1","floor":18.0},{"not_picked":["PiercingWail+1","Deadly Poison+1"],"picked":"Acrobatics+1","floor":20.0},{"not_picked":["Night Terror+1","Outmaneuver+1","Flying Knee+1"],"picked":"SKIP","floor":25.0},{"not_picked":["Flying Knee","Quick Slash","Riddle With Holes"],"picked":"SKIP","floor":28},{"not_picked":["Heel Hook","Blade Dance+1","Riddle With Holes+1"],"picked":"SKIP","floor":31}],"player_experience":646337,"relics_obtained":[{"floor":6.0,"key":"Tiny Chest"},{"floor":6.0,"key":"Bottled Flame"},{"floor":9.0,"key":"Omamori"},{"floor":12.0,"key":"Toxic Egg 2"},{"floor":12.0,"key":"Smiling Mask"},{"floor":20.0,"key":"Red Mask"},{"floor":21.0,"key":"MawBank"},{"floor":25.0,"key":"Bag of Marbles"},{"floor":25.0,"key":"Old Coin"},{"floor":26.0,"key":"Paper Crane"},{"floor":28,"key":"Frozen Egg 2"},{"floor":28,"key":"FossilizedHelix"}],"event_choices":[{"damage_healed":0.0,"max_hp_gain":5.0,"max_hp_loss":0.0,"gold_gain":0.0,"event_name":"Big Fish","player_choice":"Donut","floor":2.0,"gold_loss":0.0,"damage_taken":0.0},{"damage_healed":0.0,"max_hp_gain":0.0,"max_hp_loss":0.0,"gold_gain":0.0,"event_name":"WeMeetAgain","player_choice":"Paid Gold","floor":3.0,"gold_loss":80.0,"damage_taken":0.0,"relics_obtained":["Sundial"]},{"cards_removed":["Strike_G"],"damage_healed":0.0,"max_hp_gain":0.0,"max_hp_loss":0.0,"gold_gain":0.0,"event_name":"Bonfire Elementals","player_choice":"Offered Basic","floor":8.0,"gold_loss":0.0,"damage_taken":0.0},{"damage_healed":0.0,"max_hp_gain":0.0,"max_hp_loss":0.0,"gold_gain":0.0,"event_name":"Masked Bandits","player_choice":"Fought Bandits","floor":20.0,"gold_loss":0.0,"damage_taken":0.0},{"damage_healed":0.0,"max_hp_gain":0.0,"max_hp_loss":0.0,"gold_gain":0.0,"event_name":"Cursed Tome","player_choice":"Ignored","floor":22.0,"gold_loss":0.0,"damage_taken":0.0},{"damage_healed":0,"gold_gain":0,"player_choice":"0 cards matched","damage_taken":0,"max_hp_gain":0,"max_hp_loss":0,"event_name":"Match and Keep!","floor":29,"gold_loss":0,"cards_obtained":[]}],"is_beta":false,"boss_relics":[{"not_picked":["Tiny House","Pandora\u0027s Box"],"picked":"Empty Cage"}],"items_purged_floors":[14,30],"is_endless":false,"potions_floor_spawned":[6,16,18,31],"killed_by":"Champ","ascension_level":7}}