{"host":"15dd7v8o90xso62x","time":1609742609,"event":{"mods":["BaseMod","Minty Spire (QoL Compilation)","Quick Restart","StSLib","SuperFastMode"],"gold_per_floor":[117,117,131,206,50,50,13,45,94,111,111,111,154,174,174,174,174],"floor_reached":16,"playtime":234,"items_purged":["Defend_R"],"score":316,"play_id":"40501652-0cbb-4dd5-9f8e-c8d7a4e926ec","local_time":"20210104154329","is_ascension_mode":true,"campfire_choices":[{"data":"Perfected Strike","floor":6.0,"key":"SMITH"},{"data":"Corruption","floor":11,"key":"SMITH"},{"data":"Seeing Red","floor":15,"key":"SMITH"}],"circlet_count":0,"master_deck":["AscendersBane","Strike_R","Strike_R","Strike_R","Strike_R","Strike_R","Defend_R","Defend_R","Defend_R","Bash","Perfected Strike+1","Wild Strike","Corruption+1","Seeing Red+1","Shrug It Off","Pommel Strike","Twin Strike","Wild Strike"],"relics":["Burning Blood","NeowsBlessing","Singing Bowl","Omamori","Golden Idol","Blood Vial"],"acts_visited":["Exordium"],"potions_floor_usage":[13,16],"damage_taken":[{"damage":0.0,"enemies":"Small Slimes","floor":1.0,"turns":1.0},{"damage":0.0,"enemies":"Cultist","floor":3.0,"turns":1.0},{"damage":0.0,"enemies":"Lagavulin","floor":8.0,"turns":1.0},{"damage":7.0,"enemies":"Jaw Worm","floor":10.0,"turns":3.0},{"damage":0,"enemies":"Gremlin Nob","floor":13,"turns":2},{"damage":8,"enemies":"Blue Slaver","floor":14,"turns":2},{"damage":36,"enemies":"The Guardian","floor":16,"turns":6}],"seed_played":"6565724306849320930","potions_obtained":[{"floor":3.0,"key":"GamblersBrew"},{"floor":14,"key":"Regen Potion"}],"is_trial":false,"path_per_floor":["M","?","M","?","$","R","$","E","T","M","R","?","E","M","R","B"],"character_chosen":"IRONCLAD","items_purchased":["Corruption","Seeing Red"],"campfire_rested":0,"item_purchase_floors":[5,7],"current_hp_per_floor":[74,74,75,64,64,64,64,70,70,69,69,43,49,49,49,15,15],"gold":174,"neow_bonus":"THREE_ENEMY_KILL","is_daily":false,"chose_seed":false,"campfire_upgraded":3,"win_rate":0.0,"timestamp":1609742609,"path_taken":["M","?","?","?","?","R","$","E","T","M","R","?","E","M","R","BOSS"],"items_purchased_type":["Card","Card"],"build_version":"2020-12-22","purchased_purges":1,"victory":false,"max_hp_per_floor":[75,75,75,75,75,75,75,75,75,75,75,75,75,75,75,75,75],"card_choices":[{"not_picked":["Pommel Strike","Blood for Blood"],"picked":"Perfected Strike","floor":1.0},{"not_picked":["Sword Boomerang","Evolve"],"picked":"Wild Strike","floor":3.0},{"not_picked":["Body Slam","Dropkick"],"picked":"Shrug It Off","floor":8.0},{"not_picked":["Entrench","Infernal Blade"],"picked":"Pommel Strike","floor":10},{"not_picked":["Bludgeon","True Grit"],"picked":"Twin Strike","floor":13},{"not_picked":["Spot Weakness","Clothesline"],"picked":"Wild Strike","floor":14}],"player_experience":1000269,"relics_obtained":[{"floor":8.0,"key":"Singing Bowl"},{"floor":9.0,"key":"Omamori"},{"floor":13,"key":"Blood Vial"}],"event_choices":[{"damage_healed":0.0,"max_hp_gain":0.0,"max_hp_loss":0.0,"gold_gain":0.0,"event_name":"Match and Keep!","player_choice":"0 cards matched","floor":2.0,"gold_loss":0.0,"damage_taken":0.0,"cards_obtained":[]},{"damage_healed":0.0,"max_hp_gain":0.0,"max_hp_loss":0.0,"gold_gain":75.0,"event_name":"World of Goop","player_choice":"Gather Gold","floor":4.0,"gold_loss":0.0,"damage_taken":11.0},{"damage_healed":0,"gold_gain":0,"player_choice":"Take Damage","damage_taken":26,"relics_obtained":["Golden Idol"],"max_hp_gain":0,"max_hp_loss":0,"event_name":"Golden Idol","floor":12,"gold_loss":0}],"is_beta":false,"boss_relics":[],"items_purged_floors":[5],"is_endless":false,"potions_floor_spawned":[3,14],"killed_by":"The Guardian","ascension_level":20}}