{"host":"ifw7cdx76lcpw3w9","time":1609743532,"event":{"mods":["AchievementEnabler","Act Like it!","BaseMod","Downfall","Friendly Minions","Minty Spire (QoL Compilation)","StSLib"],"gold_per_floor":[99,115,133,133,144,144,144,144,40,59,87,87,101,113,126,228,228,228,328,345,7,21,36,36,36,56,71,71,84,241,252,272,376,376,301,317,367,379,429,479,479,479,495,176,176,191,253,279,204,204],"floor_reached":51,"playtime":5298,"items_purged":["Slimebound:Strike_Slimebound","Slimebound:Strike_Slimebound"],"score":685,"play_id":"211f1fa5-b77d-4aad-82f6-c5d623ed7085","local_time":"20210103235852","is_ascension_mode":false,"campfire_choices":[{"data":"Slimebound:Split","floor":1.0,"key":"SMITH"},{"data":"Slimebound:SlimeBarrage","floor":6.0,"key":"SMITH"},{"data":"Slimebound:CorrosiveSpit","floor":8.0,"key":"SMITH"},{"data":"Slimebound:LeadByExample","floor":12.0,"key":"SMITH"},{"data":"Slimebound:MinionMaster","floor":18.0,"key":"SMITH"},{"floor":25.0,"key":"RECALL"},{"data":"Slimebound:LeadByExample","floor":28.0,"key":"SMITH"},{"data":"Slimebound:Teamwork","floor":35.0,"key":"SMITH"},{"data":"Slimebound:Darklings","floor":42.0,"key":"SMITH"},{"data":"Slimebound:OneTwoCombo","floor":45.0,"key":"SMITH"},{"data":"Slimebound:DisruptingSlam","floor":49,"key":"SMITH"}],"circlet_count":0,"master_deck":["Slimebound:Tackle","Slimebound:Defend_Slimebound","Slimebound:Defend_Slimebound","Slimebound:Split+1","Slimebound:CorrosiveSpit+1","Slimebound:Repurpose","Slimebound:SlimeBarrage+1","Slimebound:PressTheAttack","Slimebound:LeadByExample+1","Slimebound:SplitMire","Slimebound:OneTwoCombo+1","Slimebound:DisruptingSlam+1","Slimebound:SplitLeeching","Slimebound:Prepare","Slimebound:MinionMaster+1","Slimebound:ComboTackle+1","Slimebound:Repurpose+1","Slimebound:LeadByExample+1","Slimebound:Teamwork+1","Slimebound:LeechEnergy+1","Slimebound:Darklings+1","Slimebound:SplitBruiser","expansioncontent:QuickStudy","Slimebound:SpikyOuterGoop","Slimebound:PressTheAttack+1"],"relics":["Slimebound:AbsorbEndCombat","Slimebound:MaxSlimesRelic","Shuriken","Cursed Key","downfall:CloakOfManyFaces","CultistMask","FaceOfCleric","NlothsMask","GremlinMask","SsserpentHead","Molten Egg 2","Empty Cage","downfall:HeartBlessingRed","InkBottle","downfall:HeartBlessingGreen"],"acts_visited":["Exordium","TheCity","TheBeyond"],"potions_floor_usage":[48,50,50],"damage_taken":[{"damage":11.0,"enemies":"Small Slimes","floor":2.0,"turns":3.0},{"damage":11.0,"enemies":"Cultist","floor":3.0,"turns":3.0},{"damage":17.0,"enemies":"2 Louse","floor":5.0,"turns":3.0},{"damage":13.0,"enemies":"downfall:FleeingMerchant","floor":9.0,"turns":4.0},{"damage":23.0,"enemies":"Exordium Thugs","floor":10.0,"turns":3.0},{"damage":31.0,"enemies":"Gremlin Nob","floor":11.0,"turns":3.0},{"damage":18.0,"enemies":"Lots of Slimes","floor":13.0,"turns":3.0},{"damage":12.0,"enemies":"2 Fungi Beasts","floor":14.0,"turns":3.0},{"damage":16.0,"enemies":"Large Slime","floor":15.0,"turns":3.0},{"damage":33.0,"enemies":"downfall:Silent","floor":16.0,"turns":4.0},{"damage":22.0,"enemies":"downfall:FaceTrader","floor":19.0,"turns":3.0},{"damage":12.0,"enemies":"Spheric Guardian","floor":20.0,"turns":3.0},{"damage":21.0,"enemies":"downfall:FleeingMerchant","floor":21.0,"turns":4.0},{"damage":16.0,"enemies":"Snecko","floor":22.0,"turns":3.0},{"damage":18.0,"enemies":"3 Cultists","floor":23.0,"turns":3.0},{"damage":20.0,"enemies":"Cultist and Chosen","floor":26.0,"turns":3.0},{"damage":17.0,"enemies":"Sentry and Sphere","floor":27.0,"turns":4.0},{"damage":16.0,"enemies":"Snecko","floor":29.0,"turns":3.0},{"damage":28.0,"enemies":"downfall:FleeingMerchant","floor":30.0,"turns":3.0},{"damage":18.0,"enemies":"Cultist and Chosen","floor":31.0,"turns":4.0},{"damage":24.0,"enemies":"Shelled Parasite and Fungi","floor":32.0,"turns":3.0},{"damage":38.0,"enemies":"downfall:Ironclad","floor":33.0,"turns":6.0},{"damage":28.0,"enemies":"3 Darklings","floor":36.0,"turns":3.0},{"damage":21.0,"enemies":"Orb Walker","floor":38.0,"turns":3.0},{"damage":33.0,"enemies":"Maw","floor":43.0,"turns":4.0},{"damage":32.0,"enemies":"Transient","floor":46.0,"turns":5.0},{"damage":36.0,"enemies":"Spire Growth","floor":47.0,"turns":3.0},{"damage":63,"enemies":"Nemesis","floor":48,"turns":5},{"damage":42,"enemies":"downfall:Defect","floor":50,"turns":4}],"seed_played":"119474626992201022","potions_obtained":[{"floor":10.0,"key":"Ancient Potion"},{"floor":14.0,"key":"Slimebound:SlimyTonguePotion"},{"floor":23.0,"key":"DuplicationPotion"},{"floor":36.0,"key":"SkillPotion"},{"floor":47.0,"key":"FairyPotion"},{"floor":48,"key":"FearPotion"}],"is_trial":false,"path_per_floor":["R","M","M","?","M","R","T","R","$","M","E","R","M","M","M","B",null,"R","?","M","$","M","M","T","R","M","M","R","M","$","M","M","B",null,"R","M","?","M","?","?","T","R","M","$","R","M","M","E","R","B",null],"character_chosen":"SLIMEBOUND","items_purchased":["Slimebound:LeadByExample","Slimebound:SplitMire","Molten Egg 2","Slimebound:ProtectTheBoss","Slimebound:Teamwork","expansioncontent:QuickStudy","Slimebound:SpikyOuterGoop"],"campfire_rested":0,"item_purchase_floors":[9,9,21,30,30,44,44],"current_hp_per_floor":[66,65,66,66,59,59,59,59,66,57,50,50,58,64,66,59,66,66,66,67,68,69,70,70,70,71,69,69,73,74,75,76,73,77,77,72,72,72,72,79,79,79,73,73,73,81,68,58,58,68],"gold":204,"neow_bonus":"TEN_PERCENT_HP_BONUS","is_daily":false,"chose_seed":false,"campfire_upgraded":10,"win_rate":0.0,"timestamp":1609743532,"path_taken":["R","M","M","?","M","R","T","R","$","?","E","R","M","?","M","BOSS","R","?","M","$","M","M","T","R","M","M","R","M","?","M","M","BOSS","R","M","?","M","?","?","T","R","M","$","R","M","?","E","R","BOSS"],"items_purchased_type":["Card","Card","Relic","Card","Card","Card","Card"],"build_version":"2020-12-22","purchased_purges":2,"victory":true,"max_hp_per_floor":[66,66,66,66,66,66,66,66,66,66,66,66,66,66,66,66,66,66,66,67,68,69,70,70,70,71,72,72,73,74,75,76,77,77,77,78,78,79,79,79,79,79,80,80,80,81,82,83,83,84],"card_choices":[{"not_picked":["Slimebound:GrowthPunch","Slimebound:SlimeSpikes"],"picked":"Slimebound:Repurpose","floor":2.0},{"not_picked":["Slimebound:FlameTackle","Slimebound:Dissolve"],"picked":"Slimebound:SlimeBarrage","floor":3.0},{"not_picked":["Slimebound:Nibble","Slimebound:Replication","Slimebound:AcidTongue"],"picked":"SKIP","floor":5.0},{"not_picked":["Slimebound:Schlurp","Slimebound:RollThrough"],"picked":"Slimebound:PressTheAttack","floor":9.0},{"not_picked":["Slimebound:SamplingLick","Slimebound:FinishingTackle","Slimebound:GrowthPunch"],"picked":"SKIP","floor":10.0},{"not_picked":["Slimebound:HauntingLick","Slimebound:BestDefense"],"picked":"Slimebound:OneTwoCombo","floor":11.0},{"not_picked":["Slimebound:LeechingTouch","Slimebound:GoopSpray"],"picked":"Slimebound:DisruptingSlam","floor":13.0},{"not_picked":["Slimebound:SplitAcid","Slimebound:PressTheAttack"],"picked":"Slimebound:SplitLeeching","floor":14.0},{"not_picked":["Slimebound:GoopSpray","Slimebound:LeechEnergy"],"picked":"Slimebound:Prepare","floor":15.0},{"not_picked":["Slimebound:OneTwoCombo","Slimebound:WasteNot"],"picked":"Slimebound:MinionMaster","floor":16.0},{"not_picked":["Slimebound:ViciousTackle","Slimebound:SamplingLick","Slimebound:GrowthPunch"],"picked":"SKIP","floor":20.0},{"not_picked":["Slimebound:SplitMire+1","Slimebound:LeadByExample"],"picked":"Slimebound:ComboTackle+1","floor":21.0},{"not_picked":["Slimebound:SamplingLick","Slimebound:GrowthPunch+1"],"picked":"Slimebound:Repurpose+1","floor":22.0},{"not_picked":["Slimebound:SplitMire","Slimebound:SplitLeeching","Slimebound:LeechLife+1"],"picked":"SKIP","floor":23.0},{"not_picked":["Slimebound:Dissolve","Slimebound:ViciousTackle+1","Slimebound:SplitLeeching"],"picked":"SKIP","floor":26.0},{"not_picked":["Slimebound:SplitMire","Slimebound:SlimeSpikes+1"],"picked":"Slimebound:LeadByExample","floor":27.0},{"not_picked":["Slimebound:SplitAcid","Slimebound:MegaLick","Slimebound:FormOfPuddle"],"picked":"SKIP","floor":29.0},{"not_picked":["Slimebound:ViciousTackle+1","Slimebound:LeadByExample","Slimebound:ComboTackle+1"],"picked":"SKIP","floor":30.0},{"not_picked":["Slimebound:ProtectTheBoss+1","Slimebound:Schlurp","Slimebound:PressTheAttack+1"],"picked":"SKIP","floor":31.0},{"not_picked":["Slimebound:FormOfPuddle","Slimebound:ViciousTackle+1"],"picked":"Slimebound:LeechEnergy+1","floor":32.0},{"not_picked":["Slimebound:LeadByExample","Slimebound:FormOfPuddle+1","Slimebound:SplitAcid+1"],"picked":"SKIP","floor":36.0},{"not_picked":["Slimebound:ComboTackle+1","Slimebound:GoopSpray","Slimebound:FinishingTackle+1"],"picked":"SKIP","floor":38.0},{"not_picked":["Slimebound:ComboTackle+1","Slimebound:GoopSpray+1"],"picked":"Slimebound:SplitBruiser","floor":43.0},{"not_picked":["Slimebound:Schlurp+1","Slimebound:SplitMire"],"picked":"Slimebound:PressTheAttack+1","floor":46.0},{"not_picked":["Slimebound:ComboTackle+1","Slimebound:RollThrough+1","Slimebound:FinishingTackle+1"],"picked":"SKIP","floor":47.0},{"not_picked":["Slimebound:SplitAcid+1","Slimebound:PrepareCrush","Slimebound:SplitBruiser+1"],"picked":"SKIP","floor":48}],"player_experience":71364,"relics_obtained":[{"floor":7.0,"key":"Slimebound:MaxSlimesRelic"},{"floor":11.0,"key":"Shuriken"},{"floor":19.0,"key":"downfall:CloakOfManyFaces"},{"floor":48,"key":"InkBottle"}],"event_choices":[{"damage_healed":0.0,"max_hp_gain":0.0,"max_hp_loss":0.0,"gold_gain":0.0,"cards_transformed":["Slimebound:Defend_Slimebound"],"event_name":"Transmorgrifier","player_choice":"Transformed","floor":4.0,"gold_loss":0.0,"damage_taken":0.0,"cards_obtained":["Slimebound:RainOfGoop"]},{"cards_removed":["Slimebound:ProtectTheBoss"],"damage_healed":0.0,"max_hp_gain":0.0,"max_hp_loss":0.0,"gold_gain":0.0,"event_name":"Falling","player_choice":"Removed Power","floor":39.0,"gold_loss":0.0,"damage_taken":0.0},{"cards_removed":["Slimebound:RainOfGoop"],"damage_healed":7.0,"max_hp_gain":0.0,"max_hp_loss":0.0,"gold_gain":0.0,"event_name":"Bonfire Elementals","player_choice":"Offered Uncommon","floor":40.0,"gold_loss":0.0,"damage_taken":0.0}],"is_beta":false,"boss_relics":[{"not_picked":["Tiny House","Busted Crown"],"picked":"Cursed Key"},{"not_picked":["Slimebound:TarBlob","Sozu"],"picked":"Empty Cage"}],"items_purged_floors":[21,44],"is_endless":false,"potions_floor_spawned":[5,10,14,23,26,29,32,36,47,48],"ascension_level":0}}