{"host":"iv4l93feeza0hr07","time":1609731599,"event":{"mods":["2.2 Compatiblity","AchievementEnabler","Act Like it!","BaseMod","BetterRewards","Colored Map","Colored Powertips","Conspire","Downfall","Ekko","GifTheSpireLib","GungeonMod","Hubris","Infinite Spire","LagranYue(???·?)","Luminous","Mimic Mod","Minty Spire (QoL Compilation)","Quick Restart","Replay The Spire","StSLib","The Bug Knight","The Wild Card","Yuri Mod"],"gold_per_floor":[111,111,111,123,134,134,168,168,221,121,121,121,135,152,152,255,255,272,284,284,312,312,312,332,332,358,358,388,388,398,409,409,505,505,535,551,551,551,501,501],"floor_reached":39,"playtime":2853,"items_purged":[],"score":424,"play_id":"d76b50a1-1339-49ea-b91b-7c15ba18665b","local_time":"20210103193959","is_ascension_mode":false,"campfire_choices":[{"data":"ekkoTheBoyWhoShatteredTime:Greed","floor":6,"key":"SMITH"},{"data":"ekkoTheBoyWhoShatteredTime:TimeMaster","floor":8,"key":"SMITH"},{"data":"Ghostly","floor":12,"key":"SMITH"},{"data":"ekkoTheBoyWhoShatteredTime:NashorsTooth","floor":15,"key":"SMITH"},{"data":"ekkoTheBoyWhoShatteredTime:Periocharge","floor":23,"key":"SMITH"},{"data":"ekkoTheBoyWhoShatteredTime:TimeIndustry","floor":29,"key":"SMITH"},{"floor":32,"key":"DIG"}],"circlet_count":0,"master_deck":["ekkoTheBoyWhoShatteredTime:Strike","ekkoTheBoyWhoShatteredTime:Strike","ekkoTheBoyWhoShatteredTime:Strike","ekkoTheBoyWhoShatteredTime:Strike","ekkoTheBoyWhoShatteredTime:Strike","ekkoTheBoyWhoShatteredTime:Defend","ekkoTheBoyWhoShatteredTime:Defend","ekkoTheBoyWhoShatteredTime:Defend","ekkoTheBoyWhoShatteredTime:Defend","ekkoTheBoyWhoShatteredTime:TimeMaster+1","ekkoTheBoyWhoShatteredTime:ParallelConvergence","ekkoTheBoyWhoShatteredTime:Backtrack","ekkoTheBoyWhoShatteredTime:Greed+1","ekkoTheBoyWhoShatteredTime:NaggingBlow","Ghostly+1","ekkoTheBoyWhoShatteredTime:NashorsTooth+1","ekkoTheBoyWhoShatteredTime:Periocharge+1","ekkoTheBoyWhoShatteredTime:AfterimageDualStroke","ekkoTheBoyWhoShatteredTime:CommittedStrike","ekkoTheBoyWhoShatteredTime:AfterimageHit","ekkoTheBoyWhoShatteredTime:AfterimageTease","ekkoTheBoyWhoShatteredTime:TimeIndustry+1","ekkoTheBoyWhoShatteredTime:NeedlesslyLargeRod","ekkoTheBoyWhoShatteredTime:HextechProtobelt","ekkoTheBoyWhoShatteredTime:TrinityForce"],"relics":["ekkoTheBoyWhoShatteredTime:zDriveResonance","LagranYue:RandomDrawCardRelic","hubris:Towel","LagranYue:MagicReflectiveArmorRelic","Lantern","hubris:HollowSoul","Nilry\u0027s Codex","hubris:ToyBattleship","Happy Flower","DemoMod:MeatBun","ekkoTheBoyWhoShatteredTime:zDriveGreediness","Mango","PreservedInsect","SacredBark","hubris:Icosahedron"],"acts_visited":["Exordium","TheCity","TheBeyond"],"potions_floor_usage":[31,33,33],"damage_taken":[{"damage":0,"enemies":"Small Slimes","floor":1,"turns":4},{"damage":2,"enemies":"2 Louse","floor":4,"turns":4},{"damage":8,"enemies":"Jaw Worm","floor":5,"turns":7},{"damage":28,"enemies":"Lagavulin","floor":7,"turns":8},{"damage":0,"enemies":"Large Slime","floor":13,"turns":7},{"damage":2,"enemies":"2 Fungi Beasts","floor":14,"turns":4},{"damage":26,"enemies":"Hexaghost","floor":16,"turns":10},{"damage":11,"enemies":"conspire:FuzzyDice","floor":18,"turns":7},{"damage":5,"enemies":"Spheric Guardian","floor":19,"turns":4},{"damage":32,"enemies":"conspire:MimicChest","floor":21,"turns":6},{"damage":2,"enemies":"Shelled Parasite and Fungi","floor":24,"turns":6},{"damage":3,"enemies":"conspire:SneckoGhost","floor":28,"turns":6},{"damage":14,"enemies":"Centurion and Healer","floor":30,"turns":5},{"damage":0,"enemies":"Cultist and Chosen","floor":31,"turns":6},{"damage":26,"enemies":"Collector","floor":33,"turns":5},{"damage":27,"enemies":"Orb Walker","floor":35,"turns":5},{"damage":60,"enemies":"3 Darklings","floor":36,"turns":7},{"damage":25,"enemies":"4 Shapes","floor":39,"turns":4}],"seed_played":"-6557279422666189530","potions_obtained":[{"floor":4,"key":"Elixir"},{"floor":5,"key":"BlessingOfTheForge"},{"floor":7,"key":"PowerPotion"},{"floor":28,"key":"DemoMod:LeadSkinPotion"},{"floor":36,"key":"Block Potion"}],"is_trial":false,"path_per_floor":["M","?","?","M","M","R","E","R","T","?","?","R","M","M","R","B",null,"M","M","?","?","?","R","M","$","T","AVR","E","R","M","M","R_BF","B",null,"M","M","?","?","M"],"character_chosen":"EKKO_THE_BOY_WHO_SHATTERED_TIME","items_purchased":[],"campfire_rested":0,"item_purchase_floors":[],"current_hp_per_floor":[85,85,85,83,75,75,47,47,47,47,47,47,47,45,45,19,85,74,69,53,21,21,21,19,19,19,33,44,44,30,49,49,23,99,75,15,15,15,0,0],"gold":501,"neow_bonus":"TEN_PERCENT_HP_BONUS","is_daily":false,"chose_seed":false,"campfire_upgraded":6,"win_rate":0.0,"timestamp":1609731599,"path_taken":["M","?","?","M","M","R","E","R","T","?","?","R","M","M","R","BOSS","M","M","?","?","?","R","M","?","T","AVR","E","R","M","M","R_BF","BOSS","M","M","?","?","M"],"items_purchased_type":[],"build_version":"2020-12-22","purchased_purges":0,"victory":false,"max_hp_per_floor":[85,85,85,85,85,85,85,85,85,85,85,85,85,85,85,85,85,85,85,85,85,85,85,85,85,85,85,99,99,99,99,99,99,99,99,99,99,99,99,99],"card_choices":[{"not_picked":["ekkoTheBoyWhoShatteredTime:DodgeTraining","ekkoTheBoyWhoShatteredTime:Knowledge"],"picked":"ekkoTheBoyWhoShatteredTime:ParallelConvergence","floor":1},{"not_picked":["ekkoTheBoyWhoShatteredTime:FluidEnergy","ekkoTheBoyWhoShatteredTime:ParallelConvergence"],"picked":"ekkoTheBoyWhoShatteredTime:Backtrack","floor":4},{"not_picked":["ekkoTheBoyWhoShatteredTime:ProjectPreference","ekkoTheBoyWhoShatteredTime:BansheesVeil"],"picked":"ekkoTheBoyWhoShatteredTime:Greed","floor":5},{"not_picked":["ekkoTheBoyWhoShatteredTime:SpHit","ekkoTheBoyWhoShatteredTime:HauntedAfterimage"],"picked":"ekkoTheBoyWhoShatteredTime:NaggingBlow","floor":7},{"not_picked":["ekkoTheBoyWhoShatteredTime:IceBreak","ekkoTheBoyWhoShatteredTime:Knowledge","ekkoTheBoyWhoShatteredTime:QuickBreak"],"picked":"SKIP","floor":13},{"not_picked":["ekkoTheBoyWhoShatteredTime:Leap","ekkoTheBoyWhoShatteredTime:HauntedAfterimage"],"picked":"ekkoTheBoyWhoShatteredTime:NashorsTooth","floor":14},{"not_picked":["ekkoTheBoyWhoShatteredTime:URF","ekkoTheBoyWhoShatteredTime:Unleashed"],"picked":"ekkoTheBoyWhoShatteredTime:Periocharge","floor":16},{"not_picked":["ekkoTheBoyWhoShatteredTime:Leap","ekkoTheBoyWhoShatteredTime:HauntingGuise"],"picked":"ekkoTheBoyWhoShatteredTime:AfterimageDualStroke","floor":18},{"not_picked":["ekkoTheBoyWhoShatteredTime:Leap+1","ekkoTheBoyWhoShatteredTime:AfterimageBait"],"picked":"ekkoTheBoyWhoShatteredTime:CommittedStrike","floor":19},{"not_picked":["ekkoTheBoyWhoShatteredTime:NaggingBlow","ekkoTheBoyWhoShatteredTime:CommittedStrike+1"],"picked":"ekkoTheBoyWhoShatteredTime:AfterimageHit","floor":21},{"not_picked":["ekkoTheBoyWhoShatteredTime:ComeAtMe","ekkoTheBoyWhoShatteredTime:Acceleration"],"picked":"ekkoTheBoyWhoShatteredTime:AfterimageTease","floor":24},{"not_picked":["ekkoTheBoyWhoShatteredTime:SneakHit","ekkoTheBoyWhoShatteredTime:TimeRecall"],"picked":"ekkoTheBoyWhoShatteredTime:TimeIndustry","floor":28},{"not_picked":["ekkoTheBoyWhoShatteredTime:AfterimageBait+1","ekkoTheBoyWhoShatteredTime:Vibin"],"picked":"ekkoTheBoyWhoShatteredTime:NeedlesslyLargeRod","floor":30},{"not_picked":["ekkoTheBoyWhoShatteredTime:CalmingWaves","ekkoTheBoyWhoShatteredTime:TimeRecall"],"picked":"ekkoTheBoyWhoShatteredTime:HextechProtobelt","floor":31},{"not_picked":["ekkoTheBoyWhoShatteredTime:GuinsoosRageblade","ekkoTheBoyWhoShatteredTime:TrickOrTreatTrend"],"picked":"ekkoTheBoyWhoShatteredTime:TrinityForce","floor":33},{"not_picked":["ekkoTheBoyWhoShatteredTime:Backtrack+1","ekkoTheBoyWhoShatteredTime:CommittedStrike+1","ekkoTheBoyWhoShatteredTime:FeelIt+1"],"picked":"SKIP","floor":35},{"not_picked":["ekkoTheBoyWhoShatteredTime:TimeRecall+1","ekkoTheBoyWhoShatteredTime:AfterimageHit","ekkoTheBoyWhoShatteredTime:WaitForKeyTiming"],"picked":"SKIP","floor":36}],"player_experience":156646,"relics_obtained":[{"floor":7,"key":"LagranYue:MagicReflectiveArmorRelic"},{"floor":9,"key":"Lantern"},{"floor":20,"key":"Nilry\u0027s Codex"},{"floor":21,"key":"hubris:ToyBattleship"},{"floor":26,"key":"Happy Flower"},{"floor":28,"key":"Mango"},{"floor":32,"key":"PreservedInsect"}],"event_choices":[{"damage_healed":0,"gold_gain":0,"player_choice":"Argue","damage_taken":0,"max_hp_gain":0,"max_hp_loss":0,"event_name":"conspire:LoneGhost","floor":10,"gold_loss":0},{"damage_healed":0,"gold_gain":0,"player_choice":"Leave","damage_taken":0,"max_hp_gain":0,"max_hp_loss":0,"event_name":"The Cleric","floor":11,"gold_loss":0},{"damage_healed":0,"gold_gain":0,"player_choice":"Obtained Book","damage_taken":16,"max_hp_gain":0,"max_hp_loss":0,"event_name":"Cursed Tome","floor":20,"gold_loss":0},{"damage_healed":0,"gold_gain":0,"player_choice":"Leave","damage_taken":0,"max_hp_gain":0,"max_hp_loss":0,"event_name":"conspire:Investor","floor":22,"gold_loss":0},{"damage_healed":0,"gold_gain":0,"player_choice":"Ignored","damage_taken":0,"max_hp_gain":0,"max_hp_loss":0,"event_name":"SecretPortal","floor":38,"gold_loss":0}],"is_beta":false,"boss_relics":[{"not_picked":["Replay:Bronze Core","Coffee Dripper"],"picked":"hubris:HollowSoul"},{"not_picked":["Runic Dome","hubris:RunicObelisk"],"picked":"SacredBark"}],"items_purged_floors":[],"is_endless":false,"potions_floor_spawned":[4,5,7,16,18,19,24,28,36],"killed_by":"4 Shapes","ascension_level":0}}