{"host":"v0dnu0zs4qo0v13s","time":1609721103,"event":{"mods":["BaseMod","Colored Map","Colored Powertips","Minty Spire (QoL Compilation)","Relic Stats","StSLib","SuperFastMode","everything is the same but u backflip on backflip"],"gold_per_floor":[116,116,130,55,55,55,55,55,79,90,109,124,150,168,168,168,168],"floor_reached":16,"playtime":950,"items_purged":["Strike_R"],"score":179,"play_id":"ec25633b-bdce-47d9-8633-5db85dc57f07","local_time":"20210103194503","is_ascension_mode":true,"campfire_choices":[{"data":"Combust","floor":6.0,"key":"SMITH"},{"data":"Bloodletting","floor":8.0,"key":"SMITH"},{"floor":15.0,"key":"REST"}],"circlet_count":0,"master_deck":["AscendersBane","Strike_R","Defend_R","Defend_R","Defend_R","Defend_R","Bash","Doubt","Brutality","Combust+1","Dual Wield","Rampage+1","Bloodletting+1","Searing Blow","Barricade","Burning Pact"],"relics":["Burning Blood","Pen Nib","Lizard Tail"],"acts_visited":["Exordium"],"potions_floor_usage":[16,16],"damage_taken":[{"damage":3.0,"enemies":"Small Slimes","floor":1.0,"turns":2.0},{"damage":13.0,"enemies":"Jaw Worm","floor":3.0,"turns":4.0},{"damage":14.0,"enemies":"Cultist","floor":10.0,"turns":3.0},{"damage":22.0,"enemies":"Blue Slaver","floor":11.0,"turns":4.0},{"damage":8.0,"enemies":"Exordium Thugs","floor":12.0,"turns":3.0},{"damage":30.0,"enemies":"3 Sentries","floor":13.0,"turns":6.0},{"damage":11.0,"enemies":"Gremlin Gang","floor":14.0,"turns":3.0},{"damage":29,"enemies":"The Guardian","floor":16,"turns":5}],"seed_played":"6156580686848157394","potions_obtained":[{"floor":10.0,"key":"Block Potion"},{"floor":11.0,"key":"BlessingOfTheForge"},{"floor":12.0,"key":"FearPotion"},{"floor":13.0,"key":"SteroidPotion"}],"is_trial":false,"path_per_floor":["M","?","M","$","?","R","$","R","T","M","M","M","E","M","R","B"],"character_chosen":"IRONCLAD","items_purchased":[],"campfire_rested":1,"item_purchase_floors":[],"current_hp_per_floor":[71,71,64,64,64,64,64,64,64,56,40,38,14,9,31,2,2],"gold":168,"neow_bonus":"TRANSFORM_TWO_CARDS","is_daily":false,"chose_seed":false,"campfire_upgraded":2,"win_rate":0.0,"timestamp":1609721103,"path_taken":["M","?","M","$","?","R","$","R","T","M","M","M","E","M","R","BOSS"],"items_purchased_type":[],"build_version":"2020-12-22","purchased_purges":1,"victory":false,"max_hp_per_floor":[75,75,75,75,75,75,75,75,75,75,75,75,75,75,75,75,75],"relic_stats":{"Lizard Tail":0,"counters":[8,30],"Pen Nib":[2],"obtain_stats":[{"Lizard Tail":13,"Pen Nib":9,"Burning Blood":0},{"Lizard Tail":6,"Pen Nib":2,"Burning Blood":0},{"Lizard Tail":22,"Pen Nib":6,"Burning Blood":0}],"Burning Blood":42},"card_choices":[{"not_picked":["Warcry","Pommel Strike"],"picked":"Dual Wield","floor":1.0},{"not_picked":["Heavy Blade","Sword Boomerang"],"picked":"Bloodletting","floor":3.0},{"not_picked":["Armaments","Iron Wave","Clash"],"picked":"SKIP","floor":10.0},{"not_picked":["Thunderclap","Infernal Blade"],"picked":"Searing Blow","floor":11.0},{"not_picked":["Havoc","Reckless Charge"],"picked":"Barricade","floor":12.0},{"not_picked":["Sword Boomerang","Iron Wave","Thunderclap"],"picked":"SKIP","floor":13.0},{"not_picked":["Pommel Strike","Reckless Charge"],"picked":"Burning Pact","floor":14.0}],"player_experience":644185,"relics_obtained":[{"floor":9.0,"key":"Pen Nib"},{"floor":13.0,"key":"Lizard Tail"}],"event_choices":[{"damage_healed":0.0,"max_hp_gain":0.0,"max_hp_loss":0.0,"gold_gain":0.0,"cards_transformed":["Strike_R"],"event_name":"Living Wall","player_choice":"Change","floor":2.0,"gold_loss":0.0,"damage_taken":0.0,"cards_obtained":["Rampage"]},{"damage_healed":0.0,"max_hp_gain":0.0,"max_hp_loss":0.0,"gold_gain":0.0,"event_name":"Upgrade Shrine","player_choice":"Upgraded","floor":5.0,"gold_loss":0.0,"damage_taken":0.0,"cards_upgraded":["Rampage"]}],"is_beta":false,"boss_relics":[],"items_purged_floors":[4],"is_endless":false,"potions_floor_spawned":[10,11,12,13],"killed_by":"The Guardian","ascension_level":15}}