{"host":"g5zc4ej6zn2at89o","time":1609776321,"event":{"mods":["2.2 Compatiblity","AchievementEnabler","BaseMod","Colored Map","DeckTracker","Highlight Path","KOR Keyword Fix","Keyboard Shortcuts","Minty Spire (QoL Compilation)","Permanent Neow","Quick Restart","Say the Spire","StSLib","SuperFastMode","everything is the same but u backflip on backflip"],"gold_per_floor":[12,12,87,87,105,105,136,136,160,19,19,19,37,50,50,146,146,158,158,83,43,58,58,58],"floor_reached":23,"playtime":912,"items_purged":["Writhe"],"score":196,"play_id":"48187f1b-de75-467d-bdd3-61c48957510f","local_time":"20210105010521","is_ascension_mode":true,"campfire_choices":[{"data":"Bash","floor":6,"key":"SMITH"},{"floor":8,"key":"REST"},{"data":"Limit Break","floor":15,"key":"SMITH"}],"circlet_count":0,"master_deck":["Strike_R","Strike_R","Strike_R","Defend_R","Defend_R","Defend_R+1","Defend_R","Bash+1","Apotheosis+1","Second Wind+1","Heavy Blade","Intimidate","Limit Break+1","Sentinel","Anger","Limit Break","Power Through+1"],"relics":["Burning Blood","Pen Nib","MealTicket","Philosopher\u0027s Stone","Nunchaku"],"acts_visited":["Exordium","TheCity"],"potions_floor_usage":[18,18,22],"damage_taken":[{"damage":3,"enemies":"Small Slimes","floor":1,"turns":4},{"damage":0,"enemies":"2 Louse","floor":5,"turns":4},{"damage":61,"enemies":"3 Sentries","floor":7,"turns":15},{"damage":3,"enemies":"Cultist","floor":13,"turns":6},{"damage":12,"enemies":"Exordium Wildlife","floor":14,"turns":4},{"damage":63,"enemies":"Slime Boss","floor":16,"turns":14},{"damage":18,"enemies":"3 Byrds","floor":18,"turns":4},{"damage":13,"enemies":"2 Thieves","floor":22,"turns":5},{"damage":0,"enemies":"Gremlin Leader","floor":23,"turns":1}],"seed_played":"-1189068225071596052","potions_obtained":[{"floor":13,"key":"Dexterity Potion"},{"floor":14,"key":"Explosive Potion"},{"floor":16,"key":"Explosive Potion"},{"floor":18,"key":"Energy Potion"},{"floor":22,"key":"Fire Potion"}],"is_trial":false,"path_per_floor":["M","?","?","?","M","R","E","R","T","$","?","$","M","M","R","B",null,"M","?","$","?","M","E"],"character_chosen":"IRONCLAD","items_purchased":["Limit Break"],"campfire_rested":1,"item_purchase_floors":[10],"current_hp_per_floor":[80,80,69,69,75,75,20,44,44,59,59,74,77,71,71,14,80,68,68,80,80,73,73,73],"gold":58,"neow_bonus":"RANDOM_COLORLESS_2","is_daily":false,"chose_seed":false,"campfire_upgraded":2,"win_rate":0.0,"timestamp":1609776321,"path_taken":["M","?","?","?","?","R","E","R","T","$","?","?","M","M","R","BOSS","M","?","$","?","?","E"],"items_purchased_type":["Card"],"build_version":"2020-12-22","purchased_purges":1,"victory":false,"max_hp_per_floor":[80,80,80,80,80,80,80,80,80,80,80,80,80,80,80,80,80,80,80,80,80,80,80,80],"card_choices":[{"not_picked":["Magnetism","Violence"],"picked":"Apotheosis","floor":0},{"not_picked":["Fire Breathing","Rage"],"picked":"Second Wind","floor":1},{"not_picked":["Wild Strike","Battle Trance"],"picked":"Heavy Blade","floor":5},{"not_picked":["Shrug It Off","Flex"],"picked":"Intimidate","floor":7},{"not_picked":["Second Wind","Heavy Blade"],"picked":"Sentinel","floor":13},{"not_picked":["Havoc","Iron Wave"],"picked":"Anger","floor":14},{"not_picked":["Brutality","Fiend Fire"],"picked":"Limit Break","floor":16},{"not_picked":["Sword Boomerang","Iron Wave","Warcry"],"picked":"SKIP","floor":18},{"not_picked":["Headbutt","Pommel Strike"],"picked":"Power Through+1","floor":22}],"player_experience":100467,"relics_obtained":[{"floor":7,"key":"Pen Nib"},{"floor":9,"key":"MealTicket"}],"event_choices":[{"damage_healed":0,"gold_gain":0,"player_choice":"Grow","damage_taken":0,"max_hp_gain":0,"max_hp_loss":0,"event_name":"Living Wall","floor":2,"gold_loss":0,"cards_upgraded":["Apotheosis"]},{"damage_healed":0,"gold_gain":75,"player_choice":"Gather Gold","damage_taken":11,"max_hp_gain":0,"max_hp_loss":0,"event_name":"World of Goop","floor":3,"gold_loss":0},{"cards_removed":["Strike_R"],"damage_healed":0,"gold_gain":0,"player_choice":"Purged","damage_taken":0,"max_hp_gain":0,"max_hp_loss":0,"event_name":"Purifier","floor":4,"gold_loss":0},{"cards_removed":["Strike_R"],"damage_healed":0,"gold_gain":0,"player_choice":"Card Removal","damage_taken":0,"max_hp_gain":0,"max_hp_loss":0,"event_name":"Wheel of Change","floor":11,"gold_loss":0},{"damage_healed":0,"gold_gain":0,"player_choice":"Opened","damage_taken":0,"relics_obtained":["Nunchaku"],"max_hp_gain":0,"max_hp_loss":0,"event_name":"The Mausoleum","floor":19,"gold_loss":0,"cards_obtained":["Writhe"]},{"damage_healed":0,"gold_gain":0,"player_choice":"Upgraded Two","damage_taken":0,"max_hp_gain":0,"max_hp_loss":0,"event_name":"Designer","floor":21,"gold_loss":40,"cards_upgraded":["Second Wind","Defend_R"]}],"is_beta":false,"boss_relics":[{"not_picked":["SacredBark","Coffee Dripper"],"picked":"Philosopher\u0027s Stone"}],"items_purged_floors":[20],"is_endless":false,"potions_floor_spawned":[13,14,16,18,22],"killed_by":"Gremlin Leader","ascension_level":1}}