{"host":"ox77rn1xcurm2t5a","time":1609803381,"event":{"mods":["2.2 Compatiblity","AchievementEnabler","Act Like it!","Aspiration","BaseMod","Best Route Mod","Better Match","Better Note","Better Sensory Stone","Block Reminder","Colored Map","Colored Powertips","Conjunction","Conspire","Custom Start","Energized Spire","GifTheSpireLib","Gold Saver","Gremlin Skip","Halation","Highlight Path","Hubris","Infinite Spire","Minty Spire (QoL Compilation)","Pale of the Ancients","Quick Restart","Replay The Spire","Reworked Bosses","ShortenTheSpire","Spire Exporter","StSLib","Stuff the Spire","Wandering Minibosses","vexMod"],"gold_per_floor":[110,110,122,582,582,582,609,609,636,654,680,697,715,747,747,845,845,858,858,858,151,167,167,193,153,153,185,199,212,212,245,245,342,342,360,377,390,390,438,472,486,486,486,521,540,540,540,556,556,556,556],"floor_reached":50,"playtime":8010,"items_purged":["Strike_B","All For One+1","Strike_B"],"score":1013,"play_id":"357e506a-2235-46ca-8c6f-6f10e0289b15","local_time":"20210105013621","is_ascension_mode":true,"campfire_choices":[{"floor":6.0,"key":"RECALL"},{"data":"Zap","floor":8.0,"key":"SMITH"},{"data":"Capacitor","floor":15.0,"key":"SMITH"},{"data":"Dualcast","floor":23.0,"key":"SMITH"},{"data":"Gash","floor":30.0,"key":"SMITH"},{"data":"Echo Form","floor":42.0,"key":"SMITH"},{"data":"Storm","floor":47.0,"key":"SMITH"},{"data":"Amplify","floor":49.0,"key":"SMITH"}],"circlet_count":0,"master_deck":["AscendersBane","Strike_B","Strike_B","Defend_B","Defend_B","Defend_B","Defend_B","Zap+1","Dualcast+1","Ball Lightning","Storm+1","Gash+1","Capacitor+1","Electrodynamics+1","Ball Lightning","Ball Lightning","Gash+1","Amplify+1","Stack+1","Redo+1","Tempest+1","Genetic Algorithm+1","Echo Form+1","Parasite","Go for the Eyes+1"],"relics":["Cracked Core","NeowsBlessing","Replay:Rubber Ducky","halation:KoshaPiece","Mummified Hand","Carrot","MealTicket","Coffee Dripper","Letter Opener","Nloth\u0027s Gift","aspiration:SeaSaltIceCream","Cracked Core","Guide Book","Solar Panel","Replay:Towering Pillar of Hats","Bag of Marbles","Smiling Mask","Black Star","infinitespire:CursedDice","Mango","hubris:TenFootPole","Bag of Preparation","halation:TwoAmDonut","Boot","HornCleat","wanderingMiniBosses:Inkheart"],"acts_visited":["Exordium","TheCity","TheBeyond"],"potions_floor_usage":[],"damage_taken":[{"damage":0.0,"enemies":"2 Louse","floor":1.0,"turns":1.0},{"damage":0.0,"enemies":"Small Slimes","floor":3.0,"turns":1.0},{"damage":0.0,"enemies":"Gremlin Nob","floor":7.0,"turns":1.0},{"damage":3.0,"enemies":"Cultist","floor":10.0,"turns":3.0},{"damage":19.0,"enemies":"Lagavulin","floor":11.0,"turns":4.0},{"damage":4.0,"enemies":"Red Slaver","floor":12.0,"turns":3.0},{"damage":13.0,"enemies":"3 Louse","floor":13.0,"turns":2.0},{"damage":14.0,"enemies":"3 Sentries","floor":14.0,"turns":6.0},{"damage":49.0,"enemies":"Fading Forest","floor":16.0,"turns":11.0},{"damage":4.0,"enemies":"Chosen","floor":18.0,"turns":4.0},{"damage":10.0,"enemies":"2 Thieves","floor":22.0,"turns":5.0},{"damage":25.0,"enemies":"Gremlin Leader","floor":24.0,"turns":5.0},{"damage":9.0,"enemies":"Book of Stabbing","floor":27.0,"turns":3.0},{"damage":13.0,"enemies":"Sentry and Sphere","floor":28.0,"turns":3.0},{"damage":6.0,"enemies":"Centurion and Healer","floor":29.0,"turns":2.0},{"damage":2.0,"enemies":"Gremlin Leader","floor":31.0,"turns":4.0},{"damage":1.0,"enemies":"bossMod:newCollector","floor":33.0,"turns":7.0},{"damage":9.0,"enemies":"3 Shapes","floor":35.0,"turns":3.0},{"damage":30.0,"enemies":"3 Darklings","floor":36.0,"turns":2.0},{"damage":0.0,"enemies":"Sphere and 2 Shapes","floor":37.0,"turns":1.0},{"damage":31.0,"enemies":"2 Orb Walkers","floor":39.0,"turns":3.0},{"damage":43.0,"enemies":"R_Hoarder","floor":40.0,"turns":7.0},{"damage":0.0,"enemies":"Writhing Mass","floor":41.0,"turns":3.0},{"damage":41.0,"enemies":"Nemesis","floor":44.0,"turns":5.0},{"damage":0.0,"enemies":"Transient","floor":45.0,"turns":5.0},{"damage":24.0,"enemies":"Sphere and 2 Shapes","floor":48.0,"turns":5.0},{"damage":50,"enemies":"infinitespire:MassOfShapes","floor":50,"turns":7}],"seed_played":"-7303823649361840516","potions_obtained":[{"floor":1.0,"key":"Strength Potion"},{"floor":3.0,"key":"Swift Potion"},{"floor":14.0,"key":"BlessingOfTheForge"},{"floor":24.0,"key":"Fire Potion"},{"floor":25.0,"key":"EntropicBrew"},{"floor":31.0,"key":"Weak Potion"},{"floor":32.0,"key":"AttackPotion"},{"floor":32.0,"key":"LifebloodPotion"},{"floor":33.0,"key":"Reflective Coating"},{"floor":39.0,"key":"PowerPotion"},{"floor":41.0,"key":"AttackPotion"},{"floor":44.0,"key":"BlessingOfTheForge"}],"is_trial":false,"path_per_floor":["M","?","M","$","?","R","E","R","T","M","E","M","M","E","R","B",null,"M","T","?","$","M","R","E","?","T","E","M","M","R","E","R_BF","B",null,"M","M","M","AVR","?","E","M","R","T","E","M","?","R","M","R","B"],"character_chosen":"DEFECT","items_purchased":["Storm","Replay:Rubber Ducky","halation:KoshaPiece","Gash","aspiration:SeaSaltIceCream","All For One","Guide Book","EssenceOfSteel"],"campfire_rested":0,"item_purchase_floors":[4,4,4,4,21,21,21,21],"current_hp_per_floor":[68,68,68,68,68,68,68,68,68,65,46,42,29,60,60,19,61,57,57,57,72,62,62,75,75,75,75,74,72,72,75,75,75,75,75,51,57,57,52,26,36,36,36,44,62,62,62,50,50,0,0],"gold":556,"neow_bonus":"THREE_ENEMY_KILL","is_daily":false,"chose_seed":false,"campfire_upgraded":7,"win_rate":0.0,"timestamp":1609803381,"path_taken":["M","?","M","$","?","R","E","R","T","M","E","?","M","E","R","BOSS","M","?","?","$","M","R","E","?","T","E","M","M","R","E","R_BF","BOSS","M","M","M","AVR","?","E","M","R","T","E","M","?","R","M","R","BOSS"],"items_purchased_type":["Card","Relic","Relic","Card","Relic","Card","Relic","Potion"],"build_version":"2020-12-22","purchased_purges":3,"victory":false,"max_hp_per_floor":[75,75,75,75,75,75,75,75,75,75,75,75,75,75,75,75,75,75,75,75,75,75,75,75,75,75,75,75,75,75,75,75,75,75,75,75,75,75,89,90,90,90,90,90,90,90,90,90,90,90,90],"card_choices":[{"not_picked":["StuffTheSpire:Plugnplay","Coolheaded"],"picked":"Ball Lightning","floor":1.0},{"not_picked":["Reprogram","ReplaySolidLightProjector","Stack"],"picked":"SKIP","floor":3.0},{"not_picked":["Multi-Cast","Chaos"],"picked":"Capacitor","floor":7.0},{"not_picked":["Turbo","Leap","Compile Driver"],"picked":"SKIP","floor":10.0},{"not_picked":["Doom and Gloom","Reboot","BasicCrystalCard"],"picked":"SKIP","floor":11.0},{"not_picked":["Heatsinks","Lockon","Redo"],"picked":"SKIP","floor":12.0},{"not_picked":["Turbo","Panic Button","Hologram"],"picked":"SKIP","floor":13.0},{"not_picked":["BasicCrystalCard","Consume","Darkness"],"picked":"SKIP","floor":14.0},{"not_picked":["Creative AI","hubris:Prefetch"],"picked":"Electrodynamics","floor":16.0},{"not_picked":["Streamline","Go for the Eyes"],"picked":"Ball Lightning","floor":18.0},{"not_picked":["Aggregate","Leap+1","Genetic Algorithm"],"picked":"SKIP","floor":22.0},{"not_picked":["FIFO Queue","Auto Shields"],"picked":"Ball Lightning","floor":24.0},{"not_picked":["conspire:Rain+1","BootSequence","Leap+1"],"picked":"SKIP","floor":27.0},{"not_picked":["Meteor Strike","StuffTheSpire:GlassShard","conspire:SharedLibrary"],"picked":"SKIP","floor":28.0},{"not_picked":["Conserve Battery+1","Cold Snap"],"picked":"Gash+1","floor":29.0},{"not_picked":["Coolheaded","Double Energy","hubris:DoWhile"],"picked":"SKIP","floor":31.0},{"not_picked":["hubris:DoWhile","StuffTheSpire:EventHorizon"],"picked":"Amplify","floor":33.0},{"not_picked":["Compile Driver+1","BasicCrystalCard+1"],"picked":"Stack+1","floor":35.0},{"not_picked":["Leap+1","Beam Cell"],"picked":"Redo+1","floor":36.0},{"not_picked":["StuffTheSpire:SnapShoot","FIFO Queue+1"],"picked":"Tempest+1","floor":37.0},{"not_picked":["Multi-Cast","StuffTheSpire:Plugnplay+1"],"picked":"Genetic Algorithm+1","floor":39.0},{"not_picked":["Fission","ReplayRNGCard"],"picked":"Echo Form","floor":40.0},{"not_picked":["Conserve Battery+1","Buffer"],"picked":"Go for the Eyes+1","floor":41.0},{"not_picked":["Thunder Strike","Steam Power","Steam"],"picked":"SKIP","floor":44.0},{"not_picked":["Blizzard+1","Stack","hubris:SpecializedCircuitry"],"picked":"SKIP","floor":45.0},{"not_picked":["StuffTheSpire:LoadUp","Sweeping Beam","Coolheaded+1"],"picked":"SKIP","floor":48.0}],"player_experience":2892000,"relics_obtained":[{"floor":7.0,"key":"Carrot"},{"floor":11.0,"key":"MealTicket"},{"floor":14.0,"key":"halation:Pancakes"},{"floor":19.0,"key":"Letter Opener"},{"floor":24.0,"key":"Solar Panel"},{"floor":26.0,"key":"Replay:Towering Pillar of Hats"},{"floor":27.0,"key":"Bag of Marbles"},{"floor":31.0,"key":"Smiling Mask"},{"floor":39.0,"key":"Mango"},{"floor":40.0,"key":"hubris:TenFootPole"},{"floor":40.0,"key":"Bag of Preparation"},{"floor":43.0,"key":"halation:TwoAmDonut"},{"floor":44.0,"key":"Boot"},{"floor":44.0,"key":"HornCleat"},{"floor":48.0,"key":"wanderingMiniBosses:Inkheart"}],"event_choices":[{"damage_healed":0.0,"max_hp_gain":0.0,"max_hp_loss":0.0,"gold_gain":0.0,"event_name":"WeMeetAgain","player_choice":"Gave Potion","floor":5.0,"gold_loss":0.0,"damage_taken":0.0,"relics_obtained":["Mummified Hand"]},{"damage_healed":0.0,"max_hp_gain":0.0,"max_hp_loss":0.0,"gold_gain":0.0,"event_name":"N\u0027loth","player_choice":"Traded Relic","floor":20.0,"relics_lost":["halation:Pancakes"],"gold_loss":0.0,"damage_taken":0.0,"relics_obtained":["Nloth\u0027s Gift"]},{"damage_healed":0.0,"max_hp_gain":0.0,"max_hp_loss":0.0,"gold_gain":0.0,"event_name":"The Woman in Blue","player_choice":"Bought 3 Potions","floor":25.0,"gold_loss":0.0,"damage_taken":0.0},{"damage_healed":0.0,"max_hp_gain":0.0,"max_hp_loss":0.0,"gold_gain":0.0,"event_name":"Mysterious Sphere","player_choice":"Fight","floor":39.0,"gold_loss":0.0,"damage_taken":0.0}],"is_beta":false,"boss_relics":[{"not_picked":["Tiny House","energizedSpire:SpiderWeb"],"picked":"Coffee Dripper"},{"not_picked":["halation:MonkeysPaw","vexMod:ImprovementManual"],"picked":"Black Star"}],"items_purged_floors":[4,21,38],"is_endless":false,"potions_floor_spawned":[1,3,14,24,31,33,39,41,44],"killed_by":"infinitespire:MassOfShapes","ascension_level":11}}