{"host":"qswkx8hggytna0kc","time":1609724281,"event":{"mods":["Aspiration","BaseMod","BetterRewards","Colored Map","Colored Powertips","Highlight Path","Hubris","Mimic Mod","Minty Spire (QoL Compilation)","Quick Restart","Replay The Spire","StSLib","SuperFastMode"],"gold_per_floor":[116,126,141,141,151,183,133,133,205,205,61,87,102,113,113,213,213,229,249,0,0,0,0,0,0,0,16,16,16,116,126,126,126,126],"floor_reached":33,"playtime":750,"items_purged":["Strike_B"],"score":319,"play_id":"d515abf8-e3ab-4b16-a720-6ccc97a4c745","local_time":"20210104093801","is_ascension_mode":true,"campfire_choices":[{"data":"Zap","floor":8.0,"key":"SMITH"},{"floor":15.0,"key":"REST"},{"floor":23.0,"key":"REST"},{"floor":25.0,"key":"REST"},{"data":"White Noise","floor":32.0,"key":"SMITH"}],"circlet_count":0,"master_deck":["Strike_B+1","Strike_B+1","Defend_B+1","Defend_B+1","Defend_B+1","Defend_B+1","Zap+1","Dualcast","Defragment+1","Seeing Red","Go for the Eyes","Juggernaut","FTL","Clash","Clash","Mirror Shield","FTL","Scrape","White Noise+1","Anger+1","Replay:Bootleg Shield Generator","hubris:DuctTapeCard"],"relics":["Cracked Core","aspiration:Nostalgia","Iron Core","Juzu Bracelet","Replay:Wax Seal","Singing Bowl","Pen Nib","Inserter","hubris:DuctTape","Letter Opener","Orichalcum","PrismaticShard"],"acts_visited":["Exordium","TheCity"],"potions_floor_usage":[],"damage_taken":[{"damage":0.0,"enemies":"Small Slimes","floor":1.0,"turns":2.0},{"damage":1.0,"enemies":"Cultist","floor":2.0,"turns":3.0},{"damage":0.0,"enemies":"2 Louse","floor":3.0,"turns":1.0},{"damage":2.0,"enemies":"Looter","floor":5.0,"turns":3.0},{"damage":25.0,"enemies":"3 Sentries","floor":6.0,"turns":7.0},{"damage":31.0,"enemies":"Gremlin Nob","floor":12.0,"turns":4.0},{"damage":4.0,"enemies":"2 Fungi Beasts","floor":13.0,"turns":3.0},{"damage":0.0,"enemies":"3 Louse","floor":14.0,"turns":3.0},{"damage":27.0,"enemies":"Hexaghost","floor":16.0,"turns":7.0},{"damage":24.0,"enemies":"3 Byrds","floor":18.0,"turns":4.0},{"damage":25.0,"enemies":"2 Thieves","floor":19.0,"turns":4.0},{"damage":1.0,"enemies":"Shelled Parasite and Fungi","floor":27.0,"turns":3.0},{"damage":21.0,"enemies":"Chosen and Byrds","floor":31.0,"turns":5.0},{"damage":55,"enemies":"Automaton","floor":33,"turns":6}],"seed_played":"-7796773829102283959","potions_obtained":[{"floor":1.0,"key":"Fruit Juice"},{"floor":2.0,"key":"FearPotion"},{"floor":6.0,"key":"DuplicationPotion"},{"floor":13.0,"key":"SteroidPotion"},{"floor":18.0,"key":"Explosive Potion"}],"is_trial":false,"path_per_floor":["M","M","M","?","M","E","?","R","T","?","$","E","M","M","R","B",null,"M","M","$","?","$","R","$","R","T","M","?","?","?","M","R","B"],"character_chosen":"DEFECT","items_purchased":["FTL","hubris:DuctTape"],"campfire_rested":3,"item_purchase_floors":[11,20],"current_hp_per_floor":[80,79,79,79,77,52,52,52,52,52,52,21,17,17,41,14,64,40,15,15,15,15,39,39,63,63,62,62,54,54,33,33,0,0],"gold":126,"neow_bonus":"NOSTALGIA","is_daily":false,"chose_seed":false,"campfire_upgraded":2,"win_rate":0.0,"timestamp":1609724281,"path_taken":["M","M","M","?","M","E","?","R","T","?","$","E","M","M","R","BOSS","M","M","$","?","?","R","$","R","T","M","?","?","?","M","R","BOSS"],"items_purchased_type":["Card","Relic"],"build_version":"2020-12-22","purchased_purges":1,"victory":false,"max_hp_per_floor":[80,80,80,80,80,80,80,80,80,80,80,80,80,80,80,80,80,80,80,80,80,80,80,80,80,80,80,80,80,80,80,80,80,80],"card_choices":[{"not_picked":["Reprogram","Headbutt"],"picked":"Flex","floor":1.0},{"not_picked":["Blizzard","Fusion"],"picked":"Defragment","floor":2.0},{"not_picked":["Heavy Blade","WeaponsOverheat"],"picked":"Seeing Red","floor":3.0},{"not_picked":["Warcry","Turbo"],"picked":"Go for the Eyes","floor":5.0},{"not_picked":["Juggernaut","Streamline","Ball Lightning"],"picked":"SKIP","floor":6.0},{"not_picked":["Streamline","Ball Lightning"],"picked":"Juggernaut","floor":6.0},{"not_picked":["Stack","Limit Break"],"picked":"Anger","floor":12.0},{"not_picked":["Undo","Redo"],"picked":"Clash","floor":13.0},{"not_picked":["Fusion","Doom and Gloom"],"picked":"Clash","floor":14.0},{"not_picked":["Reboot","Juggernaut"],"picked":"Mirror Shield","floor":16.0},{"not_picked":["Hologram","Barrage"],"picked":"FTL","floor":18.0},{"not_picked":["Leap","Stack"],"picked":"Scrape","floor":19.0},{"not_picked":["Fire Breathing","Dual Wield"],"picked":"White Noise","floor":27.0},{"not_picked":["Iron Wave","Lockon"],"picked":"Anger+1","floor":29.0},{"not_picked":["Beam Cell","Weave"],"picked":"Replay:Bootleg Shield Generator","floor":31.0}],"player_experience":217073,"relics_obtained":[{"floor":6.0,"key":"Replay:Wax Seal"},{"floor":9.0,"key":"Singing Bowl"},{"floor":12.0,"key":"Pen Nib"},{"floor":26.0,"key":"Orichalcum"},{"floor":29.0,"key":"PrismaticShard"}],"event_choices":[{"damage_healed":0.0,"max_hp_gain":0.0,"max_hp_loss":0.0,"gold_gain":0.0,"event_name":"WeMeetAgain","player_choice":"Gave Potion","floor":4.0,"gold_loss":0.0,"damage_taken":0.0,"relics_obtained":["Juzu Bracelet"]},{"cards_removed":["Strike_B"],"damage_healed":0.0,"max_hp_gain":0.0,"max_hp_loss":0.0,"gold_gain":0.0,"event_name":"The Cleric","player_choice":"Card Removal","floor":7.0,"gold_loss":50.0,"damage_taken":0.0},{"damage_healed":0.0,"max_hp_gain":0.0,"max_hp_loss":0.0,"gold_gain":0.0,"event_name":"Back to Basics","player_choice":"Simplicity","floor":28.0,"gold_loss":0.0,"damage_taken":0.0,"cards_upgraded":["Strike_B","Strike_B","Defend_B","Defend_B","Defend_B","Defend_B"]},{"damage_healed":0.0,"max_hp_gain":0.0,"max_hp_loss":0.0,"gold_gain":100.0,"event_name":"Golden Shrine","player_choice":"Pray","floor":30.0,"gold_loss":0.0,"damage_taken":0.0}],"is_beta":false,"boss_relics":[{"not_picked":["Ring of Chaos","hubris:VirtuousBlindfold"],"picked":"Inserter"}],"items_purged_floors":[11],"is_endless":false,"potions_floor_spawned":[1,2,6,13,18],"killed_by":"Automaton","ascension_level":5}}