{"host":"bq4pt811tk9yrmjl","time":1609801996,"event":{"mods":["AchievementEnabler","BaseMod","Colored Map","Colored Powertips","Defuse TimeMaze Blight","Hermit","Minty Spire (QoL Compilation)","StSLib","SuperFastMode"],"gold_per_floor":[116,116,116,42,56,56,95,170,170,188,188,188],"floor_reached":11,"playtime":169,"items_purged":[],"score":101,"play_id":"6b80f67c-7b90-4944-b15d-ba10a7da9d46","local_time":"20210104211316","is_ascension_mode":true,"campfire_choices":[{"data":"hermit:TakeAim","floor":6,"key":"SMITH"}],"circlet_count":0,"master_deck":["hermit:Strike_Hermit","hermit:Strike_Hermit","hermit:Strike_Hermit","hermit:Strike_Hermit","hermit:Defend_Hermit","hermit:Defend_Hermit","hermit:Defend_Hermit","hermit:Defend_Hermit","hermit:Snapshot","hermit:Covet","Injury","Regret","hermit:TakeAim+1","hermit:Shortfuse"],"relics":["hermit:Momento","NeowsBlessing","Golden Idol","Mummified Hand","Matryoshka","Anchor"],"acts_visited":["Exordium"],"potions_floor_usage":[11],"damage_taken":[{"damage":0,"enemies":"Jaw Worm","floor":1,"turns":1},{"damage":0,"enemies":"Small Slimes","floor":5,"turns":1},{"damage":0,"enemies":"Gremlin Nob","floor":7,"turns":1},{"damage":3,"enemies":"2 Louse","floor":10,"turns":3},{"damage":12,"enemies":"3 Sentries","floor":11,"turns":4}],"seed_played":"5467111186490607093","potions_obtained":[{"floor":1,"key":"Dexterity Potion"},{"floor":7,"key":"Dexterity Potion"},{"floor":10,"key":"Swift Potion"}],"is_trial":false,"path_per_floor":["M","?","?","$","M","R","E","?","T","M","E"],"character_chosen":"HERMIT","items_purchased":["hermit:TakeAim"],"campfire_rested":0,"item_purchase_floors":[4],"current_hp_per_floor":[75,75,75,75,75,75,75,64,64,61,49,49],"gold":188,"neow_bonus":"THREE_ENEMY_KILL","is_daily":false,"chose_seed":false,"campfire_upgraded":1,"win_rate":0.0,"timestamp":1609801996,"path_taken":["M","?","?","$","M","R","E","?","T","?","E"],"items_purchased_type":["Card"],"build_version":"2020-12-22","purchased_purges":0,"victory":false,"max_hp_per_floor":[75,75,75,75,75,75,75,75,75,75,75,75],"card_choices":[{"not_picked":["hermit:Roulette","hermit:Ricochet","hermit:Desperado"],"picked":"SKIP","floor":1},{"not_picked":["hermit:ItchyTrigger","hermit:Deadeye","hermit:Combo"],"picked":"SKIP","floor":5},{"not_picked":["hermit:HighCaliber","hermit:HoleUp","hermit:Scavenge"],"picked":"SKIP","floor":7},{"not_picked":["hermit:Cheat","hermit:Showdown"],"picked":"hermit:Shortfuse","floor":10}],"player_experience":141881,"relics_obtained":[{"floor":7,"key":"Matryoshka"},{"floor":9,"key":"Anchor"}],"event_choices":[{"damage_healed":0,"gold_gain":0,"player_choice":"Take Wound","damage_taken":0,"relics_obtained":["Golden Idol"],"max_hp_gain":0,"max_hp_loss":0,"event_name":"Golden Idol","floor":2,"gold_loss":0,"cards_obtained":["Injury"]},{"damage_healed":0,"gold_gain":0,"player_choice":"Box","damage_taken":0,"relics_obtained":["Mummified Hand"],"max_hp_gain":0,"max_hp_loss":0,"event_name":"Big Fish","floor":3,"gold_loss":0,"cards_obtained":["Regret"]},{"damage_healed":0,"gold_gain":75,"player_choice":"Gather Gold","damage_taken":11,"max_hp_gain":0,"max_hp_loss":0,"event_name":"World of Goop","floor":8,"gold_loss":0}],"is_beta":false,"boss_relics":[],"items_purged_floors":[],"is_endless":false,"potions_floor_spawned":[1,7,10],"killed_by":"3 Sentries","ascension_level":1}}