{"host":"sh8ot41fo7a0kahq","time":1609766642,"event":{"mods":["ATMod(°¢èªMod)","BaseMod","Better Third Choice","Colored Powertips","Displayed Cursed Tome","Minty Spire (QoL Compilation)","Quick Restart","Spicy Shops","StSLib","UnlockEverythingMod","¡¾ÒÅÎï¿¨ÅÆ¡¿REMEMod"],"gold_per_floor":[113,113,38,38,38,65,65,97,97,110,110,168,179,194,194,296,296,279,290,74,74,142,142,142],"floor_reached":23,"playtime":650,"items_purged":["Strike_B"],"score":337,"play_id":"4d66d45c-3708-455f-9b01-20418821a7a5","local_time":"20210104212402","is_ascension_mode":true,"campfire_choices":[{"data":"Coolheaded","floor":7.0,"key":"SMITH"},{"data":"AT_RightCognition","floor":15.0,"key":"SMITH"}],"circlet_count":0,"master_deck":["Strike_B","Strike_B","Defend_B","Defend_B","Defend_B","Defend_B","Zap","Dualcast","AT_RobotInSpace+1","REME_BodyOfCthun","Coolheaded+1","AT_ThreeBodyProblem","Glacier","Self Repair","Ball Lightning","AT_RightCognition+1","AT_WaterDrop","Turbo+1","Electrodynamics","Hyperbeam","AT_ThunderBolt","Recycle"],"relics":["FrozenCore","AT_ATBox","REME_ComplimentaryCards","NeowsBlessing","Vajra","Regal Pillow","REME_PuzzleBoxRelic","PreservedInsect","AT_MibuBalloonWealth"],"acts_visited":["Exordium","TheCity"],"potions_floor_usage":[22,23],"damage_taken":[{"damage":0.0,"enemies":"2 Louse","floor":1.0,"turns":2.0},{"damage":0.0,"enemies":"Gremlin Nob","floor":6.0,"turns":1.0},{"damage":0.0,"enemies":"3 Sentries","floor":8.0,"turns":2.0},{"damage":0.0,"enemies":"Jaw Worm","floor":10.0,"turns":3.0},{"damage":19.0,"enemies":"Gremlin Nob","floor":12.0,"turns":4.0},{"damage":1.0,"enemies":"Small Slimes","floor":13.0,"turns":3.0},{"damage":5.0,"enemies":"Red Slaver","floor":14.0,"turns":4.0},{"damage":5.0,"enemies":"The Guardian","floor":16.0,"turns":9.0},{"damage":21.0,"enemies":"2 Thieves","floor":18.0,"turns":5.0},{"damage":0.0,"enemies":"3 Byrds","floor":19.0,"turns":6.0},{"damage":53,"enemies":"Shelled Parasite and Fungi","floor":22,"turns":7},{"damage":26,"enemies":"Gremlin Leader","floor":23,"turns":3}],"seed_played":"2946338726646785525","potions_obtained":[{"floor":1.0,"key":"REME_GoldPotion"},{"floor":10.0,"key":"PowerPotion"},{"floor":12.0,"key":"GamblersBrew"},{"floor":14.0,"key":"FocusPotion"}],"is_trial":false,"path_per_floor":["M","?","$","?","?","E","R","E","T","M","$","E","M","M","R","B",null,"M","M","$","?","M","E"],"character_chosen":"DEFECT","items_purchased":["Electrodynamics","AT_MibuBalloonWealth"],"campfire_rested":0,"item_purchase_floors":[20,20],"current_hp_per_floor":[68,68,68,59,59,59,59,59,59,59,59,40,39,41,41,43,67,53,60,60,60,14,0,0],"gold":142,"neow_bonus":"THREE_ENEMY_KILL","is_daily":false,"chose_seed":false,"campfire_upgraded":2,"win_rate":0.0,"timestamp":1609766642,"path_taken":["M","?","$","?","?","E","R","E","T","?","$","E","M","M","R","BOSS","M","M","$","?","M","E"],"items_purchased_type":["Card","Relic"],"build_version":"2020-12-22","purchased_purges":1,"victory":false,"max_hp_per_floor":[75,75,75,75,75,75,75,75,75,75,75,75,75,75,75,75,75,75,75,75,75,75,75,75],"card_choices":[{"not_picked":["Go for the Eyes","Turbo"],"picked":"Coolheaded","floor":1.0},{"not_picked":["Blizzard","Barrage","Beam Cell"],"picked":"SKIP","floor":6.0},{"not_picked":["Lockon","Redo"],"picked":"AT_ThreeBodyProblem","floor":8.0},{"not_picked":["Streamline","Gash"],"picked":"Glacier","floor":10.0},{"not_picked":["Gash","Compile Driver"],"picked":"Self Repair","floor":12.0},{"not_picked":["Turbo","AT_DarkMatter"],"picked":"Ball Lightning","floor":13.0},{"not_picked":["Steam Power","White Noise"],"picked":"AT_RightCognition","floor":14.0},{"not_picked":["Machine Learning","Biased Cognition"],"picked":"AT_WaterDrop","floor":16.0},{"not_picked":["Streamline","Redo","Conserve Battery"],"picked":"SKIP","floor":18.0},{"not_picked":["Conserve Battery","Consume"],"picked":"Turbo+1","floor":19.0},{"not_picked":["Steam","Machine Learning"],"picked":"Recycle","floor":22}],"player_experience":317860,"relics_obtained":[{"floor":6.0,"key":"Regal Pillow"},{"floor":8.0,"key":"REME_PuzzleBoxRelic"},{"floor":12.0,"key":"PreservedInsect"}],"event_choices":[{"damage_healed":0.0,"max_hp_gain":0.0,"max_hp_loss":0.0,"gold_gain":0.0,"event_name":"Living Wall","player_choice":"Grow","floor":2.0,"gold_loss":0.0,"damage_taken":0.0,"cards_upgraded":["AT_RobotInSpace"]},{"damage_healed":0.0,"max_hp_gain":0.0,"max_hp_loss":0.0,"gold_gain":1.0,"event_name":"betterThird:BetterScrap","player_choice":"Relic Card ","floor":4.0,"gold_loss":0.0,"damage_taken":9.0,"cards_obtained":["ForeignInfluence","MasterReality"]},{"damage_healed":59.0,"max_hp_gain":0.0,"max_hp_loss":75.0,"gold_gain":0.0,"event_name":"betterThird:BetterShining","player_choice":"Leave","floor":5.0,"gold_loss":0.0,"damage_taken":0.0},{"damage_healed":0,"gold_gain":0,"cards_transformed":["ForeignInfluence","Strike_B"],"player_choice":"Became Test Subject","damage_taken":0,"max_hp_gain":0,"max_hp_loss":0,"event_name":"Drug Dealer","floor":21,"gold_loss":0,"cards_obtained":["Hyperbeam","AT_ThunderBolt"]}],"is_beta":false,"boss_relics":[{"not_picked":["REME_ChargedStone","Pandora\u0027s Box"],"picked":"FrozenCore"}],"items_purged_floors":[3],"is_endless":false,"potions_floor_spawned":[1,10,12,14,18,19],"killed_by":"Gremlin Leader","ascension_level":6}}