{"host":"5fasz840ryq7obdf","time":1609720743,"event":{"mods":["2.2 Compatiblity","AchievementEnabler","BaseMod","Bestiary","Better Altar","Better Skull","Better Third Choice","BetterRewards","Block Reminder","Colored Powertips","Curses Come First","Downfall","Minty Spire (QoL Compilation)","Quick Restart","Relic Sorter","Relic Stats","Shop Mod","Spicy Shops","StSLib","SuperFastMode","ojb\u0027s Better Paths Mod","ojb\u0027s Info Mod"],"gold_per_floor":[99,119,119,29,42,76,76,86,35,35,96,122,122,139,158,262,262,112,132,150,111,126,152,152,163,176,107,107,120,45,70,80,178,178,178,197,214,224,148,161,185,185,7,26,37,37,47,47,64,64,64,64,64,64],"floor_reached":52,"playtime":6539,"items_purged":["champ:Defend","champ:Strike","champ:Strike","champ:Defend"],"score":844,"play_id":"7c9f153b-cc1c-4f8f-a868-fe4edc9a5d8a","local_time":"20210104003903","is_ascension_mode":true,"campfire_choices":[{"data":"champ:Taunt","floor":1.0,"key":"SMITH"},{"data":"champ:DancingMaster","floor":18.0,"key":"SMITH"},{"floor":28.0,"key":"RECALL"},{"data":"champ:EndlessRage","floor":30.0,"key":"SMITH"},{"data":"champ:MurderStrike","floor":35.0,"key":"SMITH"},{"data":"Apotheosis","floor":46,"key":"SMITH"}],"circlet_count":0,"master_deck":["champ:Defend","champ:Defend","champ:Execute","champ:Taunt+1","champ:Aggression","champ:TornadoPunch","champ:DeathBlow","champ:RecklessLeap","champ:FocusedBerserking","champ:ShieldThrow","champ:Control","champ:EndlessRage+1","champ:GladiatorsShout","champ:Backstep+1","champ:FocusedGladiator","champ:BerserkersShout","champ:DancingMaster+1","champ:DefensiveShout","champ:AdrenalArmor+1","champ:FanOfKnives+1","champ:FlashCut","champ:Riposte","champ:Devastate","champ:Haymaker","champ:GladiatorStyle+1","champ:StanceDance","champ:GutPunch","champ:Backstep","champ:GutPunch","champ:ArenaPreparation","champ:MurderStrike+1","champ:Circumvent+1","champ:Balance","champ:Circumvent","champ:EnGarde","champ:ViciousMockery+1","champ:IgnorePain","Apotheosis+1","champ:HeartStrike","champ:ShieldWall","champ:Haymaker","champ:IronFortress+1","champ:StanceDance+1","champ:SwordThrow","champ:EndlessRage","champ:StanceDance","champ:BringItOn+1","expansioncontent:LastStand","expansioncontent:Collect","expansioncontent:DefensiveStance","champ:StanceDance+1","champ:FightOn"],"relics":["champ:ChampionCrown","champ:LiftRelic","FossilizedHelix","Nunchaku","Meat on the Bone","Pantograph","Black Star","downfall:HeartBlessingGreen","downfall:HeartBlessingBlue","Omamori","Prayer Wheel","Smiling Mask","downfall:HeartBlessingRed","Vajra","Juzu Bracelet","Runic Pyramid","Oddly Smooth Stone","Lantern","Gambling Chip"],"acts_visited":["Exordium","TheCity","TheBeyond","TheEnding"],"potions_floor_usage":[50,50],"damage_taken":[{"damage":20.0,"enemies":"Small Slimes","floor":2.0,"turns":4.0},{"damage":17.0,"enemies":"downfall:FleeingMerchant","floor":4.0,"turns":4.0},{"damage":16.0,"enemies":"Cultist","floor":5.0,"turns":2.0},{"damage":38.0,"enemies":"3 Sentries","floor":6.0,"turns":6.0},{"damage":5.0,"enemies":"2 Louse","floor":8.0,"turns":2.0},{"damage":30.0,"enemies":"downfall:FleeingMerchant","floor":9.0,"turns":4.0},{"damage":39.0,"enemies":"Lagavulin Event","floor":11.0,"turns":4.0},{"damage":23.0,"enemies":"Gremlin Nob","floor":12.0,"turns":4.0},{"damage":15.0,"enemies":"2 Fungi Beasts","floor":14.0,"turns":2.0},{"damage":5.0,"enemies":"Exordium Thugs","floor":15.0,"turns":3.0},{"damage":75.0,"enemies":"downfall:Watcher","floor":16.0,"turns":8.0},{"damage":92.0,"enemies":"3 Byrds","floor":19.0,"turns":6.0},{"damage":22.0,"enemies":"Chosen and Byrds","floor":20.0,"turns":4.0},{"damage":6.0,"enemies":"downfall:FleeingMerchant","floor":21.0,"turns":4.0},{"damage":19.0,"enemies":"3 Cultists","floor":22.0,"turns":4.0},{"damage":37.0,"enemies":"Book of Stabbing","floor":23.0,"turns":6.0},{"damage":46.0,"enemies":"Sentry and Sphere","floor":25.0,"turns":5.0},{"damage":22.0,"enemies":"Centurion and Healer","floor":26.0,"turns":8.0},{"damage":23.0,"enemies":"downfall:FleeingMerchant","floor":27.0,"turns":4.0},{"damage":34.0,"enemies":"Shelled Parasite and Fungi","floor":29.0,"turns":6.0},{"damage":45.0,"enemies":"Slavers","floor":31.0,"turns":5.0},{"damage":25.0,"enemies":"Snake Plant","floor":32.0,"turns":3.0},{"damage":62.0,"enemies":"downfall:Defect","floor":33.0,"turns":8.0},{"damage":27.0,"enemies":"Orb Walker","floor":36.0,"turns":4.0},{"damage":8.0,"enemies":"3 Darklings","floor":37.0,"turns":5.0},{"damage":43.0,"enemies":"Maw","floor":38.0,"turns":7.0},{"damage":27,"enemies":"downfall:FleeingMerchant","floor":39,"turns":4},{"damage":60,"enemies":"Transient","floor":40,"turns":5},{"damage":39,"enemies":"Writhing Mass","floor":44,"turns":6},{"damage":23,"enemies":"3 Darklings","floor":45,"turns":4},{"damage":37,"enemies":"Maw","floor":47,"turns":8},{"damage":46,"enemies":"Spire Growth","floor":49,"turns":7},{"damage":106,"enemies":"downfall:Silent","floor":50,"turns":9},{"damage":126,"enemies":"downfall:CharBossMerchant","floor":52,"turns":8}],"seed_played":"5657963783474998578","potions_obtained":[{"floor":8.0,"key":"Guardian:BlockOnCardUsePotion"},{"floor":11.0,"key":"BlessingOfTheForge"},{"floor":12.0,"key":"ColorlessPotion"},{"floor":14.0,"key":"Swift Potion"},{"floor":15.0,"key":"ColorlessPotion"},{"floor":16.0,"key":"Fire Potion"},{"floor":22.0,"key":"PowerPotion"},{"floor":23.0,"key":"Guardian:BlockOnCardUsePotion"},{"floor":31.0,"key":"EntropicBrew"},{"floor":33.0,"key":"champ:OpenerPotion"},{"floor":37.0,"key":"Strength Potion"}],"is_trial":false,"path_per_floor":["R","M","?","$","M","E","T","M","$","?","?","E","?","M","M","B",null,"R","M","M","$","M","E","T","M","M","$","R","M","R","E","M","B",null,"R","M","M","M","$","M","T","?","$","M","M","R","M","?","M","B",null,"E"],"character_chosen":"THE_CHAMP","items_purchased":["champ:EndlessRage","champ:FlashCut","champ:StanceDance","Oddly Smooth Stone","Apotheosis","champ:ShieldWall","champ:Haymaker"],"campfire_rested":0,"item_purchase_floors":[9,21,27,39,39,43,43],"current_hp_per_floor":[63,53,53,53,52,29,29,34,44,26,24,28,28,43,60,56,95,105,79,81,86,79,63,63,55,53,55,55,40,40,36,38,53,105,105,93,90,81,66,58,58,58,58,48,60,60,60,50,57,46,105,0,0,0],"gold":64,"neow_bonus":"TRANSFORM_TWO_CARDS","is_daily":false,"chose_seed":false,"campfire_upgraded":5,"win_rate":0.0,"timestamp":1609720743,"path_taken":["R","M","?","$","M","E","T","M","$","?","?","E","?","?","M","BOSS","R","M","M","$","?","E","T","M","M","$","R","M","R","E","M","BOSS","R","M","M","M","$","M","T","?","$","M","M","R","M","?","M","BOSS","E"],"items_purchased_type":["Card","Card","Card","Relic","Card","Card","Card"],"build_version":"2020-12-22","purchased_purges":4,"victory":false,"max_hp_per_floor":[90,90,90,90,90,90,90,90,95,95,95,95,95,95,95,95,95,105,105,105,105,105,105,105,105,105,105,105,105,105,105,105,105,105,105,105,105,105,105,105,105,105,105,105,105,105,105,105,105,105,105,105,105,105],"relic_stats":{"Nunchaku":[19],"counters":[34,173],"Pantograph":75,"Gambling Chip":[14],"Prayer Wheel":12,"Black Star":2,"Juzu Bracelet":0,"Smiling Mask":225,"obtain_stats":[{"Lantern":41,"downfall:HeartBlessingRed":30,"Vajra":31,"Oddly Smooth Stone":39,"champ:ChampionCrown":0,"downfall:HeartBlessingGreen":18,"Omamori":23,"Juzu Bracelet":31,"Smiling Mask":24,"Nunchaku":10,"downfall:HeartBlessingBlue":18,"champ:LiftRelic":3,"Pantograph":12,"Gambling Chip":42,"Prayer Wheel":23,"Black Star":17,"FossilizedHelix":6,"Meat on the Bone":11,"Runic Pyramid":34},{"Lantern":28,"downfall:HeartBlessingRed":20,"Vajra":21,"Oddly Smooth Stone":27,"champ:ChampionCrown":0,"downfall:HeartBlessingGreen":11,"Omamori":16,"Juzu Bracelet":21,"Smiling Mask":16,"Nunchaku":6,"downfall:HeartBlessingBlue":11,"champ:LiftRelic":1,"Pantograph":8,"Gambling Chip":28,"Prayer Wheel":16,"Black Star":11,"FossilizedHelix":4,"Meat on the Bone":6,"Runic Pyramid":23},{"Lantern":131,"downfall:HeartBlessingRed":90,"Vajra":95,"Oddly Smooth Stone":126,"champ:ChampionCrown":0,"downfall:HeartBlessingGreen":43,"Omamori":67,"Juzu Bracelet":95,"Smiling Mask":67,"Nunchaku":22,"downfall:HeartBlessingBlue":43,"champ:LiftRelic":4,"Pantograph":30,"Gambling Chip":131,"Prayer Wheel":67,"Black Star":43,"FossilizedHelix":16,"Meat on the Bone":22,"Runic Pyramid":106}],"Meat on the Bone":240},"card_choices":[{"not_picked":["champ:CrookedStrike","champ:RisingSlash"],"picked":"champ:FightOn","floor":2.0},{"not_picked":["champ:BringItOn","champ:BerserkersShout"],"picked":"champ:DeathBlow","floor":4.0},{"not_picked":["champ:CrookedStrike","champ:Backstep"],"picked":"champ:RecklessLeap","floor":5.0},{"not_picked":["champ:DefensiveShout","champ:Balance"],"picked":"champ:FocusedBerserking","floor":6.0},{"not_picked":["champ:RecklessLeap","champ:CrookedStrike"],"picked":"champ:ShieldThrow","floor":8.0},{"not_picked":["champ:DefensiveShout","champ:TornadoPunch"],"picked":"champ:Control","floor":9.0},{"not_picked":["champ:BerserkersShout","champ:FlashCut"],"picked":"champ:GladiatorsShout","floor":11.0},{"not_picked":["champ:DeathBlow","champ:Shatter"],"picked":"champ:Backstep","floor":12.0},{"not_picked":["champ:GladiatorsShout","champ:FocusedBerserking"],"picked":"champ:FocusedGladiator","floor":14.0},{"not_picked":["champ:FalseCounter","champ:FocusedDefense"],"picked":"champ:BerserkersShout","floor":15.0},{"not_picked":["champ:LastStand","champ:ShieldThrow"],"picked":"champ:DancingMaster","floor":16.0},{"not_picked":["champ:FanOfKnives","champ:FocusedDefense+1"],"picked":"champ:DefensiveShout","floor":19.0},{"not_picked":["champ:FocusedDefense","champ:BerserkersShout+1"],"picked":"champ:AdrenalArmor+1","floor":20.0},{"not_picked":["champ:Circumvent+1","champ:RapidStrikes"],"picked":"champ:FanOfKnives+1","floor":21.0},{"not_picked":["champ:FanOfKnives","champ:PerfectedStrike+1"],"picked":"champ:Riposte","floor":22.0},{"not_picked":["champ:GladiatorsShout","champ:TornadoPunch"],"picked":"champ:Devastate","floor":23.0},{"not_picked":["champ:RapidStrikes","champ:FanOfKnives"],"picked":"champ:Haymaker","floor":25.0},{"not_picked":["champ:AdrenalArmor","champ:FanOfKnives+1","champ:TornadoPunch"],"picked":"SKIP","floor":25.0},{"not_picked":["champ:PerfectedStrike","champ:Haymaker+1"],"picked":"champ:GladiatorStyle+1","floor":26.0},{"not_picked":["champ:Duel","champ:AdrenalArmor","champ:GladiatorsShout"],"picked":"SKIP","floor":26.0},{"not_picked":["champ:Control","champ:FocusedGladiator","champ:BerserkersShout"],"picked":"SKIP","floor":27.0},{"not_picked":["champ:TornadoPunch","champ:Haymaker+1"],"picked":"champ:GutPunch","floor":29.0},{"not_picked":["champ:EnragedBash","champ:FanOfKnives"],"picked":"champ:Backstep","floor":29.0},{"not_picked":["champ:CrookedStrike","champ:RisingSlash"],"picked":"champ:GutPunch","floor":31.0},{"not_picked":["champ:FanOfKnives+1","champ:FlashCut+1"],"picked":"champ:ArenaPreparation","floor":32.0},{"not_picked":["champ:PerfectedStrike","champ:PreciseThrust","champ:DeathBlow"],"picked":"SKIP","floor":32.0},{"not_picked":["champ:CheapShot","champ:SwordThrow"],"picked":"champ:MurderStrike","floor":33.0},{"not_picked":["champ:FanOfKnives","champ:FocusedBerserking"],"picked":"champ:Circumvent+1","floor":36.0},{"not_picked":["champ:Duel","champ:Control+1"],"picked":"champ:Balance","floor":36.0},{"not_picked":["champ:FanOfKnives+1","champ:AdrenalArmor+1"],"picked":"champ:Circumvent","floor":37.0},{"not_picked":["champ:FocusedGladiator","champ:GutPunch"],"picked":"champ:EnGarde","floor":37.0},{"not_picked":["champ:Encircle+1","champ:BladeFlurry"],"picked":"champ:ViciousMockery+1","floor":38.0},{"not_picked":["champ:EnragedBash","champ:FocusedGladiator+1"],"picked":"champ:IgnorePain","floor":38.0},{"not_picked":["champ:CrookedStrike","champ:DeathBlow+1","champ:FanOfKnives"],"picked":"SKIP","floor":39},{"not_picked":["champ:Backstep+1","champ:CrookedStrike"],"picked":"champ:HeartStrike","floor":40},{"not_picked":["champ:BladeFlurry","champ:GladiatorsShout","champ:Haymaker"],"picked":"SKIP","floor":40},{"not_picked":["champ:TornadoPunch+1","champ:FlashCut"],"picked":"champ:IronFortress+1","floor":44},{"not_picked":["champ:Shatter","champ:PerfectedStrike"],"picked":"champ:StanceDance+1","floor":44},{"not_picked":["champ:Circumvent","champ:BladeFlurry+1"],"picked":"champ:SwordThrow","floor":45},{"not_picked":["champ:Backstep+1","champ:PreciseThrust+1"],"picked":"champ:EndlessRage","floor":45},{"not_picked":["champ:AdrenalArmor","champ:Haymaker"],"picked":"champ:StanceDance","floor":47},{"not_picked":["champ:EnGarde","champ:IronFortress"],"picked":"champ:BringItOn+1","floor":47},{"not_picked":["expansioncontent:PolyBeam","expansioncontent:Torchfire"],"picked":"expansioncontent:LastStand","floor":48},{"not_picked":["expansioncontent:PrepareCrush","expansioncontent:SuperHexaguard"],"picked":"expansioncontent:Collect","floor":48},{"not_picked":["expansioncontent:ManipulateTime","expansioncontent:Collect"],"picked":"expansioncontent:DefensiveStance","floor":48},{"not_picked":["champ:FocusedGladiator+1","champ:Control+1"],"picked":"champ:StanceDance+1","floor":49},{"not_picked":["champ:BerserkersShout+1","champ:PreciseThrust+1"],"picked":"champ:FightOn","floor":49}],"player_experience":1459660,"relics_obtained":[{"floor":6.0,"key":"FossilizedHelix"},{"floor":12.0,"key":"Pantograph"},{"floor":23.0,"key":"Omamori"},{"floor":23.0,"key":"Prayer Wheel"},{"floor":24.0,"key":"Smiling Mask"},{"floor":31.0,"key":"Vajra"},{"floor":31.0,"key":"Juzu Bracelet"},{"floor":41,"key":"Lantern"},{"floor":42,"key":"Gambling Chip"}],"event_choices":[{"damage_healed":0.0,"max_hp_gain":0.0,"max_hp_loss":0.0,"gold_gain":0.0,"event_name":"betterThird:BetterScrap","player_choice":"Relic ","floor":10.0,"gold_loss":0.0,"damage_taken":18.0,"cards_obtained":["Doppelganger"]},{"damage_healed":0.0,"max_hp_gain":0.0,"max_hp_loss":0.0,"gold_gain":0.0,"event_name":"Accursed Blacksmith","player_choice":"Forge","floor":13.0,"gold_loss":0.0,"damage_taken":0.0,"cards_upgraded":["champ:Backstep"]}],"is_beta":false,"boss_relics":[{"not_picked":["SacredBark","Snecko Eye"],"picked":"Black Star"},{"not_picked":["Runic Dome","Tiny House"],"picked":"Runic Pyramid"}],"items_purged_floors":[4,39,39,43],"is_endless":false,"potions_floor_spawned":[8,11,12,14,15,16,22,23,26,29,31,33,37,38,40,49],"killed_by":"downfall:CharBossMerchant","ascension_level":1}}