{"host":"w9yruvs4bqht6bhw","time":1609731594,"event":{"mods":["BaseMod","Colored Powertips","Minty Spire (QoL Compilation)"],"gold_per_floor":[115,131,4,23,23,52,52,86,140,200,214,247,47,62,62,157,157,174,174,189,189,18,18,18,28,28,60,60,76,89,0,0,0,0],"floor_reached":33,"playtime":994,"items_purged":["Strike_R","Strike_R","Strike_R"],"score":424,"play_id":"a92f2a0f-b608-4838-bc54-be37d41afef3","local_time":"20210103223954","is_ascension_mode":true,"campfire_choices":[{"data":"Dramatic Entrance","floor":7,"key":"SMITH"},{"data":"Bash","floor":15,"key":"SMITH"},{"data":"Double Tap","floor":23,"key":"SMITH"},{"data":"Seeing Red","floor":28,"key":"SMITH"},{"floor":32,"key":"REST"}],"circlet_count":0,"master_deck":["Strike_R","Strike_R","Defend_R","Defend_R","Defend_R","Defend_R","Bash+1","Dramatic Entrance+1","Clash","Clash","Shrug It Off","Clash","Double Tap+1","Intimidate+1","Spot Weakness","Clash","Seeing Red+1"],"relics":["Burning Blood","Darkstone Periapt","Ancient Tea Set","MealTicket","Kunai","Nunchaku","SlaversCollar","Incense Burner","Orichalcum","Sundial","Oddly Smooth Stone"],"acts_visited":["Exordium","TheCity"],"potions_floor_usage":[6,10,12,16,16,25,27,30,30],"damage_taken":[{"damage":11,"enemies":"Cultist","floor":1,"turns":4},{"damage":2,"enemies":"Jaw Worm","floor":2,"turns":2},{"damage":2,"enemies":"2 Louse","floor":4,"turns":2},{"damage":10,"enemies":"3 Sentries","floor":6,"turns":3},{"damage":8,"enemies":"Gremlin Nob","floor":8,"turns":3},{"damage":13,"enemies":"Gremlin Nob","floor":10,"turns":3},{"damage":0,"enemies":"2 Fungi Beasts","floor":11,"turns":1},{"damage":7,"enemies":"Lagavulin","floor":12,"turns":5},{"damage":6,"enemies":"Red Slaver","floor":14,"turns":2},{"damage":33,"enemies":"The Guardian","floor":16,"turns":6},{"damage":10,"enemies":"Shell Parasite","floor":18,"turns":4},{"damage":25,"enemies":"Spheric Guardian","floor":20,"turns":4},{"damage":7,"enemies":"Chosen and Byrds","floor":25,"turns":4},{"damage":18,"enemies":"Book of Stabbing","floor":27,"turns":5},{"damage":29,"enemies":"Snake Plant","floor":29,"turns":3},{"damage":27,"enemies":"Snecko","floor":30,"turns":6},{"damage":48,"enemies":"Collector","floor":33,"turns":10}],"seed_played":"463125168456868142","potions_obtained":[{"floor":2,"key":"ColorlessPotion"},{"floor":6,"key":"GamblersBrew"},{"floor":10,"key":"GamblersBrew"},{"floor":16,"key":"Explosive Potion"},{"floor":27,"key":"Energy Potion"},{"floor":29,"key":"DistilledChaos"}],"is_trial":false,"path_per_floor":["M","M","$","M","?","E","R","E","T","?","M","E","$","M","R","B",null,"M","?","M","?","$","R","?","M","T","E","R","M","M","?","R","B"],"character_chosen":"IRONCLAD","items_purchased":["SteroidPotion","Strength Potion","AttackPotion","Clash"],"campfire_rested":1,"item_purchase_floors":[3,13,13,22],"current_hp_per_floor":[67,71,71,75,80,76,76,74,74,67,73,72,85,85,85,58,78,74,74,55,55,70,70,70,69,69,57,57,34,13,13,38,0,0],"gold":0,"neow_bonus":"RANDOM_COLORLESS","is_daily":false,"chose_seed":false,"campfire_upgraded":4,"win_rate":0.0,"timestamp":1609731594,"path_taken":["M","M","$","?","?","E","R","E","T","?","M","E","$","M","R","BOSS","M","?","?","?","$","R","?","M","T","E","R","M","M","?","R","BOSS"],"items_purchased_type":["Potion","Potion","Potion","Card"],"build_version":"2020-12-22","purchased_purges":3,"victory":false,"max_hp_per_floor":[80,80,80,80,85,85,85,85,85,85,85,85,85,85,85,85,85,85,85,85,85,85,85,85,85,85,85,85,85,85,85,85,85,85],"card_choices":[{"not_picked":["Madness","Blind"],"picked":"Dramatic Entrance","floor":0},{"not_picked":["Cleave","Havoc"],"picked":"Clash","floor":1},{"not_picked":["Dark Embrace","Perfected Strike"],"picked":"Clash","floor":2},{"not_picked":["Blood for Blood","Carnage","Burning Pact"],"picked":"SKIP","floor":4},{"not_picked":["Metallicize","Warcry","Disarm"],"picked":"SKIP","floor":6},{"not_picked":["Entrench","Combust","Body Slam"],"picked":"SKIP","floor":8},{"not_picked":["Sentinel","Anger"],"picked":"Shrug It Off","floor":10},{"not_picked":["Immolate","Pommel Strike","Ghostly Armor"],"picked":"SKIP","floor":11},{"not_picked":["Intimidate","Demon Form"],"picked":"Clash","floor":12},{"not_picked":["Carnage","Pummel","Sword Boomerang"],"picked":"SKIP","floor":14},{"not_picked":["Fiend Fire","Offering"],"picked":"Double Tap","floor":16},{"not_picked":["Shrug It Off","Havoc"],"picked":"Intimidate+1","floor":18},{"not_picked":["Body Slam","Pommel Strike+1","Rupture+1"],"picked":"SKIP","floor":20},{"not_picked":["Armaments","Flex","Headbutt+1"],"picked":"SKIP","floor":25},{"not_picked":["Limit Break","Armaments"],"picked":"Seeing Red","floor":27},{"not_picked":["Carnage","Cleave","Whirlwind"],"picked":"SKIP","floor":29},{"not_picked":["Armaments","Dual Wield+1","Intimidate+1"],"picked":"SKIP","floor":30}],"player_experience":319886,"relics_obtained":[{"floor":6,"key":"Darkstone Periapt"},{"floor":8,"key":"Ancient Tea Set"},{"floor":9,"key":"MealTicket"},{"floor":10,"key":"Kunai"},{"floor":12,"key":"Nunchaku"},{"floor":19,"key":"Incense Burner"},{"floor":26,"key":"Sundial"},{"floor":27,"key":"Oddly Smooth Stone"}],"event_choices":[{"damage_healed":0,"gold_gain":0,"player_choice":"Donut","damage_taken":0,"max_hp_gain":5,"max_hp_loss":0,"event_name":"Big Fish","floor":5,"gold_loss":0},{"damage_healed":0,"gold_gain":0,"player_choice":"Searched \u00271\u0027 times","damage_taken":0,"max_hp_gain":0,"max_hp_loss":0,"event_name":"Dead Adventurer","floor":10,"gold_loss":0},{"damage_healed":0,"gold_gain":0,"player_choice":"Relic","damage_taken":0,"max_hp_gain":0,"max_hp_loss":0,"event_name":"Wheel of Change","floor":19,"gold_loss":0},{"damage_healed":0,"gold_gain":0,"player_choice":"Read","damage_taken":0,"max_hp_gain":0,"max_hp_loss":0,"event_name":"The Library","floor":21,"gold_loss":0,"cards_obtained":["Spot Weakness"]},{"damage_healed":0,"gold_gain":0,"player_choice":"Opened","damage_taken":0,"relics_obtained":["Orichalcum"],"max_hp_gain":0,"max_hp_loss":0,"event_name":"The Mausoleum","floor":24,"gold_loss":0},{"damage_healed":0,"gold_gain":0,"player_choice":"Paid Fearfully","damage_taken":0,"max_hp_gain":0,"max_hp_loss":0,"event_name":"Masked Bandits","floor":31,"gold_loss":89}],"is_beta":false,"boss_relics":[{"not_picked":["Mark of Pain","Velvet Choker"],"picked":"SlaversCollar"}],"items_purged_floors":[3,13,22],"is_endless":false,"potions_floor_spawned":[2,6,10,16,27,29],"killed_by":"Collector","ascension_level":8}}