{"host":"qgrlfjrqk9z96gfi","time":1609720899,"event":{"mods":["BaseMod","Block Reminder","Colored Map","DeckTracker","Minty Spire (QoL Compilation)"],"gold_per_floor":[109,109,124,199,68,97,97,114,138,138,138,138],"floor_reached":11,"playtime":260,"items_purged":["Strike_G"],"score":142,"play_id":"85e8a758-34ea-47b3-9350-1b21da7d06f4","local_time":"20210103144139","is_ascension_mode":true,"campfire_choices":[{"floor":7,"key":"REST"},{"data":"Dagger Spray","floor":10,"key":"SMITH"}],"circlet_count":0,"master_deck":["AscendersBane","Strike_G","Strike_G","Strike_G","Strike_G","Defend_G","Defend_G","Defend_G","Defend_G","Defend_G","Survivor","Neutralize","Violence","Poisoned Stab","Wraith Form v2","Dagger Spray+1","Endless Agony"],"relics":["Ring of the Snake","Anchor","Potion Belt"],"acts_visited":["Exordium"],"potions_floor_usage":[6,6],"damage_taken":[{"damage":7,"enemies":"2 Louse","floor":1,"turns":5},{"damage":0,"enemies":"Jaw Worm","floor":3,"turns":4},{"damage":31,"enemies":"Gremlin Nob","floor":6,"turns":4},{"damage":1,"enemies":"Small Slimes","floor":8,"turns":3},{"damage":41,"enemies":"Lagavulin","floor":11,"turns":8}],"seed_played":"7758774753545558606","potions_obtained":[{"floor":1,"key":"ColorlessPotion"},{"floor":3,"key":"FearPotion"}],"is_trial":false,"path_per_floor":["M","?","M","?","$","E","R","M","T","R","E"],"character_chosen":"THE_SILENT","items_purchased":["Dagger Spray"],"campfire_rested":1,"item_purchase_floors":[5],"current_hp_per_floor":[52,52,52,41,41,10,29,28,28,28,0,0],"gold":138,"neow_bonus":"RANDOM_COLORLESS_2","is_daily":false,"chose_seed":false,"campfire_upgraded":1,"win_rate":0.0,"timestamp":1609720899,"path_taken":["M","?","M","?","$","E","R","M","T","R","E"],"items_purchased_type":["Card"],"build_version":"2020-12-22","purchased_purges":1,"victory":false,"max_hp_per_floor":[66,66,66,66,66,66,66,66,66,66,66,66],"card_choices":[{"not_picked":["Transmutation","Secret Technique"],"picked":"Violence","floor":0},{"not_picked":["Skewer","Dagger Throw"],"picked":"Poisoned Stab","floor":1},{"not_picked":["Slice","Cloak And Dagger"],"picked":"Wraith Form v2","floor":3},{"not_picked":["Acrobatics","Escape Plan"],"picked":"Endless Agony","floor":6},{"not_picked":["Underhanded Strike","Dagger Spray","Flying Knee"],"picked":"SKIP","floor":8}],"player_experience":964291,"relics_obtained":[{"floor":6,"key":"Anchor"},{"floor":9,"key":"Potion Belt"}],"event_choices":[{"cards_removed":["Normality"],"damage_healed":0,"gold_gain":0,"player_choice":"Forget","damage_taken":0,"max_hp_gain":0,"max_hp_loss":0,"event_name":"Living Wall","floor":2,"gold_loss":0},{"damage_healed":0,"gold_gain":75,"player_choice":"Gather Gold","damage_taken":11,"max_hp_gain":0,"max_hp_loss":0,"event_name":"World of Goop","floor":4,"gold_loss":0}],"is_beta":false,"boss_relics":[],"items_purged_floors":[5],"is_endless":false,"potions_floor_spawned":[1,3],"killed_by":"Lagavulin","ascension_level":20}}