{"host":"p7j7o00jacnw7qzt","time":1609728905,"event":{"mods":["BaseMod","Colored Map","Colored Powertips","DeckTracker","Highlight Path","Minty Spire (QoL Compilation)","Relic Stats"],"gold_per_floor":[119,137,137,151,151,151,194,218,218,238,262,302,302,341,341,435,435,456,494,494,517,536,576,576,601,625,643,643,691,691,443,443,547,547,570,792,635,669,669,713,736,775,775,809,828,828,860,875,875,875,875,875,875,337,370,370],"floor_reached":57,"playtime":2899,"items_purged":["Blade Dance","Bullet Time+1","Endless Agony"],"score":3504,"play_id":"1bf33bfc-9e4a-402f-ab1d-cfc972f0a618","local_time":"20210103215505","is_ascension_mode":true,"campfire_choices":[{"data":"Bullet Time","floor":6.0,"key":"SMITH"},{"data":"Acrobatics","floor":13.0,"key":"SMITH"},{"data":"Eviscerate","floor":15.0,"key":"SMITH"},{"data":"Wraith Form v2","floor":24.0,"key":"SMITH"},{"data":"Acrobatics","floor":28.0,"key":"SMITH"},{"floor":30.0,"key":"RECALL"},{"data":"Neutralize","floor":32.0,"key":"SMITH"},{"data":"Survivor","floor":49.0,"key":"SMITH"},{"floor":53.0,"key":"REST"}],"circlet_count":0,"master_deck":["AscendersBane","Survivor+1","Neutralize+1","Eviscerate+1","Acrobatics+1","Acrobatics+1","Wraith Form v2+1","Noxious Fumes","Adrenaline+1","Wraith Form v2+1","Tactician+1","Venomology+1","Terror+1","Acrobatics+1"],"relics":["Pandora\u0027s Box","Golden Idol","Orichalcum","Anchor","Potion Belt","Toxic Egg 2","Lantern","HoveringKite","Red Mask","Regal Pillow","CeramicFish","Centennial Puzzle","SacredBark","Nunchaku","Shuriken","Blue Candle","Smiling Mask","Toy Ornithopter","Happy Flower","Chemical X","Strawberry"],"acts_visited":["Exordium","TheCity","TheBeyond","TheEnding"],"potions_floor_usage":[56,56,56],"damage_taken":[{"damage":0.0,"enemies":"Cultist","floor":1.0,"turns":2.0},{"damage":0.0,"enemies":"2 Louse","floor":2.0,"turns":2.0},{"damage":5.0,"enemies":"Small Slimes","floor":4.0,"turns":3.0},{"damage":1.0,"enemies":"Gremlin Nob","floor":7.0,"turns":3.0},{"damage":0.0,"enemies":"Blue Slaver","floor":8.0,"turns":3.0},{"damage":0.0,"enemies":"Exordium Wildlife","floor":10.0,"turns":3.0},{"damage":5.0,"enemies":"3 Sentries","floor":12.0,"turns":6.0},{"damage":0.0,"enemies":"Lagavulin","floor":14.0,"turns":3.0},{"damage":12.0,"enemies":"Slime Boss","floor":16.0,"turns":8.0},{"damage":0.0,"enemies":"Shell Parasite","floor":18.0,"turns":2.0},{"damage":0.0,"enemies":"Masked Bandits","floor":19.0,"turns":2.0},{"damage":0.0,"enemies":"3 Byrds","floor":21.0,"turns":2.0},{"damage":6.0,"enemies":"Centurion and Healer","floor":22.0,"turns":2.0},{"damage":1.0,"enemies":"Slavers","floor":23.0,"turns":4.0},{"damage":0.0,"enemies":"Snecko","floor":25.0,"turns":3.0},{"damage":0.0,"enemies":"Sentry and Sphere","floor":27.0,"turns":3.0},{"damage":0.0,"enemies":"Gremlin Leader","floor":29.0,"turns":3.0},{"damage":0.0,"enemies":"Automaton","floor":33.0,"turns":2.0},{"damage":0.0,"enemies":"3 Darklings","floor":35.0,"turns":2.0},{"damage":0.0,"enemies":"3 Shapes","floor":38.0,"turns":2.0},{"damage":0.0,"enemies":"Reptomancer","floor":40.0,"turns":2.0},{"damage":0.0,"enemies":"Spire Growth","floor":41.0,"turns":1.0},{"damage":0.0,"enemies":"Giant Head","floor":42.0,"turns":2.0},{"damage":0.0,"enemies":"Reptomancer","floor":44.0,"turns":2.0},{"damage":0.0,"enemies":"3 Darklings","floor":45.0,"turns":1.0},{"damage":2.0,"enemies":"Sphere and 2 Shapes","floor":47.0,"turns":2.0},{"damage":0.0,"enemies":"Maw","floor":48.0,"turns":1.0},{"damage":0.0,"enemies":"Donu and Deca","floor":50.0,"turns":1.0},{"damage":0.0,"enemies":"Time Eater","floor":51.0,"turns":5.0},{"damage":0,"enemies":"Shield and Spear","floor":55,"turns":1},{"damage":0,"enemies":"The Heart","floor":56,"turns":4}],"seed_played":"4283422370326568643","potions_obtained":[{"floor":2.0,"key":"Swift Potion"},{"floor":4.0,"key":"SpeedPotion"},{"floor":8.0,"key":"BlessingOfTheForge"},{"floor":16.0,"key":"Explosive Potion"},{"floor":22.0,"key":"LiquidMemories"},{"floor":25.0,"key":"EssenceOfSteel"},{"floor":27.0,"key":"ColorlessPotion"},{"floor":29.0,"key":"SneckoOil"},{"floor":44.0,"key":"Block Potion"}],"is_trial":false,"path_per_floor":["M","M","?","M","?","R","E","M","T","M","T","E","R","E","R","B",null,"M","?","?","M","M","E","R","M","T","M","R","E","R","$","R","B",null,"M","?","$","M","?","E","M","E","T","E","M","?","M","M","R","B","B",null,"R","$","E","B",null],"character_chosen":"THE_SILENT","items_purchased":["Centennial Puzzle","PowerPotion","Toy Ornithopter","Happy Flower","Chemical X"],"campfire_rested":1,"item_purchase_floors":[31,37,54,54,54],"current_hp_per_floor":[59,59,36,31,31,31,30,30,30,30,30,25,25,25,25,13,53,53,53,53,53,47,46,46,46,46,46,46,46,46,46,46,46,61,61,61,61,61,61,61,61,61,61,61,61,51,49,49,49,49,49,62,66,66,73,73],"gold":370,"neow_bonus":"BOSS_RELIC","is_daily":false,"chose_seed":false,"campfire_upgraded":7,"win_rate":0.0,"timestamp":1609728905,"path_taken":["M","?","?","M","?","R","E","M","T","M","?","E","R","E","R","BOSS","M","?","?","M","M","E","R","M","T","?","R","E","R","$","R","BOSS","M","?","$","M","?","E","M","E","T","E","M","?","M","?","R","BOSS","BOSS","R","$","E","BOSS"],"items_purchased_type":["Relic","Potion","Relic","Relic","Relic"],"build_version":"2020-12-22","purchased_purges":3,"victory":true,"max_hp_per_floor":[66,66,66,66,66,66,66,66,66,66,66,66,66,66,66,66,66,66,66,66,66,66,66,66,66,66,66,66,66,66,66,66,66,66,66,66,66,66,66,66,66,66,66,66,66,66,66,66,66,66,66,66,66,66,73,73],"relic_stats":{"Regal Pillow":0,"Happy Flower":[1],"counters":[31,82],"Golden Idol":234,"CeramicFish":36,"Blue Candle":[0],"HoveringKite":[42],"Orichalcum":[126],"Smiling Mask":75,"Centennial Puzzle":[3],"Nunchaku":[13],"Shuriken":[31],"Pandora\u0027s Box":["Eviscerate","Blade Dance","Acrobatics","Acrobatics","Bullet Time","Endless Agony","Doppelganger","Blade Dance","Wraith Form v2","Noxious Fumes"],"Chemical X":[1],"obtain_stats":[{"Potion Belt":11,"Lantern":14,"Regal Pillow":23,"Happy Flower":54,"Golden Idol":3,"CeramicFish":29,"SacredBark":34,"Blue Candle":43,"HoveringKite":17,"Orichalcum":7,"Smiling Mask":44,"Anchor":9,"Centennial Puzzle":31,"Nunchaku":40,"Shuriken":42,"Strawberry":55,"Pandora\u0027s Box":0,"Red Mask":19,"Chemical X":54,"Toxic Egg 2":12,"Toy Ornithopter":54,"Ring of the Snake":0},{"Potion Belt":6,"Lantern":8,"Regal Pillow":14,"Happy Flower":29,"Golden Idol":2,"CeramicFish":17,"SacredBark":18,"Blue Candle":23,"HoveringKite":9,"Orichalcum":4,"Smiling Mask":24,"Anchor":5,"Centennial Puzzle":17,"Nunchaku":21,"Shuriken":23,"Strawberry":30,"Pandora\u0027s Box":0,"Red Mask":11,"Chemical X":29,"Toxic Egg 2":7,"Toy Ornithopter":29,"Ring of the Snake":0},{"Potion Belt":16,"Lantern":25,"Regal Pillow":45,"Happy Flower":77,"Golden Idol":4,"CeramicFish":54,"SacredBark":56,"Blue Candle":65,"HoveringKite":33,"Orichalcum":10,"Smiling Mask":67,"Anchor":13,"Centennial Puzzle":54,"Nunchaku":62,"Shuriken":65,"Strawberry":78,"Pandora\u0027s Box":0,"Red Mask":37,"Chemical X":77,"Toxic Egg 2":22,"Toy Ornithopter":77,"Ring of the Snake":0}],"Toy Ornithopter":0},"card_choices":[{"not_picked":["Deflect","Underhanded Strike","Acrobatics"],"picked":"SKIP","floor":1.0},{"not_picked":["Masterful Stab","Flying Knee","Sucker Punch"],"picked":"SKIP","floor":2.0},{"not_picked":["Predator","Flechettes","Die Die Die"],"picked":"SKIP","floor":4.0},{"not_picked":["Doppelganger","Deflect","Slice"],"picked":"SKIP","floor":7.0},{"not_picked":["Blur","Sucker Punch","Dash"],"picked":"SKIP","floor":8.0},{"not_picked":["Dodge and Roll","Backstab","Catalyst"],"picked":"SKIP","floor":10.0},{"not_picked":["Quick Slash","Bouncing Flask+1","Prepared+1"],"picked":"SKIP","floor":12.0},{"not_picked":["Expertise+1","Prepared+1","Blur+1"],"picked":"SKIP","floor":14.0},{"not_picked":["Tools of the Trade","Die Die Die"],"picked":"Adrenaline+1","floor":16.0},{"not_picked":["Prepared+1","Accuracy","Backflip+1"],"picked":"SKIP","floor":18.0},{"not_picked":["Flying Knee+1","Underhanded Strike+1","Dagger Throw"],"picked":"SKIP","floor":21.0},{"not_picked":["Backflip+1","Leg Sweep+1","Catalyst+1"],"picked":"SKIP","floor":22.0},{"not_picked":["Backflip+1","Leg Sweep+1","Catalyst+1"],"picked":"SKIP","floor":22.0},{"not_picked":["Dagger Throw","Tools of the Trade"],"picked":"Wraith Form v2","floor":23.0},{"not_picked":["Leg Sweep+1","Poisoned Stab","Blade Dance+1"],"picked":"SKIP","floor":25.0},{"not_picked":["Backflip+1","Deflect+1","Dodge and Roll+1"],"picked":"SKIP","floor":27.0},{"not_picked":["Backflip+1","Deflect+1","Dodge and Roll+1"],"picked":"SKIP","floor":27.0},{"not_picked":["Backflip+1","Deflect+1","Dodge and Roll+1"],"picked":"SKIP","floor":27.0},{"not_picked":["Poisoned Stab","Dodge and Roll+1"],"picked":"Tactician+1","floor":29.0},{"not_picked":["Die Die Die","A Thousand Cuts"],"picked":"Venomology+1","floor":33.0},{"not_picked":["Calculated Gamble+1","Poisoned Stab","Dagger Spray+1"],"picked":"SKIP","floor":35.0},{"not_picked":["Infinite Blades","Crippling Poison+1"],"picked":"Terror+1","floor":38.0},{"not_picked":["Blade Dance+1","Backstab+1","Sucker Punch"],"picked":"SKIP","floor":40.0},{"not_picked":["Infinite Blades+1","Bane","Malaise+1"],"picked":"SKIP","floor":41.0},{"not_picked":["Infinite Blades+1","Bane","Malaise+1"],"picked":"SKIP","floor":41.0},{"not_picked":["Dagger Spray","Terror+1","Outmaneuver+1"],"picked":"SKIP","floor":42.0},{"not_picked":["PiercingWail+1","Dagger Spray","Underhanded Strike"],"picked":"SKIP","floor":44.0},{"not_picked":["Endless Agony","Reflex+1","Prepared+1"],"picked":"SKIP","floor":45.0},{"not_picked":["Acrobatics+1","Quick Slash","Dagger Spray"],"picked":"SKIP","floor":47.0},{"not_picked":["Quick Slash","Dagger Spray"],"picked":"Acrobatics+1","floor":47.0},{"not_picked":["Bouncing Flask+1","Calculated Gamble+1","Concentrate+1"],"picked":"SKIP","floor":48.0},{"not_picked":["PiercingWail+1","Bane","Flying Knee"],"picked":"SKIP","floor":55}],"player_experience":982224,"relics_obtained":[{"floor":7.0,"key":"Orichalcum"},{"floor":9.0,"key":"Anchor"},{"floor":11.0,"key":"Potion Belt"},{"floor":12.0,"key":"Toxic Egg 2"},{"floor":14.0,"key":"Lantern"},{"floor":19.0,"key":"Red Mask"},{"floor":23.0,"key":"Regal Pillow"},{"floor":29.0,"key":"CeramicFish"},{"floor":40.0,"key":"Nunchaku"},{"floor":42.0,"key":"Shuriken"},{"floor":43.0,"key":"Blue Candle"},{"floor":44.0,"key":"Smiling Mask"},{"floor":55,"key":"Strawberry"}],"event_choices":[{"damage_healed":0.0,"max_hp_gain":0.0,"max_hp_loss":0.0,"gold_gain":0.0,"event_name":"Golden Idol","player_choice":"Take Damage","floor":3.0,"gold_loss":0.0,"damage_taken":23.0,"relics_obtained":["Golden Idol"]},{"cards_removed":["Blade Dance"],"damage_healed":0.0,"max_hp_gain":0.0,"max_hp_loss":0.0,"gold_gain":0.0,"event_name":"Living Wall","player_choice":"Forget","floor":5.0,"gold_loss":0.0,"damage_taken":0.0},{"damage_healed":0.0,"max_hp_gain":0.0,"max_hp_loss":0.0,"gold_gain":0.0,"event_name":"Masked Bandits","player_choice":"Fought Bandits","floor":19.0,"gold_loss":0.0,"damage_taken":0.0},{"damage_healed":0.0,"max_hp_gain":0.0,"max_hp_loss":0.0,"gold_gain":0.0,"event_name":"Accursed Blacksmith","player_choice":"Forge","floor":20.0,"gold_loss":0.0,"damage_taken":0.0,"cards_upgraded":["Wraith Form v2"]},{"damage_healed":0.0,"max_hp_gain":0.0,"max_hp_loss":0.0,"gold_gain":222.0,"event_name":"Tomb of Lord Red Mask","player_choice":"Wore Mask","floor":36.0,"gold_loss":0.0,"damage_taken":0.0},{"cards_removed":["Doppelganger"],"damage_healed":0.0,"max_hp_gain":0.0,"max_hp_loss":0.0,"gold_gain":0.0,"event_name":"Falling","player_choice":"Removed Skill","floor":39.0,"gold_loss":0.0,"damage_taken":0.0},{"damage_healed":0.0,"max_hp_gain":0.0,"max_hp_loss":0.0,"gold_gain":0.0,"event_name":"SensoryStone","player_choice":"Memory 3","floor":46.0,"gold_loss":0.0,"damage_taken":10.0}],"is_beta":false,"boss_relics":[{"not_picked":["Busted Crown","Cursed Key"],"picked":"HoveringKite"},{"not_picked":["Astrolabe","Snecko Eye"],"picked":"SacredBark"}],"items_purged_floors":[31,37,54],"is_endless":false,"potions_floor_spawned":[2,4,8,10,16,22,25,27,29,40,44,48],"ascension_level":20}}