{"host":"0azimyi6n3ugndj4","time":1609794648,"event":{"mods":["2.2 Compatiblity","BaseMod","Bestiary","Conspire","Curses Come First","Defuse TimeMaze Blight","Hermit","Hubris","Hyrulean Relics","Infinite Spire","Jorbs\u0027s Wanderer Trilogy","Minty Spire (QoL Compilation)","Relic Stats","Replay The Spire","StSLib","SuperFastMode","The Cursed","The Hierophant","Uncapped","¡¼?Úª?ø«¡½REMEMod"],"gold_per_floor":[492,417,417,91,91,254,372,372,372],"floor_reached":8,"playtime":136,"items_purged":[],"score":208,"play_id":"dec479e3-2a17-4dad-abe8-9465011fb83f","local_time":"20210105061048","daily_mods":["SealedDeck","Hoarder","Insanity","Chimera","Specialized","Vintage","ControlledChaos","Allstar","Diverse","Colorless Cards","Heirloom","Time Dilation","Flight","Elite Swarm","Lethality","Midas","Binary"],"is_ascension_mode":true,"campfire_choices":[],"circlet_count":0,"master_deck":["Demon Form","Wraith Form v2","Echo Form","DevaForm","stsjorbsmod:ArcaneForm","stsjorbsmod:WastingForm","AscendersBane","hubris:Hubris","Bash","Survivor","Zap","Strike_R","Strike_G","Strike_B","Defend_R","Defend_G","Defend_P","Cold Snap","stsjorbsmod:Hibernate","Replay:AtTheReady","TheCursedMod:WearCloak","Consecrate","TheCursedMod:SpreadPlague","Clash","Spot Weakness","ReplayTheSpireMod:Tripwire","TheCursedMod:SmokeScreen","hermit:Snipe","TheCursedMod:SaltUponWound","hermit:HoleUp","TheCursedMod:HellfireBreathing","Prostrate","TheCursedMod:CircleOfAmplification","TheCursedMod:VitalStrike","stsjorbsmod:Message","Poisoned Stab","Deflect","Escape Plan","Warcry","Bouncing Flask","Run Through","Distraction","ReplayTheSpireMod:Private Reserves","Run Through","Evaluate","stsjorbsmod:Firebolt","Replay:Vibes","TheCursedMod:CursedMace","Infernal Blade","Blade Dance","Clash","stsjorbsmod:ArcaneWeapon","Replay:Cycle","hierophant:Shelter","Dagger Throw","Masterful Stab","hermit:Glare","Dark Shackles+1","hierophant:SealAway","BattleHymn","Feel No Pain","hierophant:FlamingChariot","Body Slam","Hologram","FlurryOfBlows","stsjorbsmod:Prestidigitation","Dagger Spray","EmptyMind","EmptyMind","EmptyMind","EmptyMind","EmptyMind","EmptyMind","EmptyMind","EmptyMind","EmptyMind","EmptyMind","EmptyMind","EmptyMind","EmptyMind","EmptyMind","EmptyMind","hermit:Roulette","hermit:Roulette","hermit:Roulette","Toxin Wave","Toxin Wave","Toxin Wave","hierophant:SecretStash+1","hierophant:SecretStash","hierophant:SecretStash","FlurryOfBlows","FlurryOfBlows","FlurryOfBlows","Quick Slash","Quick Slash","Quick Slash","stsjorbsmod:ChainLightning","stsjorbsmod:ChainLightning","stsjorbsmod:ChainLightning","stsjorbsmod:RefuseToForget","stsjorbsmod:RefuseToForget","stsjorbsmod:RefuseToForget","TheCursedMod:Hemoplague","TheCursedMod:Hemoplague","TheCursedMod:Hemoplague","ReplayTheSpireMod:Trickstab","ReplayTheSpireMod:Trickstab","ReplayTheSpireMod:Trickstab","Heavy Blade","Heavy Blade","Heavy Blade","Compile Driver","Compile Driver","Compile Driver"],"relics":["Burning Blood","Frozen Eye","Busted Crown","REME_ComplimentaryCards","Incense Burner","Old Coin","ReplayTheSpireMod:Lightbulb","hubris:EmptyBottle","War Paint","zeldaRelics:CouragePiece","conspire:GiftBox"],"acts_visited":["Exordium"],"potions_floor_usage":[8,8],"damage_taken":[{"damage":20,"enemies":"2 Louse","floor":1,"turns":2},{"damage":40,"enemies":"Gremlin Nob","floor":6,"turns":4},{"damage":0,"enemies":"Small Slimes","floor":7,"turns":2},{"damage":23,"enemies":"Lagavulin","floor":8,"turns":2}],"seed_played":"-6464047752534437007","potions_obtained":[{"floor":6,"key":"LiquidBronze"}],"is_trial":true,"path_per_floor":["M","?","?","$","T","E","M","E"],"character_chosen":"IRONCLAD","items_purchased":["hubris:EmptyBottle","War Paint"],"campfire_rested":0,"item_purchase_floors":[4,4],"current_hp_per_floor":[54,54,43,43,43,9,15,0,0],"gold":372,"neow_bonus":"","is_daily":false,"chose_seed":false,"campfire_upgraded":0,"win_rate":0.0,"timestamp":1609794648,"path_taken":["M","?","?","$","?","E","?","E"],"items_purchased_type":["Relic","Relic"],"build_version":"2020-12-22","purchased_purges":0,"victory":false,"max_hp_per_floor":[75,75,75,75,75,75,75,75,75],"relic_stats":{"Busted Crown":10,"counters":[4,10],"War Paint":["Dark Shackles","hierophant:SecretStash"],"obtain_stats":[{"Frozen Eye":0,"conspire:GiftBox":7,"Busted Crown":0,"Incense Burner":0,"zeldaRelics:CouragePiece":5,"hubris:EmptyBottle":4,"War Paint":4,"ReplayTheSpireMod:Lightbulb":3,"Burning Blood":0,"REME_ComplimentaryCards":0,"Old Coin":1},{"Frozen Eye":0,"conspire:GiftBox":3,"Busted Crown":0,"Incense Burner":0,"zeldaRelics:CouragePiece":1,"hubris:EmptyBottle":1,"War Paint":1,"ReplayTheSpireMod:Lightbulb":1,"Burning Blood":0,"REME_ComplimentaryCards":0,"Old Coin":1},{"Frozen Eye":0,"conspire:GiftBox":8,"Busted Crown":0,"Incense Burner":0,"zeldaRelics:CouragePiece":2,"hubris:EmptyBottle":2,"War Paint":2,"ReplayTheSpireMod:Lightbulb":2,"Burning Blood":0,"REME_ComplimentaryCards":0,"Old Coin":2}],"Burning Blood":18},"card_choices":[],"player_experience":1529590,"relics_obtained":[{"floor":1,"key":"Old Coin"},{"floor":5,"key":"zeldaRelics:CouragePiece"},{"floor":6,"key":"zeldaRelics:CouragePiece"},{"floor":7,"key":"conspire:GiftBox"}],"event_choices":[{"cards_removed":["Eruption"],"damage_healed":0,"gold_gain":0,"player_choice":"Card Removal","damage_taken":0,"max_hp_gain":0,"max_hp_loss":0,"event_name":"The Cleric","floor":2,"gold_loss":75},{"damage_healed":0,"gold_gain":0,"player_choice":"Success","damage_taken":11,"relics_obtained":["ReplayTheSpireMod:Lightbulb"],"max_hp_gain":0,"max_hp_loss":0,"event_name":"Scrap Ooze","floor":3,"gold_loss":0}],"is_beta":false,"boss_relics":[],"items_purged_floors":[],"is_endless":false,"potions_floor_spawned":[6],"killed_by":"Lagavulin","ascension_level":20}}