{"host":"yecadp3kwkksam5a","time":1609761760,"event":{"mods":["BaseMod","Minty Spire (QoL Compilation)","Replay The Spire","StSLib","The Jungle"],"gold_per_floor":[112,112,112,125,140,129,156,186,186,211,211,240,140,172,172,249,249,262,37,37,37,63,89,122,150,175,61,190,221,550,585,585,661,661,671,341,341,391,407,438,271,303,326,358,389,420,453,482,507,581,655,655,667,316,316,335,109,142,170,199,199,227,261,289,324,62,62,138,138,151,151,251,285,116,116,148,157,183,183,164,164,0,24,24,113,113,139,2,2,2,33,33,73,89,128,128,128,128,156,173,173,275,390,390,390],"floor_reached":104,"playtime":5620,"items_purged":["Deadly Poison","Dagger Spray","Leg Sweep+1","ReplayTheSpireMod:Necrosis+1","Hidden Blade+1","Eviscerate+1","Concentrate+1","Prepared+1","Escape Plan"],"score":7391,"play_id":"0cbaecaa-e558-490f-911c-db7aae59baa7","local_time":"20210104210239","daily_mods":["Draft","Heirloom","Flight","DeadlyEvents","Elite Swarm"],"is_ascension_mode":true,"campfire_choices":[{"data":"Concentrate","floor":11,"key":"SMITH"},{"data":"Reflex","floor":15,"key":"SMITH"},{"floor":101,"key":"DIG"}],"circlet_count":0,"master_deck":["AscendersBane","Reflex+1","Terror","ReplayTheSpireMod:Tripwire","Prepared+1","Well Laid Plans","Acrobatics+1","Acrobatics+1","Adrenaline","After Image","Escape Plan","Adrenaline","Grand Finale+1","Adrenaline","Adrenaline"],"relics":["Tingsha","Byrd Skull","Pondfish Scales","Onion Ring","Replay:Bottled Eggs","Replay:Baseball","Ornamental Fan","Du-Vu Doll","Astrolabe","Membership Card","Sundial","Ginger","Prayer Wheel","Molten Egg 2","Boot","Replay:Wax Seal","Chameleon Ring","StrikeDummy","Snack Pack","Old Coin","Art of War","Empty Cage","Torii","Whetstone","Tough Bandages","Akabeko","OrangePellets","Blood Vial","Gambling Chip","CeramicFish","Replay:WaspNest","Replay:Ringing Soul","Singing Bowl","ReplayTheSpireMod:Shallot","StoneCalendar","Black Star","Blue Doll","Happy Flower","Sling","Sizzling Blood","Bag of Preparation","Toy Ornithopter","Blue Candle","Meat on the Bone","theJungle:BirthdayCake","Bag of Preparation","Ancient Tea Set","Shuriken","Replay:Bandana","Lizard Tail","Replay:Bottled Steam"],"acts_visited":["Exordium","theJungle:Jungle","TheBeyond","Exordium","theJungle:Jungle","TheBeyond","Exordium"],"potions_floor_usage":[32,44],"damage_taken":[{"damage":0,"enemies":"Small Slimes","floor":1,"turns":1},{"damage":0,"enemies":"2 Louse","floor":4,"turns":1},{"damage":0,"enemies":"Cultist","floor":5,"turns":1},{"damage":0,"enemies":"Lagavulin","floor":7,"turns":2},{"damage":0,"enemies":"Gremlin Nob","floor":8,"turns":2},{"damage":0,"enemies":"3 Sentries","floor":10,"turns":1},{"damage":0,"enemies":"Gremlin Nob","floor":12,"turns":1},{"damage":0,"enemies":"Lagavulin","floor":14,"turns":1},{"damage":0,"enemies":"The Guardian","floor":16,"turns":2},{"damage":0,"enemies":"theJungle:MUSHROOMGANG","floor":18,"turns":1},{"damage":1,"enemies":"theJungle:2_Phrogs","floor":22,"turns":2},{"damage":0,"enemies":"theJungle:MamaSnecko","floor":23,"turns":1},{"damage":0,"enemies":"theJungle:2_Phrogs","floor":24,"turns":1},{"damage":0,"enemies":"theJungle:Cassacara","floor":25,"turns":1},{"damage":0,"enemies":"theJungle:MamaSnecko","floor":28,"turns":1},{"damage":0,"enemies":"theJungle:2_Phrogs","floor":29,"turns":1},{"damage":0,"enemies":"theJungle:MamaSnecko","floor":30,"turns":1},{"damage":0,"enemies":"theJungle:Cassacara","floor":31,"turns":1},{"damage":0,"enemies":"theJungle:FunGuy","floor":33,"turns":1},{"damage":0,"enemies":"3 Shapes","floor":35,"turns":1},{"damage":0,"enemies":"2 Orb Walkers","floor":38,"turns":1},{"damage":0,"enemies":"Orb Walker","floor":39,"turns":1},{"damage":0,"enemies":"R_Hoarder","floor":40,"turns":5},{"damage":0,"enemies":"Reptomancer","floor":42,"turns":1},{"damage":0,"enemies":"R_Hoarder","floor":44,"turns":2},{"damage":0,"enemies":"Nemesis","floor":45,"turns":1},{"damage":0,"enemies":"R_Hoarder","floor":46,"turns":2},{"damage":0,"enemies":"Reptomancer","floor":47,"turns":1},{"damage":0,"enemies":"Nemesis","floor":48,"turns":1},{"damage":0,"enemies":"Mind Bloom Boss Battle","floor":49,"turns":1},{"damage":0,"enemies":"Replay:Hell Engine","floor":50,"turns":1},{"damage":0,"enemies":"Awakened One","floor":51,"turns":2},{"damage":0,"enemies":"Small Slimes","floor":53,"turns":1},{"damage":0,"enemies":"Jaw Worm","floor":56,"turns":1},{"damage":0,"enemies":"Gremlin Nob","floor":58,"turns":1},{"damage":0,"enemies":"3 Sentries","floor":59,"turns":1},{"damage":0,"enemies":"Gremlin Nob","floor":60,"turns":1},{"damage":1,"enemies":"Lagavulin","floor":62,"turns":1},{"damage":1,"enemies":"3 Sentries","floor":63,"turns":1},{"damage":1,"enemies":"Lagavulin","floor":64,"turns":1},{"damage":1,"enemies":"Gremlin Nob","floor":65,"turns":1},{"damage":1,"enemies":"Hexaghost","floor":68,"turns":1},{"damage":0,"enemies":"theJungle:MUSHROOMGANG","floor":70,"turns":1},{"damage":2,"enemies":"theJungle:2_Phrogs","floor":73,"turns":1},{"damage":2,"enemies":"theJungle:Cassacara","floor":76,"turns":1},{"damage":1,"enemies":"JungleHuntersEvent","floor":77,"turns":1},{"damage":2,"enemies":"theJungle:2_Phrogs","floor":78,"turns":1},{"damage":2,"enemies":"Shell Parasite","floor":83,"turns":1},{"damage":2,"enemies":"theJungle:QueenSpyder","floor":85,"turns":1},{"damage":2,"enemies":"3 Shapes","floor":87,"turns":1},{"damage":1,"enemies":"Nemesis","floor":93,"turns":1},{"damage":2,"enemies":"Orb Walker","floor":94,"turns":1},{"damage":1,"enemies":"R_Hoarder","floor":95,"turns":3},{"damage":2,"enemies":"Transient","floor":99,"turns":1},{"damage":0,"enemies":"Jaw Worm Horde","floor":100,"turns":1},{"damage":2,"enemies":"Donu and Deca","floor":102,"turns":1},{"damage":2,"enemies":"Awakened One","floor":103,"turns":2}],"seed_played":"3913580160900594289","potions_obtained":[{"floor":1,"key":"Strength Potion"},{"floor":10,"key":"Dexterity Potion"},{"floor":32,"key":"EntropicBrew"},{"floor":32,"key":"Elixir"},{"floor":62,"key":"GhostInAJar"},{"floor":67,"key":"Death Potion"},{"floor":96,"key":"FairyPotion"}],"is_trial":true,"path_per_floor":["M","?","?","M","M","$","E","E","T","E","R","E","$","E","R","B",null,"M","$","?","T","E","E","E","E","T","$","E","E","E","E","R","B",null,"M","$","?","?","M","E","$","E","T","E","E","E","E","E","R","B","B",null,"M","$","?","M","$","E","E","E","T","E","E","E","E","$","R","B",null,"M","?","?","E","$","R","E","?","E","R","$","R","$","M","R","B",null,"M","$","?","$","?","R","E","M","E","R","R","R","M","M","R","B","B",null],"character_chosen":"THE_SILENT","items_purchased":["Byrd Skull","Membership Card","Chameleon Ring","Torii","Whetstone","OrangePellets","Blood Vial","Blue Doll","Happy Flower","Sling","Toy Ornithopter","Backstab+1","Meat on the Bone","Bag of Preparation","Ancient Tea Set","Replay:Bandana","Lizard Tail","Replay:Bottled Steam"],"campfire_rested":0,"item_purchase_floors":[6,19,27,36,36,41,41,54,54,54,57,57,66,74,74,80,82,88],"current_hp_per_floor":[59,59,59,59,59,59,59,59,59,59,59,59,59,59,59,59,64,64,64,66,66,65,65,65,65,65,65,65,65,66,66,66,66,66,66,66,66,66,66,66,66,66,66,66,66,66,68,70,72,74,76,76,80,80,84,88,91,93,95,97,97,99,101,103,105,105,105,107,107,111,131,118,126,126,126,134,138,140,140,140,140,140,144,144,147,147,151,151,147,147,87,87,96,104,113,113,113,113,125,135,135,145,160,175,175],"gold":390,"neow_bonus":"","is_daily":false,"chose_seed":false,"campfire_upgraded":2,"win_rate":0.0,"timestamp":1609761759,"path_taken":["M","?","?","?","?","$","E","E","T","E","R","E","$","E","R","BOSS","M","$","?","?","?","E","E","E","T","$","E","E","E","E","R","BOSS","M","$","?","?","?","E","?","E","T","E","E","E","E","?","R","BOSS","BOSS","M","$","?","?","$","E","E","E","T","E","E","E","?","$","R","BOSS","M","?","?","?","$","R","E","?","E","R","$","R","?","M","R","BOSS","M","$","?","?","?","R","?","?","E","R","R","R","M","M","R","BOSS","BOSS"],"items_purchased_type":["Relic","Relic","Relic","Relic","Relic","Relic","Relic","Relic","Relic","Relic","Relic","Card","Relic","Relic","Relic","Relic","Relic","Relic"],"build_version":"2020-12-22","purchased_purges":9,"victory":false,"max_hp_per_floor":[66,66,66,66,66,66,66,66,66,66,66,66,66,66,66,66,66,66,66,66,66,66,66,66,66,66,66,66,66,66,66,66,66,66,66,66,66,66,66,66,66,66,66,66,66,66,68,70,72,74,76,76,80,80,84,88,91,93,95,97,97,99,101,103,105,105,105,107,107,111,131,131,133,133,133,135,138,140,140,140,140,140,144,144,147,147,151,151,157,157,159,159,161,165,167,167,167,167,171,175,175,177,180,180,180],"card_choices":[{"not_picked":["Riddle With Holes","Outmaneuver"],"picked":"Concentrate","floor":0},{"not_picked":["Skewer","Dagger Spray"],"picked":"Deadly Poison","floor":0},{"not_picked":["Poisoned Stab","Dagger Spray"],"picked":"Prepared","floor":0},{"not_picked":["Dodge and Roll","Poisoned Stab"],"picked":"Quick Slash","floor":0},{"not_picked":["PiercingWail","Dodge and Roll"],"picked":"Reflex","floor":0},{"not_picked":["Slice","Infinite Blades"],"picked":"Underhanded Strike","floor":0},{"not_picked":["Concentrate","Dagger Spray"],"picked":"Underhanded Strike","floor":0},{"not_picked":["Bane","Heel Hook"],"picked":"Blade Dance","floor":0},{"not_picked":["Flying Knee","Bane"],"picked":"Dagger Spray","floor":0},{"not_picked":["Expertise","Noxious Fumes"],"picked":"Terror","floor":0},{"not_picked":["Quick Slash","ReplayTheSpireMod:Scrap Shanks"],"picked":"Eviscerate","floor":0},{"not_picked":["Accuracy","Deadly Poison"],"picked":"ReplayTheSpireMod:Tripwire","floor":0},{"not_picked":["Dagger Spray","Deadly Poison"],"picked":"Prepared","floor":0},{"not_picked":["Concentrate","Slice"],"picked":"Cloak And Dagger","floor":0},{"not_picked":["Blade Dance","Bane"],"picked":"Predator","floor":0},{"not_picked":["Leg Sweep","PiercingWail","Poisoned Stab"],"picked":"SKIP","floor":1},{"not_picked":["Blade Dance","Terror"],"picked":"Well Laid Plans","floor":4},{"not_picked":["Cloak And Dagger","PiercingWail","Outmaneuver"],"picked":"SKIP","floor":5},{"not_picked":["Bullet Time","Unload","Burst"],"picked":"SKIP","floor":7},{"not_picked":["Wraith Form v2","Envenom","Doppelganger"],"picked":"SKIP","floor":8},{"not_picked":["Storm of Steel","Burst"],"picked":"Adrenaline","floor":10},{"not_picked":["Bullet Time","Replay:Bag of Tricks"],"picked":"After Image","floor":12},{"not_picked":["Die Die Die","Atom Bomb","Storm of Steel"],"picked":"SKIP","floor":14},{"not_picked":["Dash","Sucker Punch"],"picked":"Escape Plan","floor":18},{"not_picked":["Corpse Explosion","Envenom","Tools of the Trade"],"picked":"SKIP","floor":22},{"not_picked":["Malaise","Storm of Steel","Doppelganger"],"picked":"SKIP","floor":23},{"not_picked":["Malaise","Storm of Steel","Doppelganger"],"picked":"SKIP","floor":23},{"not_picked":["Phantasmal Killer","Night Terror","Replay:Bag of Tricks"],"picked":"SKIP","floor":24},{"not_picked":["Doppelganger","ReplayTheSpireMod:From All Sides+1"],"picked":"A Thousand Cuts","floor":25},{"not_picked":["Tools of the Trade","ReplayTheSpireMod:Necrosis","Storm of Steel"],"picked":"SKIP","floor":28},{"not_picked":["Storm of Steel","Glass Knife+1"],"picked":"Adrenaline","floor":29},{"not_picked":["Unload+1","Doppelganger"],"picked":"Grand Finale+1","floor":30},{"not_picked":["Poison Darts","Atom Bomb+1","Replay:Bag of Tricks"],"picked":"SKIP","floor":31},{"not_picked":["Deadly Poison+1","Dagger Spray+1","PiercingWail"],"picked":"SKIP","floor":35},{"not_picked":["ReplayTheSpireMod:Speed Training+1","Accuracy","Caltrops"],"picked":"SKIP","floor":35},{"not_picked":["Acrobatics+1","Underhanded Strike+1","Poisoned Stab+1"],"picked":"SKIP","floor":39},{"not_picked":["Dodge and Roll+1","Poisoned Stab+1","Prepared+1"],"picked":"SKIP","floor":39},{"not_picked":["Envenom","Glass Knife+1","Replay:Bag of Tricks"],"picked":"SKIP","floor":40},{"not_picked":["Atom Bomb+1","Poison Darts","Replay:Bag of Tricks"],"picked":"SKIP","floor":42},{"not_picked":["Glass Knife+1","Storm of Steel","Poison Darts"],"picked":"SKIP","floor":44},{"not_picked":["Poison Darts","Phantasmal Killer","Storm of Steel"],"picked":"SKIP","floor":45},{"not_picked":["Wraith Form v2","Poison Darts","Atom Bomb+1"],"picked":"SKIP","floor":46},{"not_picked":["Glass Knife+1","Burst","ReplayTheSpireMod:From All Sides+1"],"picked":"Singing Bowl","floor":47},{"not_picked":["Venomology","Unload+1","Phantasmal Killer"],"picked":"Singing Bowl","floor":48},{"not_picked":["Outmaneuver+1","Prepared","Backflip"],"picked":"Singing Bowl","floor":49},{"not_picked":["Glass Knife+1","ReplayTheSpireMod:Necrosis","Burst"],"picked":"Singing Bowl","floor":50},{"not_picked":["Replay:Bag of Tricks","After Image","Doppelganger"],"picked":"Singing Bowl","floor":51},{"not_picked":["Underhanded Strike+1","Sucker Punch+1","Reflex"],"picked":"Singing Bowl","floor":53},{"not_picked":["Slice+1","All Out Attack+1","Poisoned Stab+1"],"picked":"Singing Bowl","floor":53},{"not_picked":["Poisoned Stab+1","Quick Slash+1","Blade Dance"],"picked":"Singing Bowl","floor":56},{"not_picked":["Poisoned Stab+1","Distraction","Cloak And Dagger"],"picked":"Singing Bowl","floor":56},{"not_picked":["Unload+1","Burst","Wraith Form v2"],"picked":"Singing Bowl","floor":58},{"not_picked":["Burst","Die Die Die+1","Phantasmal Killer"],"picked":"Singing Bowl","floor":59},{"not_picked":["Glass Knife+1","Replay:Bag of Tricks","Burst"],"picked":"Singing Bowl","floor":60},{"not_picked":["Glass Knife+1","Unload+1","Atom Bomb+1"],"picked":"Singing Bowl","floor":62},{"not_picked":["A Thousand Cuts","Corpse Explosion","Malaise"],"picked":"Singing Bowl","floor":63},{"not_picked":["Corpse Explosion","Poison Darts","Doppelganger"],"picked":"Singing Bowl","floor":64},{"not_picked":["After Image","Envenom","Wraith Form v2"],"picked":"Singing Bowl","floor":65},{"not_picked":["ReplayTheSpireMod:From All Sides+1","Storm of Steel","Wraith Form v2"],"picked":"Singing Bowl","floor":68},{"not_picked":["Infinite Blades","Tactician+1","Dodge and Roll"],"picked":"Singing Bowl","floor":70},{"not_picked":["Cloak And Dagger+1","Blade Dance","Dagger Spray+1"],"picked":"Singing Bowl","floor":70},{"not_picked":["Wraith Form v2","Bullet Time","Envenom"],"picked":"Singing Bowl","floor":73},{"not_picked":["Glass Knife+1","Envenom","After Image"],"picked":"Singing Bowl","floor":76},{"not_picked":["Deadly Poison+1","Expertise"],"picked":"Escape Plan","floor":77},{"not_picked":["Atom Bomb+1","Unload+1","Phantasmal Killer"],"picked":"Singing Bowl","floor":78},{"not_picked":["Eviscerate+1","Quick Slash+1","Deflect"],"picked":"Singing Bowl","floor":83},{"not_picked":["Skewer+1","Dodge and Roll","Blade Dance"],"picked":"Singing Bowl","floor":83},{"not_picked":["Tools of the Trade","Storm of Steel"],"picked":"Adrenaline","floor":85},{"not_picked":["Crippling Poison+1","Prepared","Poisoned Stab+1"],"picked":"Singing Bowl","floor":87},{"not_picked":["All Out Attack+1","Infinite Blades","Slice+1"],"picked":"Singing Bowl","floor":87},{"not_picked":["Crow Ritual","Enlightenment","Swift Strike+1"],"picked":"Singing Bowl","floor":89},{"not_picked":["Swift Strike+1","Violence","Trip"],"picked":"Singing Bowl","floor":89},{"not_picked":["Flash of Steel+1","Replay:BasicMightCard","Violence"],"picked":"Singing Bowl","floor":89},{"not_picked":["Sneak Up","Dagger Spray+1","Underhanded Strike+1"],"picked":"Singing Bowl","floor":91},{"not_picked":["After Image","Glass Knife+1","Doppelganger"],"picked":"Singing Bowl","floor":93},{"not_picked":["ReplayTheSpireMod:The Works","Bouncing Flask","Bane+1"],"picked":"Singing Bowl","floor":94},{"not_picked":["Backflip+1","Draining Mist","Dodge and Roll"],"picked":"Singing Bowl","floor":94},{"not_picked":["ReplayTheSpireMod:From All Sides+1","Replay:Bag of Tricks","Tools of the Trade"],"picked":"Singing Bowl","floor":95},{"not_picked":["Deadly Poison","Dagger Spray+1","Blur"],"picked":"Singing Bowl","floor":99},{"not_picked":["Choke+1","All Out Attack+1","Bane+1"],"picked":"Singing Bowl","floor":99},{"not_picked":["Dagger Throw+1","Dagger Spray+1","Sucker Punch+1"],"picked":"Singing Bowl","floor":100},{"not_picked":["Flechettes+1","Distraction","Hidden Blade"],"picked":"Singing Bowl","floor":100},{"not_picked":["Poison Darts","Storm of Steel","Tools of the Trade"],"picked":"Singing Bowl","floor":102},{"not_picked":["A Thousand Cuts","Poison Darts"],"picked":"Adrenaline","floor":103}],"player_experience":354982,"relics_obtained":[{"floor":7,"key":"Pondfish Scales"},{"floor":8,"key":"Onion Ring"},{"floor":9,"key":"Replay:Bottled Eggs"},{"floor":10,"key":"Replay:Baseball"},{"floor":12,"key":"Ornamental Fan"},{"floor":14,"key":"Du-Vu Doll"},{"floor":21,"key":"Sundial"},{"floor":22,"key":"Ginger"},{"floor":23,"key":"Prayer Wheel"},{"floor":24,"key":"Molten Egg 2"},{"floor":25,"key":"Boot"},{"floor":26,"key":"Replay:Wax Seal"},{"floor":28,"key":"StrikeDummy"},{"floor":29,"key":"Snack Pack"},{"floor":30,"key":"Old Coin"},{"floor":31,"key":"Art of War"},{"floor":38,"key":"Tough Bandages"},{"floor":40,"key":"Akabeko"},{"floor":42,"key":"Gambling Chip"},{"floor":43,"key":"CeramicFish"},{"floor":44,"key":"Replay:WaspNest"},{"floor":45,"key":"Replay:Ringing Soul"},{"floor":47,"key":"Singing Bowl"},{"floor":48,"key":"ReplayTheSpireMod:Shallot"},{"floor":49,"key":"StoneCalendar"},{"floor":61,"key":"Blue Candle"},{"floor":77,"key":"Shuriken"}],"event_choices":[{"damage_healed":0,"gold_gain":0,"player_choice":"Ignored","damage_taken":0,"max_hp_gain":0,"max_hp_loss":0,"event_name":"Liars Game","floor":2,"gold_loss":0},{"cards_removed":["Cloak And Dagger"],"damage_healed":0,"gold_gain":0,"player_choice":"Purged","damage_taken":0,"max_hp_gain":0,"max_hp_loss":0,"event_name":"Purifier","floor":3,"gold_loss":0},{"cards_removed":["A Thousand Cuts"],"damage_healed":0,"gold_gain":0,"player_choice":"Removed Power","damage_taken":0,"max_hp_gain":0,"max_hp_loss":0,"event_name":"Falling","floor":37,"gold_loss":0},{"damage_healed":0,"gold_gain":0,"player_choice":"Fight","damage_taken":0,"max_hp_gain":0,"max_hp_loss":0,"event_name":"Mysterious Sphere","floor":38,"gold_loss":0},{"damage_healed":0,"gold_gain":0,"player_choice":"Fight","damage_taken":0,"max_hp_gain":0,"max_hp_loss":0,"event_name":"MindBloom","floor":49,"gold_loss":0},{"damage_healed":0,"gold_gain":0,"player_choice":"Memory 3","damage_taken":10,"max_hp_gain":0,"max_hp_loss":0,"event_name":"SensoryStone","floor":89,"gold_loss":0}],"is_beta":false,"boss_relics":[{"not_picked":["Replay:Fungal Core","Cursed Key"],"picked":"Astrolabe"},{"not_picked":["Honey Jar","Ring of the Serpent"],"picked":"Empty Cage"},{"not_picked":["Velvet Choker","Runic Dome"],"picked":"Black Star"},{"not_picked":["BlightedDurian"],"picked":"VoidEssence"},{"not_picked":["BlightedDurian"],"picked":"VoidEssence"},{"not_picked":["GraspOfShadows"],"picked":"Accursed"}],"items_purged_floors":[6,13,19,27,36,54,57,66,80],"is_endless":true,"potions_floor_spawned":[1,10,12,16,22,24,25,29,31,39,40,42,46,47,50,56,58,62,63,65,70,76,83,85,94,95,99,100],"ascension_level":20}}