{"host":"rz01j32460kf2mtw","time":1609765750,"event":{"mods":["Arknights The Spire","BaseMod","Downfall","Koishi","Marisa????????","Minty Spire (QoL Compilation)","Prisma Mod","Quick Restart","Shade Mod","StSLib","The Alterego","The Cursed","The Disciple","The Dragon Tamer","The Jungle","The Marked","The Runesmith","The Servant 0.9.4"],"gold_per_floor":[99,115,290,140,152,171,171,12,12,37,37,47,59,69,84,84,84,84],"floor_reached":16,"playtime":982,"items_purged":["Slimebound:Strike_Slimebound"],"score":129,"play_id":"7812111b-4668-4c4b-9db0-45119a4e7582","local_time":"20210104060910","is_ascension_mode":false,"campfire_choices":[{"data":"Slimebound:Split","floor":1,"key":"SMITH"},{"data":"Slimebound:AcidTongue","floor":11,"key":"SMITH"}],"circlet_count":0,"master_deck":["Slimebound:Strike_Slimebound","Slimebound:Strike_Slimebound","Slimebound:Tackle","Slimebound:Defend_Slimebound","Slimebound:Defend_Slimebound","Slimebound:Defend_Slimebound","Slimebound:Defend_Slimebound","Slimebound:Split+1","Slimebound:CorrosiveSpit","Slimebound:FinishingTackle","Doubt","Slimebound:GoopSpray","Slimebound:GrowthPunch","Slimebound:SplitLeeching","Slimebound:AcidTongue+1","Regret","Slimebound:RainOfGoop+1","Slimebound:LeechingTouch","Slimebound:RollThrough","Slimebound:SlimeSlap","Slimebound:LeadByExample"],"relics":["Slimebound:AbsorbEndCombat","Orichalcum","Toxic Egg 2","Calipers"],"acts_visited":["Exordium"],"potions_floor_usage":[13,13],"damage_taken":[{"damage":17,"enemies":"2 Louse","floor":2,"turns":4},{"damage":17,"enemies":"Cultist","floor":5,"turns":3},{"damage":3,"enemies":"Small Slimes","floor":6,"turns":2},{"damage":23,"enemies":"downfall:FleeingMerchant","floor":8,"turns":4},{"damage":33,"enemies":"Lagavulin","floor":10,"turns":7},{"damage":9,"enemies":"2 Fungi Beasts","floor":12,"turns":4},{"damage":26,"enemies":"3 Louse","floor":13,"turns":4},{"damage":24,"enemies":"Exordium Thugs","floor":14,"turns":4},{"damage":27,"enemies":"Large Slime","floor":15,"turns":5},{"damage":38,"enemies":"downfall:Defect","floor":16,"turns":4}],"seed_played":"8173079938699744678","potions_obtained":[{"floor":10,"key":"SkillPotion"},{"floor":12,"key":"SkillPotion"},{"floor":15,"key":"Fire Potion"}],"is_trial":false,"path_per_floor":["R","M","?","?","M","M","T","$","?","E","R","M","M","M","M","B"],"character_chosen":"SLIMEBOUND","items_purchased":["Slimebound:AcidTongue"],"campfire_rested":0,"item_purchase_floors":[8],"current_hp_per_floor":[66,59,59,76,69,70,70,61,61,48,48,47,31,25,16,0,0,0],"gold":84,"neow_bonus":"TEN_PERCENT_HP_BONUS","is_daily":false,"chose_seed":false,"campfire_upgraded":2,"win_rate":0.0,"timestamp":1609765750,"path_taken":["R","M","?","?","?","M","T","$","?","E","R","M","M","M","M","BOSS"],"items_purchased_type":["Card"],"build_version":"2020-12-22","purchased_purges":1,"victory":false,"max_hp_per_floor":[66,66,66,76,76,76,76,76,76,76,76,76,76,76,76,76,76,76],"card_choices":[{"not_picked":["Slimebound:LeechingTouch","Slimebound:Schlurp"],"picked":"Slimebound:FinishingTackle","floor":2},{"not_picked":["Slimebound:ForwardTackle","Slimebound:SplitBruiser"],"picked":"Slimebound:GoopSpray","floor":5},{"not_picked":["Slimebound:ComboTackle","Slimebound:Equalize"],"picked":"Slimebound:GrowthPunch","floor":6},{"not_picked":["Slimebound:RollThrough","Slimebound:MassRepurpose"],"picked":"Slimebound:SplitLeeching","floor":8},{"not_picked":["Slimebound:LivingWall+1","Slimebound:Chomp"],"picked":"Slimebound:RainOfGoop+1","floor":10},{"not_picked":["Slimebound:SlimeSpikes+1","Slimebound:SlimeBrawl+1"],"picked":"Slimebound:LeechingTouch","floor":12},{"not_picked":["Slimebound:LeechingTouch","Slimebound:GoopSpray+1"],"picked":"Slimebound:RollThrough","floor":13},{"not_picked":["Slimebound:DisruptingSlam","Slimebound:TongueLash"],"picked":"Slimebound:SlimeSlap","floor":14},{"not_picked":["Slimebound:SplitAcid+1","Slimebound:SplitLeeching+1"],"picked":"Slimebound:LeadByExample","floor":15}],"player_experience":927944,"relics_obtained":[{"floor":7,"key":"Orichalcum"},{"floor":10,"key":"Calipers"}],"event_choices":[{"damage_healed":0,"gold_gain":0,"player_choice":"Box","damage_taken":0,"relics_obtained":["Toxic Egg 2"],"max_hp_gain":0,"max_hp_loss":0,"event_name":"Big Fish","floor":9,"gold_loss":0,"cards_obtained":["Regret"]}],"is_beta":false,"boss_relics":[],"items_purged_floors":[8],"is_endless":false,"potions_floor_spawned":[10,12,15],"killed_by":"downfall:Defect","ascension_level":0}}