{"host":"2461dio7vetlq1z3","time":1609780982,"event":{"mods":["2.2 Compatiblity","AchievementEnabler","BaseMod","Better Third Choice","Friendly Minions","Hubris","Minty Spire (QoL Compilation)","Relic Stats","Spicy Shops","StSLib","Waifu the Spire"],"gold_per_floor":[116,25,43,56,71,71,104,104,157,169,187,207,207,235,235,309,309,329,329,340,340,351,383,383,396,396,412,412,51,51,77,77,156,156],"floor_reached":33,"playtime":1344,"items_purged":["Wild Strike"],"score":873,"play_id":"36c1d42b-3e4c-429a-9976-bcbaa98c5c74","local_time":"20210104182302","is_ascension_mode":true,"campfire_choices":[{"data":"Bash","floor":6,"key":"SMITH"},{"data":"Shockwave","floor":8,"key":"SMITH"},{"data":"Uppercut","floor":13,"key":"SMITH"},{"data":"Combust","floor":15,"key":"SMITH"},{"floor":24,"key":"REST"},{"data":"1","floor":28,"key":"LIFT"},{"data":"2","floor":30,"key":"LIFT"},{"data":"3","floor":32,"key":"LIFT"}],"circlet_count":0,"master_deck":["AscendersBane","Defend_R","Defend_R","Defend_R","Defend_R","Bash+1","Pommel Strike","Metallicize","Pommel Strike","Combust+1","Wild Strike","Shockwave+1","Metallicize","Pommel Strike","Anger","Pommel Strike","Battle Trance","Uppercut+1","Metallicize","Exhume","Flame Barrier","Inflame","Inflame","Fire Breathing","Bite","Bite","Bite","Bite","Bite","Limit Break","Disarm","Shrug It Off","Shrug It Off+1","Disarm","Hemokinesis+1","Battle Trance","Pummel"],"relics":["Burning Blood","Prayer Wheel","hubris:ToyBattleship","Ornamental Fan","Mark of Pain","StrikeDummy","Girya","hubris:PeanutButter","Pantograph"],"acts_visited":["Exordium","TheCity"],"potions_floor_usage":[7,14,14,31,31,33],"damage_taken":[{"damage":6,"enemies":"Cultist","floor":1,"turns":3},{"damage":4,"enemies":"Jaw Worm","floor":3,"turns":3},{"damage":9,"enemies":"2 Louse","floor":4,"turns":2},{"damage":7,"enemies":"Blue Slaver","floor":5,"turns":4},{"damage":20,"enemies":"Gremlin Nob","floor":7,"turns":4},{"damage":17,"enemies":"Large Slime","floor":10,"turns":4},{"damage":9,"enemies":"3 Louse","floor":11,"turns":3},{"damage":8,"enemies":"Blue Slaver","floor":12,"turns":4},{"damage":16,"enemies":"3 Sentries","floor":14,"turns":6},{"damage":27,"enemies":"Hexaghost","floor":16,"turns":8},{"damage":19,"enemies":"2 Thieves","floor":18,"turns":3},{"damage":5,"enemies":"Chosen","floor":20,"turns":3},{"damage":20,"enemies":"3 Cultists","floor":22,"turns":4},{"damage":52,"enemies":"Gremlin Leader","floor":23,"turns":6},{"damage":1,"enemies":"Centurion and Healer","floor":25,"turns":4},{"damage":27,"enemies":"Cultist and Chosen","floor":27,"turns":5},{"damage":14,"enemies":"Book of Stabbing","floor":31,"turns":6},{"damage":53,"enemies":"Collector","floor":33,"turns":7}],"seed_played":"-7051758141223481315","potions_obtained":[{"floor":1,"key":"Block Potion"},{"floor":10,"key":"Block Potion"},{"floor":12,"key":"Regen Potion"},{"floor":25,"key":"LiquidBronze"},{"floor":27,"key":"Fruit Juice"},{"floor":31,"key":"SneckoOil"}],"is_trial":false,"path_per_floor":["M","$","M","M","M","R","E","R","T","M","M","M","R","E","R","B",null,"M","?","M","?","M","E","R","M","T","M","R","$","R","E","R","B"],"character_chosen":"IRONCLAD","items_purchased":["Metallicize","Pommel Strike","hubris:PeanutButter"],"campfire_rested":1,"item_purchase_floors":[2,2,29],"current_hp_per_floor":[75,75,77,74,73,73,59,59,59,48,45,43,43,48,48,27,68,55,55,56,56,45,11,28,39,39,22,22,22,22,27,27,9,9],"gold":156,"neow_bonus":"TEN_PERCENT_HP_BONUS","is_daily":false,"chose_seed":false,"campfire_upgraded":4,"win_rate":0.0,"timestamp":1609780982,"path_taken":["M","$","M","M","M","R","E","R","T","M","?","?","R","E","R","BOSS","M","?","M","?","M","E","R","M","T","M","R","$","R","E","R","BOSS"],"items_purchased_type":["Card","Card","Relic"],"build_version":"2020-12-22","purchased_purges":1,"victory":false,"max_hp_per_floor":[82,82,82,82,82,82,82,82,82,82,82,82,82,82,82,82,82,82,82,82,57,57,57,57,57,57,57,57,57,57,62,62,62,62],"relic_stats":{"counters":[18,79],"Ornamental Fan":[76],"Pantograph":25,"Prayer Wheel":8,"obtain_stats":[{"Girya":26,"Ornamental Fan":14,"Pantograph":31,"Prayer Wheel":7,"hubris:PeanutButter":29,"Mark of Pain":17,"hubris:ToyBattleship":9,"StrikeDummy":23,"Burning Blood":0},{"Girya":15,"Ornamental Fan":9,"Pantograph":17,"Prayer Wheel":5,"hubris:PeanutButter":16,"Mark of Pain":10,"hubris:ToyBattleship":5,"StrikeDummy":14,"Burning Blood":0},{"Girya":61,"Ornamental Fan":33,"Pantograph":72,"Prayer Wheel":16,"hubris:PeanutButter":66,"Mark of Pain":41,"hubris:ToyBattleship":16,"StrikeDummy":57,"Burning Blood":0}],"Burning Blood":108},"card_choices":[{"not_picked":["Ghostly Armor","Havoc"],"picked":"Pommel Strike","floor":1},{"not_picked":["Heavy Blade","Power Through"],"picked":"Combust","floor":3},{"not_picked":["Warcry","Thunderclap"],"picked":"Wild Strike","floor":4},{"not_picked":["Iron Wave","Shrug It Off"],"picked":"Wild Strike","floor":5},{"not_picked":["Whirlwind","Body Slam"],"picked":"Shockwave","floor":7},{"not_picked":["Double Tap","Havoc"],"picked":"Metallicize","floor":10},{"not_picked":["Dark Embrace","Twin Strike"],"picked":"Pommel Strike","floor":10},{"not_picked":["Armaments","Iron Wave"],"picked":"Anger","floor":11},{"not_picked":["Headbutt","Iron Wave"],"picked":"Pommel Strike","floor":11},{"not_picked":["Ghostly Armor","Thunderclap"],"picked":"Battle Trance","floor":12},{"not_picked":["Infernal Blade","Whirlwind"],"picked":"Uppercut","floor":12},{"not_picked":["Clothesline","Armaments"],"picked":"Metallicize","floor":14},{"not_picked":["Berserk","Barricade"],"picked":"Exhume","floor":16},{"not_picked":["Wild Strike","Heavy Blade+1"],"picked":"Flame Barrier","floor":18},{"not_picked":["Dual Wield","Shrug It Off+1"],"picked":"Inflame","floor":18},{"not_picked":["hubris:ReadiedAction","Armaments"],"picked":"Inflame","floor":20},{"not_picked":["Blood for Blood","Headbutt"],"picked":"Fire Breathing","floor":20},{"not_picked":["Cleave","Pommel Strike"],"picked":"Limit Break","floor":22},{"not_picked":["Carnage+1","Body Slam"],"picked":"Disarm","floor":22},{"not_picked":["Rampage","Anger"],"picked":"Shrug It Off","floor":23},{"not_picked":["Clothesline+1","Dropkick"],"picked":"Shrug It Off+1","floor":25},{"not_picked":["Burning Pact","Entrench"],"picked":"Disarm","floor":25},{"not_picked":["Pommel Strike","Armaments"],"picked":"Hemokinesis+1","floor":27},{"not_picked":["Bloodletting+1","Sword Boomerang"],"picked":"Battle Trance","floor":27},{"not_picked":["Sword Boomerang","Intimidate+1"],"picked":"Pummel","floor":31}],"player_experience":1051971,"relics_obtained":[{"floor":7,"key":"Prayer Wheel"},{"floor":9,"key":"hubris:ToyBattleship"},{"floor":14,"key":"Ornamental Fan"},{"floor":23,"key":"StrikeDummy"},{"floor":26,"key":"Girya"},{"floor":31,"key":"Pantograph"}],"event_choices":[{"damage_healed":0,"gold_gain":0,"player_choice":"Became a vampire","damage_taken":0,"max_hp_gain":0,"max_hp_loss":25,"event_name":"Vampires","floor":21,"gold_loss":0,"cards_obtained":["Bite","Bite","Bite","Bite","Bite"]}],"is_beta":false,"boss_relics":[{"not_picked":["Tiny House","Calling Bell"],"picked":"Mark of Pain"}],"items_purged_floors":[29],"is_endless":false,"potions_floor_spawned":[1,10,12,25,27,31],"killed_by":"Collector","ascension_level":20}}