{"host":"4u4xibnmtqpdl4qa","time":1609731663,"event":{"mods":["AchievementEnabler","BaseMod","Colored Map","Colored Powertips","Curses Come First","DeckTracker","Downfall","Hermit","Highlight Path","JesterMod","KinomotoSakuraMod(????)","Luminous","Mad Scientist","Minty Spire (QoL Compilation)","Quick Restart","Rare Cards Sparkle","Relic Stats","SIMod","Shop Mod","StSLib","SuperFastMode","Td1madao Mod","The Cursed","The Florist","The Necromancer","The Runesmith","The Senshi","The Servant 0.9.4","The Vixen","TheHero","TheVacant","Waifu the Spire","Yuri Mod"],"gold_per_floor":[119,119,119,137,157,157,157,170,170,199,199,251,251,31,31,127,127,147,107,32,42,53,86,86,97,149,149,176,192,202,202,202,306,306,321,321],"floor_reached":35,"playtime":3161,"items_purged":["Strike_TS"],"score":472,"play_id":"32347a45-a43a-4add-bc92-8420ccecde01","local_time":"20210104044103","is_ascension_mode":false,"campfire_choices":[{"data":"Tornado","floor":7.0,"key":"SMITH"},{"data":"HideCarefully","floor":11.0,"key":"SMITH"},{"data":"Magic_Beam","floor":13.0,"key":"SMITH"},{"data":"ConcertedEfforts","floor":15.0,"key":"SMITH"},{"data":"HarmonyForm","floor":24.0,"key":"SMITH"},{"data":"BigDeal","floor":27.0,"key":"SMITH"},{"data":"CheerUp","floor":32.0,"key":"SMITH"}],"circlet_count":0,"master_deck":["Strike_AJ","Strike_RR","Strike_RD","Defend_TS","Defend_PP","Defend_FS","Defend_AJ","ConcertedEfforts+1","HarmonyShield","Tornado+1","Lasso+1","FarmExpert+1","BehindTheScene","Whining","GemstoneDetection","Magic_Beam+1","HideCarefully+1","Charge","HarmonyForm+1","Stare","AppleFever","Magic","BigDeal+1","Lasso","AlloutStrike","RunningOfTheLeaves","SonicRainbow","Mischief+1","AppleFever+1","KillingWithKindness+1","Laughter","MirrorLake","AllByMyself","CheerUp+1","HarmonyForm"],"relics":["The_element_of_harmony","Pyrelight","theSenshi:FeatherClipsRelic","Pear","Omamori","Toolbox","Calling Bell","Boot","Eternal Feather","Pocketwatch","Gremlin Horn","Tiny Chest","Bottled Lightning","Hyacinth","Velvet Choker"],"acts_visited":[],"potions_floor_usage":[],"damage_taken":[{"damage":0.0,"enemies":"2 Louse","floor":1.0,"turns":2.0},{"damage":0.0,"enemies":"Jaw Worm","floor":4.0,"turns":3.0},{"damage":0.0,"enemies":"Cultist","floor":5.0,"turns":3.0},{"damage":10.0,"enemies":"Exordium Wildlife","floor":8.0,"turns":4.0},{"damage":35.0,"enemies":"Lagavulin","floor":10.0,"turns":6.0},{"damage":0.0,"enemies":"Slime Boss","floor":16.0,"turns":6.0},{"damage":9.0,"enemies":"Shell Parasite","floor":18.0,"turns":4.0},{"damage":18.0,"enemies":"Spheric Guardian","floor":21.0,"turns":6.0},{"damage":11.0,"enemies":"Snecko","floor":22.0,"turns":6.0},{"damage":43.0,"enemies":"Gremlin Leader","floor":23.0,"turns":6.0},{"damage":3.0,"enemies":"Snake Plant","floor":25.0,"turns":3.0},{"damage":18.0,"enemies":"Book of Stabbing","floor":28.0,"turns":6.0},{"damage":2.0,"enemies":"Chosen and Byrds","floor":29.0,"turns":6.0},{"damage":0.0,"enemies":"Sentry and Sphere","floor":30.0,"turns":2.0},{"damage":38.0,"enemies":"Champ","floor":33.0,"turns":12.0},{"damage":31.0,"enemies":"3 Darklings","floor":35.0,"turns":6.0}],"seed_played":"-1323039404461202096","potions_obtained":[{"floor":4.0,"key":"Fire Potion"},{"floor":5.0,"key":"EssenceOfSteel"},{"floor":10.0,"key":"ColorlessPotion"},{"floor":19.0,"key":"BlessingOfTheForge"},{"floor":19.0,"key":"Explosive Potion"},{"floor":19.0,"key":"Block Potion"},{"floor":23.0,"key":"SpeedPotion"},{"floor":25.0,"key":"Weak Potion"}],"is_trial":false,"path_per_floor":["M","?","?","M","M","?","R","M","T","E","R","T","R","$","R","B",null,"M","?","$","M","M","E","R","M","T","R","E","M","M","?","R","B",null,"M"],"character_chosen":"TWI_CLASS","items_purchased":["Toolbox","BigDeal"],"campfire_rested":0,"item_purchase_floors":[14,20],"current_hp_per_floor":[82,82,66,66,66,82,82,72,72,53,53,53,53,53,53,59,92,89,89,89,77,72,35,50,53,53,71,59,63,69,69,87,55,92,67,67],"gold":321,"neow_bonus":"THREE_CARDS","is_daily":false,"chose_seed":false,"campfire_upgraded":7,"win_rate":0.0,"timestamp":1609731663,"path_taken":["M","?","?","M","M","?","R","?","T","E","R","?","R","?","R","BOSS","M","?","?","M","M","E","R","?","T","R","E","M","M","?","R","BOSS","M"],"items_purchased_type":["Relic","Card"],"build_version":"2020-12-22","purchased_purges":1,"victory":false,"max_hp_per_floor":[82,82,82,82,82,82,82,82,82,92,92,92,92,92,92,92,92,92,92,92,92,92,92,92,92,92,92,92,92,92,92,92,92,92,92,92],"relic_stats":{"Gremlin Horn":[5,5],"counters":[3,20],"Eternal Feather":18,"Tiny Chest":0,"Boot":[7],"obtain_stats":[{"Pear":0,"Gremlin Horn":0,"Velvet Choker":34,"The_element_of_harmony":0,"Eternal Feather":0,"Pyrelight":0,"theSenshi:FeatherClipsRelic":0,"Omamori":0,"Boot":0,"Calling Bell":0,"Toolbox":0,"Tiny Chest":0,"Bottled Lightning":0,"Hyacinth":31,"Pocketwatch":0},{"Pear":0,"Gremlin Horn":0,"Velvet Choker":2,"The_element_of_harmony":0,"Eternal Feather":0,"Pyrelight":0,"theSenshi:FeatherClipsRelic":0,"Omamori":0,"Boot":0,"Calling Bell":0,"Toolbox":0,"Tiny Chest":0,"Bottled Lightning":0,"Hyacinth":1,"Pocketwatch":0},{"Pear":0,"Gremlin Horn":0,"Velvet Choker":14,"The_element_of_harmony":0,"Eternal Feather":0,"Pyrelight":0,"theSenshi:FeatherClipsRelic":0,"Omamori":0,"Boot":0,"Calling Bell":0,"Toolbox":0,"Tiny Chest":0,"Bottled Lightning":0,"Hyacinth":2,"Pocketwatch":0}],"Pocketwatch":[27]},"card_choices":[{"not_picked":["Smile","AllByMyself"],"picked":"Tornado","floor":0.0},{"not_picked":["Winterwrapup"],"picked":"Lasso","floor":1.0},{"not_picked":["Magic_Beam"],"picked":"FarmExpert","floor":1.0},{"not_picked":["FarmExpert"],"picked":"BehindTheScene","floor":4.0},{"not_picked":["Celebrities"],"picked":"Whining","floor":4.0},{"not_picked":["Anxiousness","Yay"],"picked":"SKIP","floor":5.0},{"not_picked":["Return_To_Past","Overwhelming"],"picked":"SKIP","floor":5.0},{"not_picked":["Laughter"],"picked":"GemstoneDetection","floor":8.0},{"not_picked":["FollowTherRainbow"],"picked":"Magic_Beam","floor":8.0},{"not_picked":["Lasso"],"picked":"HideCarefully","floor":10.0},{"not_picked":["Anxiousness"],"picked":"Charge","floor":10.0},{"not_picked":["LadiesDemeanor"],"picked":"HarmonyForm","floor":16.0},{"not_picked":["MessyAndOrderly"],"picked":"Stare","floor":16.0},{"not_picked":["ThunderCloud"],"picked":"AppleFever","floor":18.0},{"not_picked":["ThrowingApples+1"],"picked":"Magic","floor":18.0},{"not_picked":["RushToSky"],"picked":"Lasso","floor":21.0},{"not_picked":["Lasso","Louder+1"],"picked":"SKIP","floor":21.0},{"not_picked":["Anxiousness"],"picked":"AlloutStrike","floor":22.0},{"not_picked":["Perfectionism"],"picked":"RunningOfTheLeaves","floor":22.0},{"not_picked":["Mischief"],"picked":"SonicRainbow","floor":23.0},{"not_picked":["Celebrities+1"],"picked":"Mischief+1","floor":23.0},{"not_picked":["BigDeal"],"picked":"AppleFever+1","floor":25.0},{"not_picked":["Charge+1"],"picked":"KillingWithKindness+1","floor":25.0},{"not_picked":["Magic_Beam"],"picked":"Laughter","floor":28.0},{"not_picked":["SwiftKick","Return_To_Past"],"picked":"SKIP","floor":28.0},{"not_picked":["FarmExpert"],"picked":"MirrorLake","floor":29.0},{"not_picked":["ThunderCloud","Celebrities"],"picked":"SKIP","floor":29.0},{"not_picked":["ISayNo"],"picked":"AllByMyself","floor":30.0},{"not_picked":["GemstoneDetection"],"picked":"CheerUp","floor":30.0},{"not_picked":["Harmanyblast"],"picked":"HarmonyForm","floor":33.0}],"player_experience":217637,"relics_obtained":[{"floor":9.0,"key":"theSenshi:FeatherClipsRelic"},{"floor":10.0,"key":"Pear"},{"floor":12.0,"key":"Omamori"},{"floor":17.0,"key":"Boot"},{"floor":17.0,"key":"Eternal Feather"},{"floor":17.0,"key":"Pocketwatch"},{"floor":23.0,"key":"Gremlin Horn"},{"floor":26.0,"key":"Tiny Chest"},{"floor":28.0,"key":"Bottled Lightning"}],"event_choices":[{"damage_healed":0.0,"max_hp_gain":0.0,"max_hp_loss":0.0,"gold_gain":0.0,"event_name":"Shining Light","player_choice":"Entered Light","floor":3.0,"gold_loss":0.0,"damage_taken":16.0,"cards_upgraded":["Lasso","FarmExpert"]},{"damage_healed":16.0,"max_hp_gain":0.0,"max_hp_loss":0.0,"gold_gain":0.0,"event_name":"Wheel of Change","player_choice":"Full Heal","floor":6.0,"gold_loss":0.0,"damage_taken":0.0},{"damage_healed":0.0,"max_hp_gain":0.0,"max_hp_loss":0.0,"gold_gain":0.0,"event_name":"The Woman in Blue","player_choice":"Bought 3 Potions","floor":19.0,"gold_loss":0.0,"damage_taken":0.0},{"damage_healed":0.0,"max_hp_gain":0.0,"max_hp_loss":0.0,"gold_gain":0.0,"event_name":"Addict","player_choice":"Stole Relic","floor":31.0,"gold_loss":0.0,"damage_taken":0.0,"relics_obtained":["Hyacinth"],"cards_obtained":["Shame"]}],"is_beta":false,"boss_relics":[{"not_picked":["Cursed Key","Pandora\u0027s Box"],"picked":"Calling Bell"},{"not_picked":["Runic Dome","Coffee Dripper"],"picked":"Velvet Choker"}],"items_purged_floors":[14],"is_endless":false,"potions_floor_spawned":[4,5,10,22,23,25,29,30],"killed_by":"3 Darklings","ascension_level":0}}