{"host":"0cm5wy4nhuju7tij","time":1609746333,"event":{"mods":["2.2 Compatiblity","AchievementEnabler","Arknights The Spire","Aspiration","BaseMod","Better Third Choice","BetterRewards","CCEM","CapriCore","Colored Powertips","Custom Start","Displayed Cursed Tome","Downfall","Energized Spire","Evolution","Filter the Spire","Fireblade Mod","Hermit","Highlight Path","Jess\u0027s Bottle","Minty Spire (QoL Compilation)","Permanent Neow","Railgun Mod","Relic Stats","Shop Mod","Spicy Shops","StSLib","The Cursed","The Servant 0.9.4"],"gold_per_floor":[115,127,227,52,62,62,75,75,157,157,186,13,47,67,67,164,164,182,182,201,227,247,247,247,262,262,262,280,296,42,61,61,166,166,195,195,223,282,329,341,392,404,416,450,8,27,71,71,71,71,71,71,14,50,50,50],"floor_reached":55,"playtime":3980,"items_purged":[],"score":821,"play_id":"d89ffe21-3b2a-44e1-8b37-0aa525bcc428","local_time":"20210104024533","is_ascension_mode":true,"campfire_choices":[{"data":"TheCursedMod:CircleOfAbyss","floor":6.0,"key":"SMITH"},{"data":"TheCursedMod:CursedStaff","floor":8.0,"key":"SMITH"},{"data":"TheCursedMod:CursedBlade","floor":10.0,"key":"SMITH"},{"floor":15.0,"key":"REST"},{"data":"TheCursedMod:CollectTribute","floor":23,"key":"SMITH"},{"floor":32,"key":"REST"},{"floor":40,"key":"REST"},{"floor":42,"key":"REST"},{"floor":49,"key":"RECALL"}],"circlet_count":0,"master_deck":["TheCursedMod:CursedWand","TheCursedMod:CleanUpWorkshop","TheCursedMod:CursedShiv","TheCursedMod:Wield","TheCursedMod:ManaBullet","TheCursedMod:CircleOfFlame","TheCursedMod:CircleOfWindfury","TheCursedMod:CircleOfCorruption","TheCursedMod:CircleOfAbyss+1","Finesse","TheCursedMod:AntiAging","TheCursedMod:CursedMace","TheCursedMod:CursedBlade+1","TheCursedMod:CursedStaff+1","TheCursedMod:Stretching","TheCursedMod:CircleOfFlame","TheCursedMod:CircleOfCorruption","TheCursedMod:CircleOfFlame","TheCursedMod:CollectTribute+1","TheCursedMod:EmpowerCircles","TheCursedMod:ShockAndAwe","TheCursedMod:SmokeScreen","TheCursedMod:Torture","TheCursedMod:Stretching+1","TheCursedMod:CursedBoomerang","TheCursedMod:FleshFromBone","TheCursedMod:LuckyCharm","TheCursedMod:SmokeScreen","TheCursedMod:LuckyCharm+1","TheCursedMod:VoidForm","TheCursedMod:VitalStrike+1","TheCursedMod:AbyssShockwave+1","TheCursedMod:HellsGateOpen+1","TheCursedMod:SoulReap","TheCursedMod:RapidMovement+1","TheCursedMod:DoubleShield","TheCursedMod:DarkBarrier","TheCursedMod:CollectTribute","TheCursedMod:SmokeScreen","TheCursedMod:VitalStrike+1","TheCursedMod:OutForBlood"],"relics":["TheCursedMod:MagicCandle","jessBottle:WaterBottleRelic","Strange Spoon","aspiration:StickyExplosives_weak","CCEMRelics:DissonantTune","Vajra","Tiny Chest","Philosopher\u0027s Stone","CCEMRelics:JestersCrown","Shuriken","Nloth\u0027s Gift","CeramicFish","Snecko Eye","CCEMRelics:OrganicArmor","MawBank","Lantern","Molten Egg 2","Omamori","CCEMRelics:WhiteRose","Pen Nib"],"acts_visited":["Exordium","TheCity","TheBeyond","TheEnding"],"potions_floor_usage":[33],"damage_taken":[{"damage":0.0,"enemies":"2 Louse","floor":1.0,"turns":1.0},{"damage":0.0,"enemies":"Cultist","floor":2.0,"turns":2.0},{"damage":7.0,"enemies":"Small Slimes","floor":5.0,"turns":2.0},{"damage":16.0,"enemies":"Gremlin Gang","floor":7.0,"turns":2.0},{"damage":6.0,"enemies":"Gremlin Nob","floor":11.0,"turns":3.0},{"damage":11.0,"enemies":"Lagavulin","floor":13.0,"turns":3.0},{"damage":8.0,"enemies":"Exordium Thugs","floor":14.0,"turns":3.0},{"damage":17.0,"enemies":"The Guardian","floor":16.0,"turns":5.0},{"damage":0,"enemies":"3 Byrds","floor":18,"turns":2},{"damage":0,"enemies":"Shell Parasite","floor":20,"turns":2},{"damage":3,"enemies":"Sentry and Sphere","floor":22,"turns":3},{"damage":0,"enemies":"Snake Plant","floor":25,"turns":3},{"damage":0,"enemies":"3 Cultists","floor":28,"turns":2},{"damage":12,"enemies":"Chosen and Byrds","floor":29,"turns":4},{"damage":31,"enemies":"Centurion and Healer","floor":31,"turns":3},{"damage":34,"enemies":"Champ","floor":33,"turns":7},{"damage":18,"enemies":"Orb Walker","floor":35,"turns":3},{"damage":10,"enemies":"3 Darklings","floor":37,"turns":4},{"damage":0,"enemies":"Mind Bloom Boss Battle","floor":38,"turns":3},{"damage":53,"enemies":"Reptomancer","floor":41,"turns":6},{"damage":3,"enemies":"Transient","floor":44,"turns":5},{"damage":28,"enemies":"Writhing Mass","floor":46,"turns":4},{"damage":12,"enemies":"Nemesis","floor":47,"turns":5},{"damage":2,"enemies":"Donu and Deca","floor":50,"turns":7},{"damage":41,"enemies":"Shield and Spear","floor":54,"turns":6},{"damage":92,"enemies":"The Heart","floor":55,"turns":6}],"seed_played":"7464157805072724263","potions_obtained":[{"floor":5.0,"key":"Slimebound:ThreeZeroPotion"},{"floor":11.0,"key":"Swift Potion"},{"floor":14.0,"key":"GamblersBrew"},{"floor":18,"key":"Guardian:BlockOnCardUsePotion"},{"floor":33,"key":"SneckoOil"}],"is_trial":false,"path_per_floor":["M","M","?","$","M","R","M","R","T","R","E","$","E","M","R","B",null,"M","?","M","T","M","R","T","M","T","?","M","M","$","M","R","B",null,"M","?","M","?","T","R","E","R","T","M","$","M","E","?","R","B",null,"R","$","E","B"],"character_chosen":"THE_CURSED","items_purchased":["TheCursedMod:CursedStaff","Strange Spoon","Vajra","TheCursedMod:CircleOfFlame","CeramicFish","TheCursedMod:LuckyCharm","TheCursedMod:SmokeScreen","TheCursedMod:DoubleShield","Molten Egg 2","Omamori","TheCursedMod:SmokeScreen","TheCursedMod:VitalStrike+1"],"campfire_rested":4,"item_purchase_floors":[4,4,12,12,30,30,30,45,45,45,53,53],"current_hp_per_floor":[77,77,77,77,72,72,56,56,56,56,52,52,43,37,62,49,89,89,89,91,91,90,90,90,90,90,90,90,80,80,51,80,48,99,81,81,73,73,73,101,50,80,80,97,97,69,72,98,98,105,107,107,107,68,0,0],"gold":50,"neow_bonus":"ONE_RANDOM_RARE_CARD","is_daily":false,"chose_seed":false,"campfire_upgraded":4,"win_rate":0.0,"timestamp":1609746333,"path_taken":["M","M","?","$","M","R","M","R","T","R","E","?","E","M","R","BOSS","M","?","?","?","M","R","?","M","T","?","M","M","$","M","R","BOSS","M","?","M","?","?","R","E","R","T","M","$","M","E","?","R","BOSS","R","$","E","BOSS"],"items_purchased_type":["Card","Relic","Relic","Card","Relic","Card","Card","Card","Relic","Relic","Card","Card"],"build_version":"2020-12-22","purchased_purges":0,"victory":false,"max_hp_per_floor":[77,77,77,77,79,79,79,79,79,79,81,81,83,85,85,89,89,89,89,91,91,93,93,93,93,93,93,93,95,95,97,97,99,99,99,99,101,101,101,101,103,103,103,105,105,105,105,105,105,107,107,107,107,109,111,111],"relic_stats":{"Strange Spoon":[17],"counters":[26,96],"Shuriken":[24],"CeramicFish":135,"Snecko Eye":[91,66,61,75],"Tiny Chest":2,"Pen Nib":[1],"Nloth\u0027s Gift":1,"MawBank":72,"obtain_stats":[{"Lantern":41,"CeramicFish":30,"Vajra":12,"Pen Nib":54,"aspiration:HummingbirdHeart":24,"Omamori":45,"EVO:Axolotl":0,"TheCursedMod:MagicCandle":0,"MawBank":39,"aspiration:StickyExplosives_weak":9,"Strange Spoon":4,"Shuriken":26,"CCEMRelics:DissonantTune":11,"Snecko Eye":34,"Tiny Chest":13,"Philosopher\u0027s Stone":17,"Molten Egg 2":45,"Nloth\u0027s Gift":27,"CCEMRelics:WhiteRose":47,"jessBottle:WaterBottleRelic":0,"CCEMRelics:JestersCrown":21,"CCEMRelics:OrganicArmor":38},{"Lantern":20,"CeramicFish":14,"Vajra":5,"Pen Nib":25,"aspiration:HummingbirdHeart":11,"Omamori":21,"EVO:Axolotl":0,"TheCursedMod:MagicCandle":0,"MawBank":19,"aspiration:StickyExplosives_weak":4,"Strange Spoon":2,"Shuriken":12,"CCEMRelics:DissonantTune":5,"Snecko Eye":16,"Tiny Chest":6,"Philosopher\u0027s Stone":8,"Molten Egg 2":21,"Nloth\u0027s Gift":12,"CCEMRelics:WhiteRose":23,"jessBottle:WaterBottleRelic":0,"CCEMRelics:JestersCrown":10,"CCEMRelics:OrganicArmor":19},{"Lantern":63,"CeramicFish":37,"Vajra":10,"Pen Nib":90,"aspiration:HummingbirdHeart":28,"Omamori":68,"EVO:Axolotl":0,"TheCursedMod:MagicCandle":0,"MawBank":57,"aspiration:StickyExplosives_weak":7,"Strange Spoon":3,"Shuriken":31,"CCEMRelics:DissonantTune":10,"Snecko Eye":47,"Tiny Chest":13,"Philosopher\u0027s Stone":21,"Molten Egg 2":68,"Nloth\u0027s Gift":31,"CCEMRelics:WhiteRose":77,"jessBottle:WaterBottleRelic":0,"CCEMRelics:JestersCrown":25,"CCEMRelics:OrganicArmor":57}]},"card_choices":[{"not_picked":["TheCursedMod:RavingStaff","TheCursedMod:Stigma"],"picked":"TheCursedMod:CursedMace","floor":1.0},{"not_picked":["TheCursedMod:CircleOfAmplification","TheCursedMod:Stretching"],"picked":"TheCursedMod:CursedBlade","floor":2.0},{"not_picked":["TheCursedMod:SpitefulStrike","TheCursedMod:ReleasedKnowledge"],"picked":"TheCursedMod:Stretching","floor":5.0},{"not_picked":["TheCursedMod:CursedAmulet","TheCursedMod:Obscuration"],"picked":"TheCursedMod:CircleOfFlame","floor":7.0},{"not_picked":["TheCursedMod:Mangle","TheCursedMod:ParallelWorld"],"picked":"TheCursedMod:CircleOfCorruption","floor":11.0},{"not_picked":["TheCursedMod:CursedBoomerang","TheCursedMod:WearCloak"],"picked":"TheCursedMod:CollectTribute","floor":13.0},{"not_picked":["TheCursedMod:Obscuration","TheCursedMod:Evocation"],"picked":"TheCursedMod:EmpowerCircles","floor":14.0},{"not_picked":["TheCursedMod:NeowsMight","TheCursedMod:ParallelWorld"],"picked":"TheCursedMod:ShockAndAwe","floor":16.0},{"not_picked":["TheCursedMod:VitalStrike","TheCursedMod:PrepareRite"],"picked":"TheCursedMod:SmokeScreen","floor":18},{"not_picked":["TheCursedMod:Mangle","TheCursedMod:ManaBullet"],"picked":"TheCursedMod:Evocation","floor":20},{"not_picked":["TheCursedMod:CircleOfCorruption","TheCursedMod:SpitefulStrike"],"picked":"TheCursedMod:Torture","floor":22},{"not_picked":["TheCursedMod:Wield","TheCursedMod:CursedBlade"],"picked":"TheCursedMod:Stretching+1","floor":25},{"not_picked":["TheCursedMod:Stigma","TheCursedMod:CursedStaff"],"picked":"TheCursedMod:CursedBoomerang","floor":28},{"not_picked":["TheCursedMod:Mangle","TheCursedMod:RapidMovement"],"picked":"TheCursedMod:FleshFromBone","floor":29},{"not_picked":["TheCursedMod:SurpriseAttack","TheCursedMod:ManaBullet+1"],"picked":"TheCursedMod:LuckyCharm+1","floor":31},{"not_picked":["TheCursedMod:CollectTribute","TheCursedMod:StunningStrike"],"picked":"TheCursedMod:VoidForm","floor":33},{"not_picked":["TheCursedMod:Wield+1","TheCursedMod:Mangle"],"picked":"TheCursedMod:VitalStrike+1","floor":35},{"not_picked":["TheCursedMod:CircleOfWindfury","TheCursedMod:CircleOfFlame"],"picked":"TheCursedMod:AbyssShockwave+1","floor":37},{"not_picked":["TheCursedMod:ManaBullet+1","TheCursedMod:CircleOfWindfury+1"],"picked":"TheCursedMod:HellsGateOpen+1","floor":38},{"not_picked":["TheCursedMod:CircleOfFlame+1","TheCursedMod:Torture+1"],"picked":"TheCursedMod:SoulReap","floor":41},{"not_picked":["TheCursedMod:CursedShiv+1","TheCursedMod:TacticalStrike+1"],"picked":"TheCursedMod:RapidMovement+1","floor":44},{"not_picked":["TheCursedMod:CursedSpellbook+1","TheCursedMod:FuryStrike+1"],"picked":"TheCursedMod:DarkBarrier","floor":46},{"not_picked":["TheCursedMod:AbyssShockwave+1","TheCursedMod:SpitefulStrike+1"],"picked":"TheCursedMod:CollectTribute","floor":47},{"not_picked":["TheCursedMod:CursedArmor","TheCursedMod:CursedBlade+1"],"picked":"TheCursedMod:OutForBlood","floor":54}],"player_experience":331895,"relics_obtained":[{"floor":0.0,"key":"jessBottle:WaterBottleRelic"},{"floor":9.0,"key":"aspiration:StickyExplosives_weak"},{"floor":11.0,"key":"CCEMRelics:DissonantTune"},{"floor":13.0,"key":"Tiny Chest"},{"floor":21,"key":"CCEMRelics:JestersCrown"},{"floor":24,"key":"aspiration:HummingbirdHeart"},{"floor":26,"key":"Shuriken"},{"floor":38,"key":"CCEMRelics:OrganicArmor"},{"floor":39,"key":"MawBank"},{"floor":41,"key":"Lantern"},{"floor":47,"key":"CCEMRelics:WhiteRose"},{"floor":54,"key":"Pen Nib"}],"event_choices":[{"damage_healed":0.0,"max_hp_gain":0.0,"max_hp_loss":0.0,"gold_gain":100.0,"event_name":"Golden Shrine","player_choice":"Pray","floor":3.0,"gold_loss":0.0,"damage_taken":0.0},{"damage_healed":0,"gold_gain":0,"player_choice":"Got Potions","damage_taken":0,"max_hp_gain":0,"max_hp_loss":0,"event_name":"Lab","floor":19,"gold_loss":0},{"damage_healed":0,"gold_gain":0,"player_choice":"Traded Relic","damage_taken":0,"relics_obtained":["Nloth\u0027s Gift"],"max_hp_gain":0,"max_hp_loss":0,"event_name":"N\u0027loth","floor":27,"relics_lost":["aspiration:HummingbirdHeart"],"gold_loss":0},{"cards_removed":["TheCursedMod:Evocation"],"damage_healed":0,"gold_gain":0,"player_choice":"Removed Skill","damage_taken":0,"max_hp_gain":0,"max_hp_loss":0,"event_name":"Falling","floor":36,"gold_loss":0},{"damage_healed":0,"gold_gain":0,"player_choice":"Fight","damage_taken":0,"max_hp_gain":0,"max_hp_loss":0,"event_name":"MindBloom","floor":38,"gold_loss":0},{"damage_healed":26,"gold_gain":0,"player_choice":"Writhe","damage_taken":0,"max_hp_gain":0,"max_hp_loss":0,"event_name":"Winding Halls","floor":48,"gold_loss":0,"cards_obtained":["Writhe"]}],"is_beta":false,"boss_relics":[{"not_picked":["Empty Cage","SacredBark"],"picked":"Philosopher\u0027s Stone"},{"not_picked":["CCEMRelics:GreenEgg","TheCursedMod:FourLeafCloverCharm"],"picked":"Snecko Eye"}],"items_purged_floors":[],"is_endless":false,"potions_floor_spawned":[5,11,14,18,20,22,31,33,35,38,44,54],"killed_by":"The Heart","ascension_level":1}}