{"host":"7z347kdhnquy3q4q","time":1609719429,"event":{"mods":["Act Like it!","Aspiration","BaseMod","Downfall","Hubris","Infinite Spire","Minty Spire (QoL Compilation)","MostiFishMod","Pale of the Ancients","Permanent Neow","Potionbrewer","Replay The Spire","Robot Space Explorer","Spicy Shops","StSLib","Wandering Minibosses","vexMod"],"gold_per_floor":[113,123,29,43,43,43,77,77,77,77,105,116,149,226,226,305,305,321,336,347,360,68,96,96,96,96,17,17,46,46,21,21,99,99,112,122,122,139,153,171,204,62,87,102,102,102,102,122,122,122,122,133,149,149,449,449,462,462,462,462,462],"floor_reached":62,"playtime":3016,"items_purged":["Injury","Writhe","Decay"],"score":3187,"play_id":"cd3d21f3-f417-4512-8436-1e16e56e9f60","local_time":"20210103181709","is_ascension_mode":true,"campfire_choices":[{"data":"RobotSpaceExplorer:Blitz","floor":6,"key":"SMITH"},{"data":"RobotSpaceExplorer:Discharger","floor":8,"key":"SMITH"},{"data":"RobotSpaceExplorer:GearShield","floor":10,"key":"SMITH"},{"floor":15,"key":"REST"},{"data":"Midas Touch","floor":25,"key":"SMITH"},{"floor":32,"key":"DIG"},{"data":"Replay:SS_hec_2","floor":47,"key":"SMITH"},{"data":"RobotSpaceExplorer:Fix","floor":49,"key":"SMITH"},{"data":"RobotSpaceExplorer:DualCore","floor":56,"key":"SMITH"},{"data":"potionbrewer:ChokingPowder","floor":58,"key":"SMITH"}],"circlet_count":0,"master_deck":["AscendersBane","RobotSpaceExplorer:Strike","RobotSpaceExplorer:Strike","RobotSpaceExplorer:Strike","RobotSpaceExplorer:Defend","RobotSpaceExplorer:Defend","RobotSpaceExplorer:Defend","RobotSpaceExplorer:Scan","RobotSpaceExplorer:MiniLasers","RobotSpaceExplorer:FreezingShield","RobotSpaceExplorer:Blitz+1","RobotSpaceExplorer:Discharger+1","RobotSpaceExplorer:SurgingStrike","RobotSpaceExplorer:GearShield+1","RobotSpaceExplorer:Asteroid+1","RobotSpaceExplorer:ShockMissile+1","RobotSpaceExplorer:DualCore+1","RobotSpaceExplorer:Probe+1","RobotSpaceExplorer:ShockMissile+1","RobotSpaceExplorer:MiniDrones+1","RobotSpaceExplorer:FrostMissile+1","RobotSpaceExplorer:MiniDrones+1","RobotSpaceExplorer:Fix+1","Dark Shackles","Midas Touch+1","expansioncontent:QuickStudy","RobotSpaceExplorer:StarLightning+1","RobotSpaceExplorer:ShockMissile+1","potionbrewer:ChokingPowder+1","RobotSpaceExplorer:MetalStrike+1","RobotSpaceExplorer:Multitool+1","RobotSpaceExplorer:PlasmaMissile+1","RobotSpaceExplorer:FreezeRay","RobotSpaceExplorer:Pulsar","RobotSpaceExplorer:Explosion+1","RobotSpaceExplorer:Pulsar","RobotSpaceExplorer:PlasmaMissile+1","Parasite","RobotSpaceExplorer:MiniDrones+1","Replay:SS_hec_2+1","MostiFishMod:ButterFly+1","MostiFishMod:JungleRules+1","RobotSpaceExplorer:StarLightning+1","RobotSpaceExplorer:Blitz+1","RobotSpaceExplorer:PowerGlove","RobotSpaceExplorer:StarLightning+1","RobotSpaceExplorer:ScrapToss+1","RobotSpaceExplorer:MiniDrones+1","RobotSpaceExplorer:Smokescreen+1","RobotSpaceExplorer:Pulsar+1","RobotSpaceExplorer:PowerGlove+1","expansioncontent:DecasProtection+1","MostiFishMod:JungleRules+1","RobotSpaceExplorer:BigMissile+1"],"relics":["RobotSpaceExplorer:RoboCore","DaveBox","DianDianMeat","SynthV:TestCard","ReplayTheSpireMod:CursedCoin","Simple Rune","Molten Egg 2","infinitespire:Lucky Rock","infinitespire:Bottled Soul","vexMod:PlasmaPancake","Replay:Kaleidoscope","ShadowXiaoBlade","Replay:Rubber Ducky","ReplayTheSpireMod:ShopPack","hubris:ToyBattleship","Golden Egg","Strawberry","Gremlin Horn","vexMod:HeadHunter","JellyFishMachine","infinitespire:WardingShard","hubris:BlackHole","RobotSpaceExplorer:FoglandsKnife","Toy Ornithopter","RobotSpaceExplorer:ClockworkSextant","wanderingMiniBosses:AbyssPearl","paleoftheancients:Timepiece","paleoftheancients:KeyRelic","Ice Cream","CultistMask","paleoftheancients:SoulOfTheShapes","hubris:Icosahedron","hubris:NiceRug","Mercury Hourglass","Replay:WaspNest","ChiLing","Chi","Ling","Replay:Baseball","Blood Vial","OrangePellets","aspiration:HummingbirdHeart"],"acts_visited":["Exordium","TheCity","TheBeyond","TheBeyond"],"potions_floor_usage":[16,18,20,35,38,41,48,57],"damage_taken":[{"damage":7,"enemies":"Cultist","floor":1,"turns":4},{"damage":0,"enemies":"Jaw Worm","floor":2,"turns":5},{"damage":0,"enemies":"2 Louse","floor":4,"turns":2},{"damage":10,"enemies":"3 Sentries","floor":7,"turns":7},{"damage":20,"enemies":"Lagavulin","floor":11,"turns":7},{"damage":8,"enemies":"Blue Slaver","floor":12,"turns":3},{"damage":0,"enemies":"Gremlin Nob","floor":13,"turns":3},{"damage":9,"enemies":"The Guardian","floor":16,"turns":12},{"damage":16,"enemies":"2 Thieves","floor":18,"turns":5},{"damage":0,"enemies":"3 Byrds","floor":19,"turns":3},{"damage":4,"enemies":"Snake Plant","floor":20,"turns":3},{"damage":0,"enemies":"Sentry and Sphere","floor":21,"turns":3},{"damage":0,"enemies":"Replay:Snechameleon","floor":23,"turns":4},{"damage":0,"enemies":"Gremlin Leader","floor":29,"turns":4},{"damage":2,"enemies":"hubris:MusketHawk","floor":33,"turns":4},{"damage":5,"enemies":"3 Darklings","floor":35,"turns":2},{"damage":14,"enemies":"3 Shapes","floor":36,"turns":1},{"damage":0,"enemies":"Transient","floor":38,"turns":6},{"damage":0,"enemies":"Sphere and 2 Shapes","floor":39,"turns":2},{"damage":0,"enemies":"Jaw Worm Horde","floor":40,"turns":2},{"damage":0,"enemies":"R_Hoarder","floor":41,"turns":5},{"damage":0,"enemies":"Writhing Mass","floor":44,"turns":2},{"damage":0,"enemies":"Maw","floor":48,"turns":5},{"damage":36,"enemies":"Awakened One","floor":50,"turns":7},{"damage":40,"enemies":"Donu and Deca","floor":51,"turns":6},{"damage":6,"enemies":"Donu and Deca","floor":52,"turns":7},{"damage":16,"enemies":"Donu and Deca","floor":53,"turns":6},{"damage":0,"enemies":"hubris:Merchant","floor":55,"turns":5},{"damage":2,"enemies":"hubris:Merchant","floor":57,"turns":5},{"damage":10,"enemies":"paleoftheancients:N","floor":61,"turns":10}],"seed_played":"-2041114836403871184","potions_obtained":[{"floor":1,"key":"SkillPotion"},{"floor":13,"key":"Elixir"},{"floor":16,"key":"sneckomod:MuddlingPotion"},{"floor":19,"key":"Block Potion"},{"floor":21,"key":"Elixir"},{"floor":36,"key":"Elixir"},{"floor":39,"key":"RobotSpaceExplorer:LiquidFusion"},{"floor":44,"key":"Slimebound:ThreeZeroPotion"},{"floor":55,"key":"hexamod:EctoCoolerPotion"},{"floor":55,"key":"potionbrewer:HastePotion"}],"is_trial":false,"path_per_floor":["M","M","$","M","?","R","E","R","T","R","E","M","E","?","R","B",null,"M","M","M","M","$","E","?","R","T","$","?","E","AVR","?","R","B",null,"M","M","?","M","M","M","E","$","T","M","?","?","R","M","R","B","B","M","M","?","$","R","M","R","T","?","B",null],"character_chosen":"RobotSpaceExplorer","items_purchased":["ReplayTheSpireMod:CursedCoin","Simple Rune","RobotSpaceExplorer:Discharger","RobotSpaceExplorer:SurgingStrike","Replay:Rubber Ducky","ReplayTheSpireMod:ShopPack","RobotSpaceExplorer:ShockMissile+1","RobotSpaceExplorer:PlasmaMissile+1"],"campfire_rested":1,"item_purchase_floors":[3,3,3,3,22,22,27,42],"current_hp_per_floor":[58,60,72,78,85,85,83,83,83,83,78,80,91,91,131,134,145,142,156,167,183,237,257,278,278,285,307,330,366,366,366,366,389,399,420,433,461,490,528,563,628,662,662,733,837,877,877,931,931,905,924,972,1016,1016,1349,1349,1402,1402,1402,1402,1403],"gold":462,"neow_bonus":"REMOVE_TWO","is_daily":false,"chose_seed":false,"campfire_upgraded":8,"win_rate":0.0,"timestamp":1609719429,"path_taken":["M","?","$","M","?","R","E","R","T","R","E","M","E","?","R","BOSS","M","M","M","M","$","E","?","R","T","?","?","E","AVR","?","R","BOSS","M","M","?","?","M","M","E","$","T","M","?","?","R","M","R","BOSS","BOSS","M","M","?","$","R","M","R","T","?","BOSS"],"items_purchased_type":["Relic","Relic","Card","Card","Relic","Relic","Card","Card"],"build_version":"2020-12-22","purchased_purges":3,"victory":true,"max_hp_per_floor":[65,67,79,85,92,92,100,100,100,100,115,125,136,136,136,148,148,161,175,190,206,260,280,301,301,308,330,353,377,377,377,377,402,402,428,455,483,512,542,573,638,672,672,743,857,897,897,938,938,938,938,980,1023,1023,1352,1352,1403,1403,1403,1403,1403],"card_choices":[{"not_picked":["RobotSpaceExplorer:SurgingShield","RobotSpaceExplorer:DoubleFind"],"picked":"RobotSpaceExplorer:FreezingShield","floor":1},{"not_picked":["RobotSpaceExplorer:ScrapShield","RobotSpaceExplorer:Probe","RobotSpaceExplorer:MiniDrones","RobotSpaceExplorer:MetalStrike"],"picked":"RobotSpaceExplorer:Blitz","floor":2},{"not_picked":["RobotSpaceExplorer:SwiftStep","RobotSpaceExplorer:StunGrenade","RobotSpaceExplorer:SurgingShield","RobotSpaceExplorer:ShockKick"],"picked":"RobotSpaceExplorer:GearShield","floor":4},{"not_picked":["RobotSpaceExplorer:ScrapShield","RobotSpaceExplorer:GlueSpray","RobotSpaceExplorer:PowerGlove","RobotSpaceExplorer:MiniDrones+1"],"picked":"RobotSpaceExplorer:Asteroid+1","floor":7},{"not_picked":["RobotSpaceExplorer:ScrapToss+1","RobotSpaceExplorer:ShockKick+1","RobotSpaceExplorer:DoubleFind","RobotSpaceExplorer:FreezingShield"],"picked":"RobotSpaceExplorer:ShockMissile+1","floor":11},{"not_picked":["RobotSpaceExplorer:SurgingShield","RobotSpaceExplorer:ImprovisedAttack+1","RobotSpaceExplorer:MakeshiftVolley+1","RobotSpaceExplorer:Ammunition"],"picked":"RobotSpaceExplorer:DualCore","floor":12},{"not_picked":["RobotSpaceExplorer:StarDust","RobotSpaceExplorer:Electroshield","RobotSpaceExplorer:ShockKick+1","RobotSpaceExplorer:GlueShot"],"picked":"RobotSpaceExplorer:Probe+1","floor":13},{"not_picked":["RobotSpaceExplorer:BlastShield","RobotSpaceExplorer:DroneSwarm","RobotSpaceExplorer:Autoloader","RobotSpaceExplorer:Blaster+1"],"picked":"RobotSpaceExplorer:ShockMissile+1","floor":16},{"not_picked":["RobotSpaceExplorer:RigExplosive","RobotSpaceExplorer:Blitz+1","RobotSpaceExplorer:Electroshield","RobotSpaceExplorer:ShockKick+1"],"picked":"RobotSpaceExplorer:MiniDrones+1","floor":18},{"not_picked":["RobotSpaceExplorer:Reload","RobotSpaceExplorer:SurgingStrike+1","RobotSpaceExplorer:Counterblock","RobotSpaceExplorer:Pulsar"],"picked":"RobotSpaceExplorer:FrostMissile+1","floor":19},{"not_picked":["RobotSpaceExplorer:ImprovisedAttack+1","RobotSpaceExplorer:SurgingStrike+1","RobotSpaceExplorer:FranticSearch","RobotSpaceExplorer:ShovelStrike+1"],"picked":"RobotSpaceExplorer:MiniDrones+1","floor":20},{"not_picked":["RobotSpaceExplorer:Pulsar","RobotSpaceExplorer:MetalStrike+1","RobotSpaceExplorer:SlimeMissile+1","RobotSpaceExplorer:FranticSearch"],"picked":"RobotSpaceExplorer:Fix","floor":21},{"not_picked":["expansioncontent:PrepareCrush","Specialist","Violence","ReplayTheSpireMod:Trickstab"],"picked":"Dark Shackles","floor":22},{"not_picked":["Metamorphosis","Panache","The Bomb","HandOfGreed"],"picked":"Midas Touch","floor":22},{"not_picked":["ReplayTheSpireMod:Private Reserves","Replay:SS_hec_4","MostiFishMod:StoryBook","ReplayTheSpireMod:Uncanny Aura"],"picked":"expansioncontent:QuickStudy","floor":22},{"not_picked":["RobotSpaceExplorer:Jetpack","RobotSpaceExplorer:SurgingShield","RobotSpaceExplorer:Scanner","RobotSpaceExplorer:GearShield"],"picked":"RobotSpaceExplorer:StarLightning+1","floor":23},{"not_picked":["RobotSpaceExplorer:GearShield","RobotSpaceExplorer:SlimeMissile+1","RobotSpaceExplorer:DoubleBlock","RobotSpaceExplorer:Counterblock"],"picked":"RobotSpaceExplorer:MetalStrike+1","floor":29},{"not_picked":["RobotSpaceExplorer:Exploration","RobotSpaceExplorer:Accelerator","RobotSpaceExplorer:DroneSwarm","RobotSpaceExplorer:Arsenal"],"picked":"RobotSpaceExplorer:Multitool","floor":33},{"not_picked":["RobotSpaceExplorer:StunGrenade+1","RobotSpaceExplorer:FranticSearch+1","RobotSpaceExplorer:Pulsar","RobotSpaceExplorer:Probe+1"],"picked":"RobotSpaceExplorer:PlasmaMissile+1","floor":35},{"not_picked":["RobotSpaceExplorer:MetalStrike+1","RobotSpaceExplorer:ImprovisedAttack+1","RobotSpaceExplorer:ShockKick+1","RobotSpaceExplorer:SurgingStrike+1"],"picked":"RobotSpaceExplorer:FreezeRay","floor":36},{"not_picked":["RobotSpaceExplorer:MetalStrike+1","RobotSpaceExplorer:ScrapShield","RobotSpaceExplorer:Calculate+1","RobotSpaceExplorer:DualCore+1"],"picked":"RobotSpaceExplorer:Wormhole","floor":38},{"not_picked":["RobotSpaceExplorer:Electropulse+1","RobotSpaceExplorer:Blitz+1","RobotSpaceExplorer:ImprovisedAttack+1","RobotSpaceExplorer:PowerCollector"],"picked":"RobotSpaceExplorer:Pulsar","floor":39},{"not_picked":["RobotSpaceExplorer:FreezingShield","RobotSpaceExplorer:GearShield","RobotSpaceExplorer:StunGrenade+1","RobotSpaceExplorer:RigExplosive+1"],"picked":"RobotSpaceExplorer:Exploration","floor":40},{"not_picked":["RobotSpaceExplorer:Arsenal","RobotSpaceExplorer:Scanner"],"picked":"RobotSpaceExplorer:Explosion","floor":41},{"not_picked":["RobotSpaceExplorer:ScrapToss+1","RobotSpaceExplorer:GlueShot","RobotSpaceExplorer:ScrapMissile+1","RobotSpaceExplorer:SurgingStrike+1"],"picked":"RobotSpaceExplorer:Pulsar","floor":41},{"not_picked":["RobotSpaceExplorer:BigMissile+1","RobotSpaceExplorer:Probe+1","RobotSpaceExplorer:ImprovisedAttack+1","RobotSpaceExplorer:FranticSearch"],"picked":"RobotSpaceExplorer:MiniDrones+1","floor":44},{"not_picked":["expansioncontent:DefensiveMode","expansioncontent:DarkVoid+1","expansioncontent:GuardianWhirl+1","expansioncontent:Collect"],"picked":"Replay:SS_hec_2","floor":45},{"not_picked":["Survey Options","Purity","Replay:Sssssssssstrike+1","Good Instincts"],"picked":"MostiFishMod:ButterFly+1","floor":45},{"not_picked":["ReplayTheSpireMod:Trickstab+1","expansioncontent:DecasProtection","expansioncontent:ManipulateTime","MostiFishMod:SupremeArchaeology"],"picked":"MostiFishMod:JungleRules","floor":45},{"not_picked":["RobotSpaceExplorer:BigMissile+1","RobotSpaceExplorer:MakeshiftVolley+1","RobotSpaceExplorer:MiniDrones+1","RobotSpaceExplorer:SurgingStrike+1"],"picked":"RobotSpaceExplorer:Blitz+1","floor":48},{"not_picked":["RobotSpaceExplorer:Discharger","RobotSpaceExplorer:MetalStrike+1","RobotSpaceExplorer:Counterblock","RobotSpaceExplorer:MiniDrones+1"],"picked":"RobotSpaceExplorer:PowerGlove","floor":52},{"not_picked":["RobotSpaceExplorer:SurgingStrike+1","RobotSpaceExplorer:GearShield","RobotSpaceExplorer:LaserBurst+1","RobotSpaceExplorer:Discharger+1"],"picked":"RobotSpaceExplorer:StarLightning+1","floor":53},{"not_picked":[],"picked":"RobotSpaceExplorer:ScrapToss+1","floor":55},{"not_picked":[],"picked":"RobotSpaceExplorer:MiniDrones+1","floor":55},{"not_picked":[],"picked":"RobotSpaceExplorer:Smokescreen","floor":55},{"not_picked":[],"picked":"RobotSpaceExplorer:Pulsar","floor":55},{"not_picked":[],"picked":"RobotSpaceExplorer:PowerGlove","floor":55},{"not_picked":[],"picked":"expansioncontent:DecasProtection","floor":55},{"not_picked":[],"picked":"MostiFishMod:JungleRules","floor":55},{"not_picked":["RobotSpaceExplorer:Electropulse+1","RobotSpaceExplorer:SlimeMissile+1","RobotSpaceExplorer:Electroshield","RobotSpaceExplorer:SelfCleaning"],"picked":"RobotSpaceExplorer:BigMissile+1","floor":57}],"player_experience":1946994,"relics_obtained":[{"floor":1,"key":"SynthV:TestCard"},{"floor":7,"key":"infinitespire:Lucky Rock"},{"floor":9,"key":"infinitespire:Bottled Soul"},{"floor":11,"key":"vexMod:PlasmaPancake"},{"floor":13,"key":"Replay:Kaleidoscope"},{"floor":23,"key":"hubris:ToyBattleship"},{"floor":26,"key":"Strawberry"},{"floor":29,"key":"Gremlin Horn"},{"floor":32,"key":"infinitespire:WardingShard"},{"floor":41,"key":"RobotSpaceExplorer:FoglandsKnife"},{"floor":41,"key":"Toy Ornithopter"},{"floor":43,"key":"RobotSpaceExplorer:ClockworkSextant"},{"floor":48,"key":"wanderingMiniBosses:AbyssPearl"},{"floor":53,"key":"paleoftheancients:SoulOfTheShapes"},{"floor":55,"key":"Mercury Hourglass"},{"floor":55,"key":"Replay:WaspNest"},{"floor":55,"key":"ChiLing"},{"floor":55,"key":"Replay:Baseball"},{"floor":55,"key":"Blood Vial"},{"floor":55,"key":"OrangePellets"},{"floor":59,"key":"aspiration:HummingbirdHeart"}],"event_choices":[{"damage_healed":0,"gold_gain":77,"player_choice":"Gained Gold","damage_taken":0,"max_hp_gain":0,"max_hp_loss":0,"event_name":"Golden Wing","floor":14,"gold_loss":0},{"damage_healed":0,"gold_gain":0,"player_choice":"Opened","damage_taken":0,"relics_obtained":["Golden Egg"],"max_hp_gain":0,"max_hp_loss":0,"event_name":"The Mausoleum","floor":24,"gold_loss":0,"cards_obtained":["Writhe"]},{"damage_healed":0,"gold_gain":0,"player_choice":"Read","damage_taken":0,"max_hp_gain":0,"max_hp_loss":0,"event_name":"The Library","floor":28,"gold_loss":0,"cards_obtained":["potionbrewer:ChokingPowder"]},{"damage_healed":0,"gold_gain":0,"player_choice":"Cursed","damage_taken":0,"max_hp_gain":0,"max_hp_loss":0,"event_name":"Wheel of Change","floor":37,"gold_loss":0,"cards_obtained":["Decay"]},{"damage_healed":0,"gold_gain":0,"player_choice":"Memory 3","damage_taken":10,"max_hp_gain":0,"max_hp_loss":0,"event_name":"SensoryStone","floor":45,"gold_loss":0}],"is_beta":false,"boss_relics":[{"not_picked":["Honey Jar","TimeKeys"],"picked":"ShadowXiaoBlade"},{"not_picked":["NightmareShop","hubris:Stopwatch"],"picked":"hubris:BlackHole"}],"items_purged_floors":[22,30,42],"is_endless":false,"potions_floor_spawned":[1,13,16,19,21,36,39,44],"ascension_level":20}}