{"host":"vhvm1b4sel61ztfv","time":1609767210,"event":{"mods":["BaseMod","BetterRewards","Displayed Cursed Tome","Minty Spire (QoL Compilation)","Replay The Spire","StSLib"],"gold_per_floor":[150,189,234,291,125,206,206,287,313,313,11,11,107,137,137,422,422,452,488,413,301,346,346,436,511,511,11,47,101,206,248,248,542,542,596,644,695,564,291,291,378,378,378,459,555,639,714,813,1149,1149],"floor_reached":51,"playtime":3252,"items_purged":["Replay:Hysterical Blindness","ClearTheMind","DeusExMachina"],"score":1992,"play_id":"3ef05a23-1d67-4d09-bf12-f91b2c33f297","local_time":"20210104083330","daily_mods":["Draft","Vintage","Heirloom","Time Dilation","Flight","DeadlyEvents","Elite Swarm","Lethality","Midas"],"is_ascension_mode":true,"campfire_choices":[{"floor":7,"key":"REST"},{"floor":10,"key":"REST"},{"floor":15,"key":"REST"},{"floor":23,"key":"REST"},{"data":"1","floor":32,"key":"LIFT"},{"data":"2","floor":40,"key":"LIFT"},{"data":"3","floor":42,"key":"LIFT"}],"circlet_count":0,"master_deck":["AscendersBane","Replay:Hum","Replay:ManipulateFuture","JustLucky+1","BowlingBash","FollowUp","ThirdEye","Perseverance","Consecrate","WheelKick+1","ThirdEye","Halt","Vengeance","Weave","Swivel","Magnetism","CarveReality+1","DeceiveReality","Wireheading+1","Dramatic Entrance+1","Ragnarok+1","Tantrum+1","Fasting2","DevaForm","Weave+1","EmptyBody","CrushJoints+1","Consecrate+1"],"relics":["PureWater","replay:Trail_Library","GoldenEye","Molten Egg 2","Boot","Ornamental Fan","ReplayTheSpireMod:CursedCoin","Pear","Iron Hammer","Vajra","ClockworkSouvenir","Potion Belt","Centennial Puzzle","SacredBark","White Beast Statue","Quantum Egg","Matryoshka","Ginger","Art of War","Replay:Multitool","Replay:Wax Seal","Snack Pack","Blue Doll","Darkstone Periapt","Girya","Lantern","Runic Pyramid","MawBank","Yang","Whetstone","Frozen Eye","Melange","Replay:Bottled Flurry","Chameleon Ring","Mirror","ReplayTheSpireMod:Shallot","FossilizedHelix","Pen Nib","Regal Pillow","Shuriken"],"acts_visited":["Exordium","TheCity","TheBeyond"],"potions_floor_usage":[6,8,8,22,24,25,29,33,33,35,35,50,50,50,50],"damage_taken":[{"damage":0,"enemies":"2 Louse","floor":1,"turns":1},{"damage":0,"enemies":"Cultist","floor":2,"turns":2},{"damage":0,"enemies":"Jaw Worm","floor":3,"turns":1},{"damage":0,"enemies":"Exordium Wildlife","floor":4,"turns":2},{"damage":11,"enemies":"3 Sentries","floor":6,"turns":3},{"damage":25,"enemies":"Replay:BlueRogue","floor":8,"turns":4},{"damage":0,"enemies":"3 Sentries","floor":13,"turns":2},{"damage":0,"enemies":"Gremlin Gang","floor":14,"turns":2},{"damage":32,"enemies":"Hexaghost","floor":16,"turns":4},{"damage":24,"enemies":"2 Thieves","floor":18,"turns":2},{"damage":0,"enemies":"Spheric Guardian","floor":19,"turns":1},{"damage":0,"enemies":"Snecko","floor":22,"turns":2},{"damage":0,"enemies":"Gremlin Leader","floor":24,"turns":3},{"damage":20,"enemies":"Slavers","floor":25,"turns":2},{"damage":0,"enemies":"Centurion and Healer","floor":28,"turns":1},{"damage":0,"enemies":"Shelled Parasite and Fungi","floor":29,"turns":1},{"damage":5,"enemies":"Replay:Snechameleon","floor":30,"turns":2},{"damage":0,"enemies":"Snecko","floor":31,"turns":2},{"damage":29,"enemies":"Pondfish","floor":33,"turns":4},{"damage":0,"enemies":"3 Darklings","floor":35,"turns":2},{"damage":8,"enemies":"Orb Walker","floor":36,"turns":2},{"damage":0,"enemies":"Maw","floor":37,"turns":3},{"damage":1,"enemies":"Giant Head","floor":41,"turns":4},{"damage":0,"enemies":"Reptomancer","floor":44,"turns":2},{"damage":0,"enemies":"R_Hoarder","floor":45,"turns":3},{"damage":0,"enemies":"Nemesis","floor":46,"turns":1},{"damage":0,"enemies":"Reptomancer","floor":47,"turns":3},{"damage":0,"enemies":"Giant Head","floor":48,"turns":3},{"damage":22,"enemies":"Donu and Deca","floor":50,"turns":2}],"seed_played":"-1288757015599144675","potions_obtained":[{"floor":1,"key":"SpeedPotion"},{"floor":3,"key":"BottledMiracle"},{"floor":4,"key":"PowerPotion"},{"floor":8,"key":"Energy Potion"},{"floor":18,"key":"SteroidPotion"},{"floor":19,"key":"Adrenaline Potion"},{"floor":22,"key":"Venom Potion"},{"floor":24,"key":"Adrenaline Potion"},{"floor":25,"key":"Ancient Potion"},{"floor":28,"key":"Ambrosia"},{"floor":29,"key":"Elixir"},{"floor":30,"key":"FearPotion"},{"floor":33,"key":"Strength Potion"},{"floor":35,"key":"Fruit Juice"},{"floor":36,"key":"Weak Potion"},{"floor":37,"key":"Doom Potion"},{"floor":41,"key":"Regen Potion"},{"floor":44,"key":"LiquidBronze"}],"is_trial":true,"path_per_floor":["M","M","M","M","$","E","R","E","T","R","$","?","E","M","R","B",null,"M","M","?","$","M","R","E","E","T","$","M","M","E","M","R","B",null,"M","M","M","$","$","R","E","R","T","E","E","E","E","E","R","B",null],"character_chosen":"WATCHER","items_purchased":["ReplayTheSpireMod:CursedCoin","Magnetism","CarveReality+1","Wireheading+1","ClockworkSouvenir","Dramatic Entrance+1","Tantrum+1","Fasting2","Weave+1","Replay:Wax Seal","Snack Pack","EmptyBody","Frozen Eye","Melange"],"campfire_rested":4,"item_purchase_floors":[5,5,5,11,11,11,21,21,27,27,27,27,38,39],"current_hp_per_floor":[65,65,65,65,65,64,82,57,57,81,81,73,73,73,82,50,74,50,50,50,50,50,74,74,54,54,54,58,60,61,61,61,40,72,84,78,82,82,82,82,92,92,92,92,92,92,92,92,69,80],"gold":1149,"neow_bonus":"","is_daily":false,"chose_seed":false,"campfire_upgraded":0,"win_rate":0.0,"timestamp":1609767210,"path_taken":["M","M","M","M","$","E","R","E","T","R","$","?","E","M","R","BOSS","M","?","?","$","M","R","E","E","T","$","M","?","?","M","R","BOSS","M","M","?","$","$","R","E","R","T","E","?","E","E","E","R","BOSS"],"items_purchased_type":["Relic","Card","Card","Card","Relic","Card","Card","Card","Card","Relic","Relic","Card","Relic","Relic"],"build_version":"2020-12-22","purchased_purges":3,"victory":true,"max_hp_per_floor":[72,72,72,72,72,82,82,82,82,82,82,82,82,82,82,82,82,82,82,82,82,82,82,82,82,82,82,82,82,82,82,82,82,82,92,92,92,92,92,92,92,92,92,92,92,92,92,92,92,92],"card_choices":[{"not_picked":["Evaluate","EmptyBody"],"picked":"Replay:Hum","floor":0},{"not_picked":["Study","WindmillStrike"],"picked":"Replay:ManipulateFuture","floor":0},{"not_picked":["EmptyMind","WaveOfTheHand"],"picked":"JustLucky","floor":0},{"not_picked":["EmptyFist","Adaptation"],"picked":"FlurryOfBlows","floor":0},{"not_picked":["Replay:ManipulateFuture","EmptyBody"],"picked":"BowlingBash","floor":0},{"not_picked":["Protect","Replay:ManipulateFuture"],"picked":"FollowUp","floor":0},{"not_picked":["JustLucky","FollowUp"],"picked":"ThirdEye","floor":0},{"not_picked":["Halt","PathToVictory"],"picked":"Perseverance","floor":0},{"not_picked":["MentalFortress","FlurryOfBlows"],"picked":"Consecrate","floor":0},{"not_picked":["Replay:ManipulateFuture","FlurryOfBlows"],"picked":"WheelKick","floor":0},{"not_picked":["Replay:Cycle","FlyingSleeves"],"picked":"ThirdEye","floor":0},{"not_picked":["BowlingBash","EmptyFist"],"picked":"Halt","floor":0},{"not_picked":["CutThroughFate","Replay:BluntJabs"],"picked":"Vengeance","floor":0},{"not_picked":["FlyingSleeves","JustLucky"],"picked":"Weave","floor":0},{"not_picked":["SashWhip","Evaluate"],"picked":"Swivel","floor":0},{"not_picked":["ConjureBlade","Establishment","Omniscience"],"picked":"SKIP","floor":6},{"not_picked":["ConjureBlade","Replay:AllIn","Brilliance+1"],"picked":"SKIP","floor":8},{"not_picked":["Judgement","Ragnarok+1"],"picked":"DeusExMachina","floor":13},{"not_picked":["SpiritShield","Establishment"],"picked":"Ragnarok+1","floor":16},{"not_picked":["Establishment","Ragnarok+1"],"picked":"DevaForm","floor":24},{"not_picked":["Ragnarok+1","Wish","Scrawl"],"picked":"SKIP","floor":25},{"not_picked":["MasterReality","ConjureBlade","Replay:AllIn"],"picked":"SKIP","floor":30},{"not_picked":["DeusExMachina","Devotion","LessonLearned+1"],"picked":"SKIP","floor":41},{"not_picked":["Establishment","SpiritShield","Replay:LoomingThreat"],"picked":"SKIP","floor":44},{"not_picked":["LessonLearned+1","Judgement","Scrawl"],"picked":"SKIP","floor":45},{"not_picked":["DevaForm","Alpha","Scrawl"],"picked":"SKIP","floor":46},{"not_picked":["Alpha","Replay:LoomingThreat","Ragnarok+1"],"picked":"SKIP","floor":47},{"not_picked":["DeusExMachina","Ragnarok+1","LessonLearned+1"],"picked":"SKIP","floor":48},{"not_picked":["WreathOfFlame","Crescendo"],"picked":"CrushJoints+1","floor":49},{"not_picked":["EmptyBody","Conclude+1"],"picked":"Consecrate+1","floor":49}],"player_experience":108369,"relics_obtained":[{"floor":1,"key":"Molten Egg 2"},{"floor":2,"key":"Boot"},{"floor":4,"key":"Ornamental Fan"},{"floor":6,"key":"Pear"},{"floor":8,"key":"Iron Hammer"},{"floor":9,"key":"Vajra"},{"floor":13,"key":"Potion Belt"},{"floor":14,"key":"Centennial Puzzle"},{"floor":18,"key":"White Beast Statue"},{"floor":19,"key":"Quantum Egg"},{"floor":22,"key":"Matryoshka"},{"floor":24,"key":"Ginger"},{"floor":26,"key":"Art of War"},{"floor":26,"key":"Replay:Multitool"},{"floor":28,"key":"Blue Doll"},{"floor":29,"key":"Darkstone Periapt"},{"floor":30,"key":"Girya"},{"floor":31,"key":"Lantern"},{"floor":35,"key":"MawBank"},{"floor":36,"key":"Yang"},{"floor":37,"key":"Whetstone"},{"floor":41,"key":"Replay:Bottled Flurry"},{"floor":43,"key":"Chameleon Ring"},{"floor":43,"key":"Mirror"},{"floor":44,"key":"ReplayTheSpireMod:Shallot"},{"floor":45,"key":"FossilizedHelix"},{"floor":46,"key":"Pen Nib"},{"floor":47,"key":"Regal Pillow"},{"floor":48,"key":"Shuriken"}],"event_choices":[{"damage_healed":0,"gold_gain":0,"player_choice":"Damaged","damage_taken":8,"max_hp_gain":0,"max_hp_loss":0,"event_name":"Wheel of Change","floor":12,"gold_loss":0},{"cards_removed":["FlurryOfBlows"],"damage_healed":0,"gold_gain":0,"player_choice":"Gave Gold","damage_taken":0,"max_hp_gain":0,"max_hp_loss":0,"event_name":"Beggar","floor":20,"gold_loss":75}],"is_beta":false,"boss_relics":[{"not_picked":["Replay:Drink Me","Abe\u0027s Treasure"],"picked":"SacredBark"},{"not_picked":["VioletLotus","Tiny House"],"picked":"Runic Pyramid"}],"items_purged_floors":[5,27,39],"is_endless":false,"potions_floor_spawned":[1,3,4,8,18,19,22,24,25,28,29,30,31,33,35,36,37,41,44,45,46,47,48],"ascension_level":10}}