{"host":"Timothy","time":1609775453,"event":{"mods":["AchievementEnabler","BaseMod","Bestiary","Highlight Path","Minty Spire (QoL Compilation)","Quick Restart","Slay-I"],"gold_per_floor":[115,115,115,115,115,148,148,163,163,163,183,202,202,50,50,154,154,167,149,149,164,64,91,110,25,52,52,52,63,95,109,109,212,212,224,242,242,259,86,116,116,131,182,32,50,81,81,0,0,0],"floor_reached":51,"playtime":3956,"items_purged":["Defend_B","Strike_B","Zap+1","Coolheaded"],"score":770,"play_id":"d5fb320b-e3a9-49a8-9b9d-c886f50ce459","local_time":"20210104075053","is_ascension_mode":false,"campfire_choices":[{"floor":7.0,"key":"REST"},{"data":"Hologram","floor":10.0,"key":"SMITH"},{"data":"Defragment","floor":15.0,"key":"SMITH"},{"data":"Hologram","floor":28.0,"key":"SMITH"},{"data":"Fusion","floor":32.0,"key":"SMITH"},{"data":"Redo","floor":41,"key":"SMITH"},{"data":"Dualcast","floor":47,"key":"SMITH"},{"data":"Sadistic Nature","floor":49,"key":"SMITH"}],"circlet_count":0,"master_deck":["Defend_B","Defend_B","Defend_B","Dualcast+1","Steam","Conserve Battery","Hologram+1","Streamline+1","Fusion+1","Defragment+1","Reboot","Loop","Hologram+1","Meteor Strike+1","BootSequence","BootSequence+1","Sadistic Nature+1","Blind","Gash+1","Redo+1"],"relics":["Cracked Core","Anchor","Meat on the Bone","Nuclear Battery","Incense Burner","Unceasing Top","Regal Pillow","MutagenicStrength","Akabeko","Busted Crown","Whetstone","Pantograph","Red Mask"],"acts_visited":["TheCity","TheBeyond"],"potions_floor_usage":[50,50,50],"damage_taken":[{"damage":0.0,"enemies":"Jaw Worm","floor":1.0,"turns":7.0},{"damage":32.0,"enemies":"3 Sentries","floor":6.0,"turns":11.0},{"damage":0.0,"enemies":"Cultist","floor":8.0,"turns":4.0},{"damage":3.0,"enemies":"Small Slimes","floor":11.0,"turns":3.0},{"damage":0.0,"enemies":"3 Louse","floor":12.0,"turns":3.0},{"damage":15.0,"enemies":"The Guardian","floor":16.0,"turns":13.0},{"damage":0.0,"enemies":"Spheric Guardian","floor":18.0,"turns":3.0},{"damage":19.0,"enemies":"2 Thieves","floor":19.0,"turns":5.0},{"damage":17.0,"enemies":"Snake Plant","floor":21.0,"turns":4.0},{"damage":22.0,"enemies":"Book of Stabbing","floor":23.0,"turns":5.0},{"damage":5.0,"enemies":"Snecko","floor":24.0,"turns":5.0},{"damage":0.0,"enemies":"Centurion and Healer","floor":29.0,"turns":4.0},{"damage":10.0,"enemies":"Gremlin Leader","floor":30.0,"turns":5.0},{"damage":0.0,"enemies":"Snake Plant","floor":31.0,"turns":4.0},{"damage":5.0,"enemies":"Automaton","floor":33.0,"turns":9.0},{"damage":0.0,"enemies":"Orb Walker","floor":35.0,"turns":3.0},{"damage":0.0,"enemies":"3 Darklings","floor":36.0,"turns":4.0},{"damage":35.0,"enemies":"Transient","floor":38.0,"turns":5.0},{"damage":0,"enemies":"Giant Head","floor":40,"turns":6},{"damage":0,"enemies":"Jaw Worm Horde","floor":42,"turns":2},{"damage":0,"enemies":"Spire Growth","floor":45,"turns":2},{"damage":0,"enemies":"Nemesis","floor":46,"turns":5},{"damage":63,"enemies":"Donu and Deca","floor":50,"turns":14}],"seed_played":"-7115050169059218909","potions_obtained":[{"floor":8.0,"key":"DistilledChaos"},{"floor":11.0,"key":"Regen Potion"},{"floor":18.0,"key":"LiquidBronze"},{"floor":23.0,"key":"Strength Potion"},{"floor":24.0,"key":"DuplicationPotion"},{"floor":30.0,"key":"Swift Potion"},{"floor":31.0,"key":"SteroidPotion"},{"floor":38.0,"key":"Dexterity Potion"},{"floor":42,"key":"EssenceOfDarkness"}],"is_trial":false,"path_per_floor":["M","$","?","$","?","E","R","M","T","R","M","M","?","$","R","B",null,"M","M","$","M","$","E","M","?","T","?","R","M","E","M","R","B",null,"M","M","?","M","$","E","R","M","T","$","M","E","R","?","R","B",null],"character_chosen":"DEFECT","items_purchased":["Defragment","Redo"],"campfire_rested":1,"item_purchase_floors":[14,39],"current_hp_per_floor":[54,54,47,47,47,15,37,37,37,37,46,46,46,46,46,43,75,75,56,56,39,39,44,39,39,39,39,39,39,41,41,41,48,75,75,75,70,47,47,47,47,47,47,47,47,47,47,47,47,21],"gold":0,"neow_bonus":"REMOVE_TWO","is_daily":false,"chose_seed":false,"campfire_upgraded":7,"win_rate":0.0,"timestamp":1609775453,"path_taken":["M","$","?","$","?","E","R","M","T","R","?","M","?","$","R","BOSS","M","M","$","M","$","E","M","?","T","?","R","M","E","M","R","BOSS","M","M","?","M","$","E","R","M","T","$","M","E","R","?","R","BOSS"],"items_purchased_type":["Card","Card"],"build_version":"2020-12-18","purchased_purges":4,"victory":true,"max_hp_per_floor":[75,75,75,75,75,75,75,75,75,75,75,75,75,75,75,75,75,75,75,75,75,75,75,75,75,75,75,75,75,75,75,75,75,75,75,75,75,75,75,75,75,75,75,75,75,75,75,75,75,75],"card_choices":[{"not_picked":["Conserve Battery","Cold Snap"],"picked":"Steam","floor":1.0},{"not_picked":["Stack","Turbo"],"picked":"Conserve Battery","floor":6.0},{"not_picked":["Sweeping Beam","Compile Driver"],"picked":"Hologram","floor":8.0},{"not_picked":["Redo","Chill"],"picked":"Streamline","floor":11.0},{"not_picked":["Scrape","Hologram"],"picked":"Fusion","floor":12.0},{"not_picked":["Thunder Strike","Electrodynamics"],"picked":"Reboot","floor":16.0},{"not_picked":["Barrage","Static Discharge","Compile Driver"],"picked":"SKIP","floor":18.0},{"not_picked":["Barrage","Static Discharge","Compile Driver"],"picked":"SKIP","floor":18.0},{"not_picked":["Leap","Go for the Eyes"],"picked":"Loop","floor":19.0},{"not_picked":["Ball Lightning+1","Double Energy+1"],"picked":"Hologram","floor":21.0},{"not_picked":["FTL+1","Skim"],"picked":"Meteor Strike","floor":23.0},{"not_picked":["Stack","Beam Cell+1"],"picked":"Coolheaded","floor":24.0},{"not_picked":["Steam","Cold Snap+1"],"picked":"BootSequence","floor":29.0},{"not_picked":["Sunder","Hello World"],"picked":"BootSequence+1","floor":30.0},{"not_picked":["Conserve Battery+1","Auto Shields","Stack"],"picked":"SKIP","floor":31.0},{"not_picked":["Rebound"],"picked":"SKIP","floor":35.0},{"not_picked":["Cold Snap+1"],"picked":"SKIP","floor":36.0},{"not_picked":[],"picked":"Sadistic Nature","floor":37.0},{"not_picked":[],"picked":"Blind","floor":37.0},{"not_picked":[],"picked":"Gash+1","floor":38.0},{"not_picked":["Lockon"],"picked":"SKIP","floor":40},{"not_picked":["Coolheaded"],"picked":"SKIP","floor":42},{"not_picked":["Sweeping Beam"],"picked":"SKIP","floor":45},{"not_picked":["Auto Shields+1"],"picked":"SKIP","floor":46}],"player_experience":732944,"relics_obtained":[{"floor":6.0,"key":"Anchor"},{"floor":9.0,"key":"Meat on the Bone"},{"floor":23.0,"key":"Incense Burner"},{"floor":26.0,"key":"Regal Pillow"},{"floor":30.0,"key":"Akabeko"},{"floor":40,"key":"Whetstone"},{"floor":46,"key":"Pantograph"}],"event_choices":[{"cards_removed":["Strike_B"],"damage_healed":0.0,"max_hp_gain":0.0,"max_hp_loss":0.0,"gold_gain":0.0,"event_name":"Golden Wing","player_choice":"Card Removal","floor":3.0,"gold_loss":0.0,"damage_taken":7.0},{"damage_healed":0.0,"max_hp_gain":0.0,"max_hp_loss":0.0,"gold_gain":0.0,"event_name":"Upgrade Shrine","player_choice":"Upgraded","floor":5.0,"gold_loss":0.0,"damage_taken":0.0,"cards_upgraded":["Zap"]},{"damage_healed":0.0,"max_hp_gain":0.0,"max_hp_loss":0.0,"gold_gain":0.0,"event_name":"Living Wall","player_choice":"Grow","floor":13.0,"gold_loss":0.0,"damage_taken":0.0,"cards_upgraded":["Streamline"]},{"damage_healed":0.0,"max_hp_gain":0.0,"max_hp_loss":0.0,"gold_gain":0.0,"event_name":"Addict","player_choice":"Obtained Relic","floor":25.0,"gold_loss":85.0,"damage_taken":0.0,"relics_obtained":["Unceasing Top"]},{"damage_healed":0.0,"max_hp_gain":0.0,"max_hp_loss":0.0,"gold_gain":0.0,"event_name":"Drug Dealer","player_choice":"Inject Mutagens","floor":27.0,"gold_loss":0.0,"damage_taken":0.0,"relics_obtained":["MutagenicStrength"]},{"damage_healed":0.0,"max_hp_gain":0.0,"max_hp_loss":0.0,"gold_gain":0.0,"event_name":"SensoryStone","player_choice":"Memory 2","floor":37.0,"gold_loss":0.0,"damage_taken":5.0},{"damage_healed":0,"gold_gain":0,"player_choice":"Paid","damage_taken":0,"relics_obtained":["Red Mask"],"max_hp_gain":0,"max_hp_loss":0,"event_name":"Tomb of Lord Red Mask","floor":48,"gold_loss":81}],"is_beta":true,"boss_relics":[{"not_picked":["Tiny House","Velvet Choker"],"picked":"Nuclear Battery"},{"not_picked":["Runic Dome","Coffee Dripper"],"picked":"Busted Crown"}],"items_purged_floors":[14,22,39,44],"is_endless":false,"potions_floor_spawned":[8,11,18,21,23,24,30,31,38,42],"ascension_level":0}}