{"host":"dj5tg9a1cc241eiq","time":1609756663,"event":{"mods":["AchievementEnabler","BaseMod","Minty Spire (QoL Compilation)","StSLib","Uncapped"],"gold_per_floor":[112,112,287,287,67,67,99,99,99,31,41,41,51,70,70,169,169,184,34,34,34,44,44,70,89,112,112,37,37,67,79,79,182,232,249,249,249,79,79,104,118,137,137,137,154,1,1,30,30,30,30],"floor_reached":50,"playtime":5741,"items_purged":["Regret"],"score":659,"play_id":"a9d5cf84-fb73-4a60-8019-ba2065c8ccbd","local_time":"20210104103743","is_ascension_mode":false,"campfire_choices":[{"data":"Bash","floor":6,"key":"SMITH"},{"data":"Feed","floor":8,"key":"SMITH"},{"data":"Searing Blow","floor":15,"key":"SMITH"},{"data":"Reaper","floor":23,"key":"SMITH"},{"data":"Inflame","floor":27,"key":"SMITH"},{"data":"Sword Boomerang","floor":29,"key":"SMITH"},{"data":"Flex","floor":32,"key":"SMITH"},{"data":"Searing Blow+1","floor":44,"key":"SMITH"},{"data":"Inflame","floor":49,"key":"SMITH"}],"circlet_count":0,"master_deck":["Strike_R","Strike_R","Strike_R+1","Strike_R","Defend_R","Defend_R","Defend_R","Bash+1","Thunderclap+1","Doubt","Feed+1","Searing Blow+2","Sword Boomerang+1","Iron Wave+1","Inflame+1","Reaper+1","Rampage+1","Dropkick+1","Anger","Fire Breathing","Blood for Blood","Flex+1","Demon Form","Flex","Clothesline+1","Chrysalis","Jack Of All Trades","Armaments","Body Slam","Inflame+1","Cleave+1","Burning Pact+1","Armaments+1","Doubt","Clothesline+1"],"relics":["Coffee Dripper","Dream Catcher","Centennial Puzzle","Vajra","Bronze Scales","Busted Crown","Strawberry","Ginger","Ancient Tea Set","Pen Nib","Shuriken","Tiny House","Whetstone","Gambling Chip","Paper Frog","Lantern","Orichalcum"],"acts_visited":["Exordium","TheCity","TheBeyond"],"potions_floor_usage":[40],"damage_taken":[{"damage":6,"enemies":"Jaw Worm","floor":1,"turns":3},{"damage":29,"enemies":"3 Sentries","floor":7,"turns":7},{"damage":5,"enemies":"2 Louse","floor":11,"turns":1},{"damage":0,"enemies":"Cultist","floor":13,"turns":2},{"damage":6,"enemies":"Exordium Wildlife","floor":14,"turns":2},{"damage":19,"enemies":"Slime Boss","floor":16,"turns":7},{"damage":20,"enemies":"2 Thieves","floor":18,"turns":3},{"damage":0,"enemies":"Chosen","floor":22,"turns":3},{"damage":44,"enemies":"Slavers","floor":24,"turns":4},{"damage":18,"enemies":"3 Cultists","floor":25,"turns":3},{"damage":0,"enemies":"Gremlin Leader","floor":30,"turns":6},{"damage":5,"enemies":"Sentry and Sphere","floor":31,"turns":3},{"damage":43,"enemies":"Automaton","floor":33,"turns":6},{"damage":31,"enemies":"Orb Walker","floor":35,"turns":3},{"damage":65,"enemies":"Reptomancer","floor":40,"turns":4},{"damage":16,"enemies":"3 Darklings","floor":41,"turns":4},{"damage":19,"enemies":"Jaw Worm Horde","floor":42,"turns":4},{"damage":20,"enemies":"4 Shapes","floor":45,"turns":2},{"damage":63,"enemies":"Nemesis","floor":48,"turns":5},{"damage":106,"enemies":"Awakened One","floor":50,"turns":7}],"seed_played":"3483362929237071326","potions_obtained":[{"floor":11,"key":"BlessingOfTheForge"},{"floor":16,"key":"PowerPotion"},{"floor":22,"key":"DistilledChaos"},{"floor":40,"key":"Fruit Juice"},{"floor":41,"key":"Regen Potion"},{"floor":48,"key":"Swift Potion"}],"is_trial":false,"path_per_floor":["M","?","?","?","$","R","E","R","T","$","M","$","M","M","R","B",null,"M","$","?","?","M","R","E","M","T","R","?","R","E","M","R","B",null,"M","?","?","$","?","E","M","M","T","R","M","$","?","E","R","B"],"character_chosen":"IRONCLAD","items_purchased":["Centennial Puzzle","Searing Blow","Strawberry","Whetstone","Armaments","Lantern"],"campfire_rested":0,"item_purchase_floors":[5,10,19,38,38,46],"current_hp_per_floor":[74,74,74,74,74,74,45,45,45,45,44,44,44,38,38,19,84,83,90,90,90,95,95,67,77,77,77,77,77,95,90,90,75,108,92,87,87,87,87,27,41,58,58,58,38,38,113,68,68,0,0],"gold":30,"neow_bonus":"BOSS_RELIC","is_daily":false,"chose_seed":false,"campfire_upgraded":9,"win_rate":0.0,"timestamp":1609756663,"path_taken":["M","?","?","?","?","R","E","R","T","$","M","$","?","M","R","BOSS","M","$","?","?","M","R","E","M","T","R","?","R","E","?","R","BOSS","M","?","?","$","?","E","?","M","T","R","M","?","?","E","R","BOSS"],"items_purchased_type":["Relic","Card","Relic","Relic","Card","Relic"],"build_version":"2020-12-22","purchased_purges":1,"victory":false,"max_hp_per_floor":[80,80,80,80,80,80,80,80,80,80,84,84,84,84,84,84,84,88,95,95,95,95,95,99,103,103,103,103,103,103,103,103,103,108,108,108,108,108,108,113,113,113,113,113,113,113,113,113,113,117,117],"card_choices":[{"not_picked":["Fire Breathing","Pommel Strike"],"picked":"Thunderclap","floor":1},{"not_picked":["Flex","Carnage"],"picked":"Feed","floor":7},{"not_picked":["True Grit","Warcry"],"picked":"Sword Boomerang","floor":11},{"not_picked":["Pommel Strike","Clash"],"picked":"Iron Wave","floor":13},{"not_picked":["True Grit","Reckless Charge"],"picked":"Inflame","floor":14},{"not_picked":["Brutality","Fiend Fire"],"picked":"Reaper","floor":16},{"not_picked":[],"picked":"Rampage+1","floor":18},{"not_picked":[],"picked":"Dropkick","floor":22},{"not_picked":[],"picked":"Anger","floor":24},{"not_picked":[],"picked":"Fire Breathing","floor":25},{"not_picked":[],"picked":"Blood for Blood","floor":30},{"not_picked":[],"picked":"Flex","floor":31},{"not_picked":[],"picked":"Demon Form","floor":33},{"not_picked":[],"picked":"Flex","floor":34},{"not_picked":[],"picked":"Clothesline+1","floor":35},{"not_picked":[],"picked":"Chrysalis","floor":36},{"not_picked":[],"picked":"Jack Of All Trades","floor":36},{"not_picked":[],"picked":"Inflame","floor":40},{"not_picked":[],"picked":"Cleave+1","floor":41},{"not_picked":[],"picked":"Burning Pact+1","floor":42},{"not_picked":[],"picked":"Armaments+1","floor":45},{"not_picked":[],"picked":"Clothesline+1","floor":48}],"player_experience":3762,"relics_obtained":[{"floor":7,"key":"Vajra"},{"floor":9,"key":"Bronze Scales"},{"floor":24,"key":"Ancient Tea Set"},{"floor":26,"key":"Pen Nib"},{"floor":30,"key":"Shuriken"},{"floor":40,"key":"Gambling Chip"},{"floor":43,"key":"Paper Frog"},{"floor":48,"key":"Orichalcum"}],"event_choices":[{"damage_healed":0,"gold_gain":0,"player_choice":"Grow","damage_taken":0,"max_hp_gain":0,"max_hp_loss":0,"event_name":"Living Wall","floor":2,"gold_loss":0,"cards_upgraded":["Thunderclap"]},{"damage_healed":0,"gold_gain":175,"player_choice":"AGREE","damage_taken":0,"max_hp_gain":0,"max_hp_loss":0,"event_name":"Liars Game","floor":3,"gold_loss":0,"cards_obtained":["Doubt"]},{"damage_healed":0,"gold_gain":0,"player_choice":"Box","damage_taken":0,"relics_obtained":["Dream Catcher"],"max_hp_gain":0,"max_hp_loss":0,"event_name":"Big Fish","floor":4,"gold_loss":0,"cards_obtained":["Regret"]},{"damage_healed":0,"gold_gain":0,"player_choice":"Ignored","damage_taken":0,"max_hp_gain":0,"max_hp_loss":0,"event_name":"Ghosts","floor":20,"gold_loss":0},{"damage_healed":0,"gold_gain":0,"player_choice":"Stole Relic","damage_taken":0,"relics_obtained":["Ginger"],"max_hp_gain":0,"max_hp_loss":0,"event_name":"Addict","floor":21,"gold_loss":0,"cards_obtained":["Shame"]},{"cards_removed":["Shame"],"damage_healed":0,"gold_gain":0,"player_choice":"Gave Gold","damage_taken":0,"max_hp_gain":0,"max_hp_loss":0,"event_name":"Beggar","floor":28,"gold_loss":75},{"damage_healed":0,"gold_gain":0,"player_choice":"Memory 2","damage_taken":5,"max_hp_gain":0,"max_hp_loss":0,"event_name":"SensoryStone","floor":36,"gold_loss":0},{"cards_removed":["Defend_R"],"damage_healed":0,"gold_gain":0,"player_choice":"Removed Skill","damage_taken":0,"max_hp_gain":0,"max_hp_loss":0,"event_name":"Falling","floor":37,"gold_loss":0},{"damage_healed":0,"gold_gain":0,"cards_transformed":["Strike_R"],"player_choice":"Transformed","damage_taken":0,"max_hp_gain":0,"max_hp_loss":0,"event_name":"Transmorgrifier","floor":39,"gold_loss":0,"cards_obtained":["Body Slam"]},{"damage_healed":75,"gold_gain":0,"player_choice":"Heal","damage_taken":0,"max_hp_gain":0,"max_hp_loss":0,"event_name":"MindBloom","floor":47,"gold_loss":0,"cards_obtained":["Doubt"]}],"is_beta":false,"boss_relics":[{"not_picked":["Astrolabe","Cursed Key"],"picked":"Busted Crown"},{"not_picked":["Calling Bell","Runic Dome"],"picked":"Tiny House"}],"items_purged_floors":[5],"is_endless":false,"potions_floor_spawned":[11,16,22,30,31,40,41,42,48],"killed_by":"Awakened One","ascension_level":0}}