{"host":"kev6uqotw4tlyx8l","time":1609772688,"event":{"mods":["Act Like it!","Aspiration","BaseMod","Colored Powertips","Dota2Spire","Downfall","Hallownest","Infinite Spire","Marisa????????","Minty Spire (QoL Compilation)","Quick Restart","Remilia??????","Replay The Spire","StSLib","The Cursed","The Jungle","The Marked","The Mystic","The Servant 0.9.4"],"gold_per_floor":[115,11,11,30,45,45,63,30,55,55,66,66,66,81,81,184,234,252,262,27,27,27,60,60,72,72,72,72,87,87,106,106,211,211,211,211],"floor_reached":35,"playtime":973,"items_purged":[],"score":392,"play_id":"f93df8fc-eb97-47fa-bc30-eb6287af6102","local_time":"20210104220448","is_ascension_mode":false,"campfire_choices":[{"data":"Sabotage","floor":6,"key":"SMITH"},{"data":"SilverBlades","floor":13,"key":"SMITH"},{"floor":15,"key":"REST"},{"floor":24,"key":"REST"},{"floor":30,"key":"REST"}],"circlet_count":0,"master_deck":["Defend_S","Defend_S","Defend_S","Defend_S","KidneyShot","Exchange","Ricochet","BestPractice+1","Sabotage+1","ShatteredReality","FastForward","TimeWarp+1","TimeWarp","SilverBlades+1","Gouge+1","Starlight","Initiator","Starlight","Moondial+1","Comet","Enlightenment","Bite","Bite","Bite","Bite","Bite","KillingDoll","Rearm","GearUp+1","GearUp+1","FlawlessForm"],"relics":["Uniform","NeowsBlessing","ReplayTheSpireMod:TigerMarble","Dota2Spire:Vanguard","Tiny House","Dota2Spire:DrumOfEndurance","Replay:Blank Codex","ReplayFunnel","Replay:Accelerometer","ReplayTheSpireMod:DimensionalGlitch"],"acts_visited":["Exordium","TheCity","TheBeyond"],"potions_floor_usage":[16,18,23,23,23,33],"damage_taken":[{"damage":0,"enemies":"Cultist","floor":1,"turns":1},{"damage":0,"enemies":"2 Louse","floor":4,"turns":1},{"damage":0,"enemies":"Jaw Worm","floor":5,"turns":1},{"damage":16,"enemies":"3 Louse","floor":7,"turns":2},{"damage":0,"enemies":"Blue Slaver","floor":11,"turns":2},{"damage":5,"enemies":"2 Fungi Beasts","floor":14,"turns":3},{"damage":36,"enemies":"The Guardian","floor":16,"turns":7},{"damage":21,"enemies":"2 Thieves","floor":18,"turns":3},{"damage":6,"enemies":"Chosen","floor":19,"turns":3},{"damage":30,"enemies":"Replay:Snechameleon","floor":23,"turns":4},{"damage":0,"enemies":"Shelled Parasite and Fungi","floor":25,"turns":2},{"damage":6,"enemies":"Centurion and Healer","floor":29,"turns":5},{"damage":0,"enemies":"Snecko","floor":31,"turns":3},{"damage":61,"enemies":"Automaton","floor":33,"turns":12},{"damage":54,"enemies":"3 Shapes","floor":35,"turns":2}],"seed_played":"-8218022224288854349","potions_obtained":[{"floor":1,"key":"ColorlessPotion"},{"floor":5,"key":"Fire Potion"},{"floor":11,"key":"Elixir"},{"floor":16,"key":"Toxic Potion"},{"floor":19,"key":"hexamod:EctoCoolerPotion"},{"floor":31,"key":"Dota2Spire:HealingSalve"}],"is_trial":false,"path_per_floor":["M","$","?","M","M","R","M","$","T","?","M","?","R","M","R","B",null,"M","M","$","?","?","E","R","M","T","?","$","M","R","M","R","B",null,"M"],"character_chosen":"THE_SERVANT","items_purchased":["BestPractice","Sabotage","TimeWarp","Dota2Spire:DrumOfEndurance","Enlightenment"],"campfire_rested":3,"item_purchase_floors":[2,2,8,20,20],"current_hp_per_floor":[65,65,65,65,65,65,49,49,49,49,49,49,49,44,63,27,70,49,43,43,27,27,4,18,23,23,23,23,23,37,49,49,6,49,0,0],"gold":211,"neow_bonus":"THREE_ENEMY_KILL","is_daily":false,"chose_seed":false,"campfire_upgraded":2,"win_rate":0.0,"timestamp":1609772688,"path_taken":["M","?","?","M","?","R","M","$","T","?","M","?","R","M","R","BOSS","M","M","$","?","?","E","R","M","T","?","?","?","R","M","R","BOSS","M"],"items_purchased_type":["Card","Card","Card","Relic","Card"],"build_version":"2020-12-22","purchased_purges":0,"victory":false,"max_hp_per_floor":[65,65,65,65,65,65,65,65,65,65,65,65,65,65,65,65,70,70,70,70,70,49,49,49,49,49,49,49,49,49,49,49,49,49,49,49],"card_choices":[{"not_picked":["Rewind","DoubleEdge"],"picked":"Ricochet","floor":1},{"not_picked":["Defy","DualDimension"],"picked":"Moonlight","floor":4},{"not_picked":["Contraction","Misdirection"],"picked":"ShatteredReality","floor":5},{"not_picked":["Revamp","Starlight"],"picked":"FastForward","floor":7},{"not_picked":["Foresight","Starlight"],"picked":"SilverBlades","floor":11},{"not_picked":["Unruled","Rewind"],"picked":"Starlight","floor":14},{"not_picked":["Dilation","Embodiment"],"picked":"Initiator","floor":16},{"not_picked":["Rewind","SilverBlades"],"picked":"Starlight","floor":17},{"not_picked":["BottledTime","TimeWarp"],"picked":"Moondial+1","floor":18},{"not_picked":["RealityMarble","Manipulate"],"picked":"Comet","floor":19},{"not_picked":["Potential","SilverBlades"],"picked":"KillingDoll","floor":23},{"not_picked":["Foresight","TimeWarp"],"picked":"Rearm","floor":25},{"not_picked":["FanOfKnives","Ricochet"],"picked":"GearUp+1","floor":29},{"not_picked":["Replace","TimeWarp"],"picked":"GearUp","floor":31},{"not_picked":["Dilation","Solidify"],"picked":"FlawlessForm","floor":33}],"player_experience":94431,"relics_obtained":[{"floor":9,"key":"ReplayTheSpireMod:TigerMarble"},{"floor":10,"key":"Dota2Spire:Vanguard"},{"floor":21,"key":"Replay:Blank Codex"},{"floor":23,"key":"ReplayFunnel"},{"floor":26,"key":"Replay:Accelerometer"}],"event_choices":[{"damage_healed":0,"gold_gain":0,"player_choice":"Upgraded","damage_taken":0,"max_hp_gain":0,"max_hp_loss":0,"event_name":"Upgrade Shrine","floor":3,"gold_loss":0,"cards_upgraded":["BestPractice"]},{"damage_healed":0,"gold_gain":0,"player_choice":"Obtained Book","damage_taken":16,"max_hp_gain":0,"max_hp_loss":0,"event_name":"Cursed Tome","floor":21,"gold_loss":0},{"damage_healed":0,"gold_gain":0,"player_choice":"Became a vampire","damage_taken":0,"max_hp_gain":0,"max_hp_loss":21,"event_name":"Vampires","floor":22,"gold_loss":0,"cards_obtained":["Bite","Bite","Bite","Bite","Bite"]}],"is_beta":false,"boss_relics":[{"not_picked":["Velvet Choker","aspiration:WatcherSkillbook"],"picked":"Tiny House"},{"not_picked":["Coffee Dripper","Honey Jar"],"picked":"ReplayTheSpireMod:DimensionalGlitch"}],"items_purged_floors":[],"is_endless":false,"potions_floor_spawned":[1,5,11,16,19,31],"killed_by":"3 Shapes","ascension_level":0}}