{"host":"2pt9f5ojqg0apn28","time":1609750816,"event":{"mods":["AchievementEnabler","BaseMod","Better Altar","Better Match","Better Note","Better Sensory Stone","Better Skull","Better Third Choice","Colored Map","Colored Powertips","Hubris","Infinite Spire","Lobotomy","LobotomyExtend","Minty Spire (QoL Compilation)","Replay The Spire","StSLib"],"gold_per_floor":[117,117,42,42,317,317,333,353,377,396,416,443,198,231,231,332,332,351,351,351,17,17,48,61,96,121,315,335,335,350,360,360,458,458,474,474,474,485,134,134,150,150,150,150,167,184,184,34,34,34],"floor_reached":51,"playtime":13465,"items_purged":["Strike_R","Regret","Strike_R","Doubt"],"score":670,"play_id":"b669e2d1-cc81-426f-8ff8-4252dc610078","local_time":"20210104160016","is_ascension_mode":false,"campfire_choices":[{"data":"Bash","floor":6,"key":"SMITH"},{"data":"infinitespire:OneForAll","floor":15,"key":"SMITH"},{"floor":29,"key":"REST"},{"data":"Metallicize","floor":40,"key":"SMITH"},{"data":"Metallicize","floor":42,"key":"SMITH"},{"floor":49,"key":"REST"}],"circlet_count":0,"master_deck":["Strike_R","Defend_R","Defend_R+1","Defend_R","Defend_R","Bash+1","hubris:DuctTapeCard","infinitespire:OneForAll+1","Impervious","ReplayTheSpireMod:Corrosion Curse+1","Sever Soul+1","Battle Trance+1","infinitespire:OneForAll+1","Metallicize+1","Clothesline+1","J.A.X.","Juggernaut+1","Trip","Blind","Metallicize+1"],"relics":["Burning Blood","NeowsBlessing","Heaven_r","MagicBullet_r","Anchor","hubris:DuctTape","Toolbox","Red Skull","Astrolabe","Nloth\u0027s Gift","Paper Frog","LetterFromLob","Regal Pillow","Meat on the Bone","hubris:ChampionShield","hubris:TerracottaHorce","Replay:Baseball","hubris:MysteriousPyramids","Moonlight_r","Ring of Searing"],"acts_visited":["Exordium","TheCity","TheBeyond"],"potions_floor_usage":[16,50,50],"damage_taken":[{"damage":0,"enemies":"Jaw Worm","floor":1,"turns":1},{"damage":0,"enemies":"Cultist","floor":4,"turns":1},{"damage":0,"enemies":"Cultist","floor":7,"turns":1},{"damage":8,"enemies":"2 Louse","floor":8,"turns":2},{"damage":5,"enemies":"Blue Slaver","floor":10,"turns":3},{"damage":13,"enemies":"Large Slime","floor":11,"turns":6},{"damage":18,"enemies":"3 Sentries","floor":12,"turns":7},{"damage":15,"enemies":"Gremlin Nob","floor":14,"turns":4},{"damage":50,"enemies":"Slime Boss","floor":16,"turns":10},{"damage":40,"enemies":"Shell Parasite","floor":18,"turns":11},{"damage":2,"enemies":"Replay:Snechameleon","floor":23,"turns":5},{"damage":0,"enemies":"3 Byrds","floor":24,"turns":4},{"damage":12,"enemies":"Slavers","floor":25,"turns":5},{"damage":5,"enemies":"Cultist and Chosen","floor":28,"turns":6},{"damage":10,"enemies":"Centurion and Healer","floor":30,"turns":6},{"damage":38,"enemies":"Shelled Parasite and Fungi","floor":31,"turns":7},{"damage":37,"enemies":"hubris:MusketHawk","floor":33,"turns":10},{"damage":33,"enemies":"3 Darklings","floor":35,"turns":8},{"damage":3,"enemies":"3 Shapes","floor":38,"turns":4},{"damage":19,"enemies":"Spire Growth","floor":41,"turns":4},{"damage":4,"enemies":"3 Darklings","floor":45,"turns":3},{"damage":0,"enemies":"Maw","floor":46,"turns":5},{"damage":46,"enemies":"Donu and Deca","floor":50,"turns":6}],"seed_played":"-4944527900246153998","potions_obtained":[{"floor":2,"key":"Languid Potion"},{"floor":2,"key":"FearPotion"},{"floor":2,"key":"CultistPotion"},{"floor":18,"key":"Reflective Coating"},{"floor":25,"key":"FairyPotion"},{"floor":45,"key":"AttackPotion"}],"is_trial":false,"path_per_floor":["M","?","$","M","?","R","M","M","T","M","M","E","$","E","R","B",null,"M","?","?","$","?","E","M","E","T","?","M","R","M","M","R_BF","B",null,"M","?","?","M","$","R","M","R","T","E","M","M","?","$","R","B",null],"character_chosen":"IRONCLAD","items_purchased":["Toolbox","Paper Frog","Metallicize","Replay:Baseball","Metallicize"],"campfire_rested":2,"item_purchase_floors":[13,21,21,39,39],"current_hp_per_floor":[80,80,80,80,80,80,80,78,78,79,72,60,60,51,51,7,80,46,46,46,46,46,50,56,50,50,30,43,80,76,56,56,37,69,54,54,54,57,57,57,56,56,56,24,38,56,56,56,80,52],"gold":34,"neow_bonus":"THREE_ENEMY_KILL","is_daily":false,"chose_seed":false,"campfire_upgraded":4,"win_rate":0.0,"timestamp":1609750816,"path_taken":["M","?","$","?","?","R","?","M","T","M","M","E","$","E","R","BOSS","M","?","?","$","?","E","M","E","T","?","?","R","M","M","R_BF","BOSS","M","?","?","M","$","R","?","R","T","E","M","M","?","$","R","BOSS"],"items_purchased_type":["Relic","Relic","Card","Relic","Card"],"build_version":"2020-12-22","purchased_purges":4,"victory":true,"max_hp_per_floor":[80,80,80,80,80,80,80,80,80,80,80,80,80,80,80,80,80,80,80,80,80,80,80,80,80,80,80,80,80,80,80,80,80,80,80,80,80,80,80,80,80,80,80,80,80,80,80,80,80,80],"card_choices":[{"not_picked":["Clash","Clothesline"],"picked":"Armaments","floor":1},{"not_picked":["ReplayTheSpireMod:LeadingStrike","Clothesline"],"picked":"Shrug It Off","floor":7},{"not_picked":["Body Slam","Intimidate","Sword Boomerang"],"picked":"SKIP","floor":8},{"not_picked":["Headbutt","Warcry","True Grit"],"picked":"SKIP","floor":10},{"not_picked":["Run Through","Blood for Blood","Searing Blow"],"picked":"SKIP","floor":11},{"not_picked":["Massacre","Cleave"],"picked":"infinitespire:OneForAll","floor":12},{"not_picked":["Run Through","Replay:Undeath\u0027s Touch"],"picked":"ReplayTheSpireMod:Muscle Training","floor":14},{"not_picked":["Fiend Fire","Feed"],"picked":"Impervious","floor":16},{"not_picked":["Rage","Thunderclap","True Grit"],"picked":"SKIP","floor":18},{"not_picked":["Anger","Warcry+1","hubris:StunningStrike"],"picked":"SKIP","floor":23},{"not_picked":["Iron Wave+1","Rampage","Seeing Red"],"picked":"SKIP","floor":24},{"not_picked":["Bludgeon","Pommel Strike","Intimidate+1"],"picked":"SKIP","floor":25},{"not_picked":["ReplayTheSpireMod:LeadingStrike","Flex"],"picked":"Clothesline+1","floor":27},{"not_picked":["Shrug It Off","Armaments","Perfected Strike"],"picked":"SKIP","floor":28},{"not_picked":["Twin Strike","Battle Trance","Warcry"],"picked":"SKIP","floor":30},{"not_picked":["Fiend Fire","Replay:Many Hands","hubris:ReadiedAction"],"picked":"SKIP","floor":31},{"not_picked":["hubris:StunningStrike","Bludgeon"],"picked":"Juggernaut","floor":33},{"not_picked":["Thunderclap","Cleave","hubris:StunningStrike"],"picked":"SKIP","floor":35},{"not_picked":["Swift Strike","Magnetism"],"picked":"Trip","floor":36},{"not_picked":["The Bomb","Survey Options"],"picked":"Blind","floor":36},{"not_picked":["Perfected Strike","Rampage+1","Massacre+1"],"picked":"SKIP","floor":38},{"not_picked":["Replay:Undeath\u0027s Touch","Thunderclap+1","Reckless Charge"],"picked":"SKIP","floor":41},{"not_picked":["Rage+1","Run Through","Perfected Strike+1"],"picked":"SKIP","floor":45},{"not_picked":["Clothesline+1","Warcry+1","Carnage"],"picked":"SKIP","floor":46}],"player_experience":43215,"relics_obtained":[{"floor":1,"key":"LetterFromLob"},{"floor":9,"key":"Anchor"},{"floor":12,"key":"hubris:DuctTape"},{"floor":14,"key":"Red Skull"},{"floor":23,"key":"LetterFromLob"},{"floor":23,"key":"Regal Pillow"},{"floor":25,"key":"Meat on the Bone"},{"floor":26,"key":"hubris:ChampionShield"},{"floor":43,"key":"hubris:MysteriousPyramids"},{"floor":47,"key":"Ring of Searing"}],"event_choices":[{"damage_healed":0,"gold_gain":0,"player_choice":"Got Potions","damage_taken":0,"max_hp_gain":0,"max_hp_loss":0,"event_name":"Lab","floor":2,"gold_loss":0},{"damage_healed":0,"gold_gain":275,"player_choice":"Desecrate","damage_taken":0,"max_hp_gain":0,"max_hp_loss":0,"event_name":"Golden Shrine","floor":5,"gold_loss":0,"cards_obtained":["Regret"]},{"damage_healed":0,"gold_gain":0,"player_choice":"Copied","damage_taken":0,"max_hp_gain":0,"max_hp_loss":0,"event_name":"Duplicator","floor":19,"gold_loss":0,"cards_obtained":["infinitespire:OneForAll"]},{"damage_healed":0,"gold_gain":0,"player_choice":"Traded Relic","damage_taken":0,"relics_obtained":["Nloth\u0027s Gift"],"max_hp_gain":0,"max_hp_loss":0,"event_name":"N\u0027loth","floor":20,"relics_lost":["LetterFromLob"],"gold_loss":0},{"cards_removed":["infinitespire:OneForAll"],"damage_healed":0,"gold_gain":0,"player_choice":"Give","damage_taken":0,"max_hp_gain":0,"max_hp_loss":0,"event_name":"betterNote:BetterNote","floor":22,"gold_loss":0,"cards_obtained":["Strike_R"]},{"damage_healed":0,"gold_gain":0,"player_choice":"Obtain J.A.X.","damage_taken":0,"max_hp_gain":0,"max_hp_loss":0,"event_name":"Drug Dealer","floor":32,"gold_loss":0,"cards_obtained":["J.A.X."]},{"damage_healed":0,"gold_gain":3,"player_choice":"1","damage_taken":0,"max_hp_gain":0,"max_hp_loss":0,"event_name":"betterStone:BetterStone","floor":36,"gold_loss":0}],"is_beta":false,"boss_relics":[{"not_picked":["Calling Bell","Cursed Key"],"picked":"Astrolabe"},{"not_picked":["ReplayTheSpireMod:DimensionalGlitch","Abe\u0027s Treasure"],"picked":"hubris:TerracottaHorce"}],"items_purged_floors":[3,13,39,48],"is_endless":false,"potions_floor_spawned":[7,8,11,14,18,24,25,33,45,46],"ascension_level":0}}