{"host":"6p0attdrtjqaih7v","time":1609740650,"event":{"mods":["2.2 Compatiblity","AchievementEnabler","Bard","BaseMod","Better Skull","Better Third Choice","Colored Powertips","Hermit","Highlight Path","Jorbs\u0027s Wanderer Trilogy","Key Reminder","Minty Spire (QoL Compilation)","Permanent Neow","Quick Restart","Random Character Button","Relic Stats","Replay The Spire","StSLib","The Construct"],"gold_per_floor":[115,115,127,158,83,83,108,121,121,150,162,174,202,214,226,309,421,444,456,543,571,368,378,407,457,480,394,394,394,394,407,407,407,407],"floor_reached":33,"playtime":1478,"items_purged":["Pain","Parasite"],"score":540,"play_id":"1c687ce7-26a2-4fa4-a3ca-d8c2b9a020df","local_time":"20210104011050","is_ascension_mode":true,"campfire_choices":[{"data":"Sucker Punch","floor":6,"key":"SMITH"},{"data":"Leg Sweep","floor":11,"key":"SMITH"},{"data":"Deadly Poison","floor":15,"key":"SMITH"},{"floor":28,"key":"REST"},{"data":"Infinite Blades","floor":30,"key":"SMITH"}],"circlet_count":0,"master_deck":["AscendersBane","Defend_G","Defend_G","Defend_G","Defend_G+1","Defend_G","Survivor","Neutralize","Leg Sweep+1","Poisoned Stab","Sucker Punch+1","Deadly Poison+1","Prepared+1","Glass Knife","ReplayTheSpireMod:Scrap Shanks+1","Bite","Bite","Bite","Bite","Bite","Acrobatics","Infinite Blades+1","ReplayTheSpireMod:Scrap Shanks"],"relics":["Ring of the Snake","Pet Ghost","Ornamental Fan","Tiny Chest","MawBank","Replay:Wanted Poster","Replay:WaspNest","Paper Crane","ReplayTheSpireMod:CursedCoin","Replay:Multitool","Potion Belt"],"acts_visited":["Exordium","TheCity"],"potions_floor_usage":[7,7,10,16,24,33],"damage_taken":[{"damage":4,"enemies":"Cultist","floor":1,"turns":4},{"damage":3,"enemies":"2 Louse","floor":3,"turns":4},{"damage":2,"enemies":"Replay:BlueRogue","floor":7,"turns":5},{"damage":0,"enemies":"Jaw Worm","floor":8,"turns":4},{"damage":7,"enemies":"3 Sentries","floor":10,"turns":9},{"damage":0,"enemies":"2 Fungi Beasts","floor":13,"turns":3},{"damage":4,"enemies":"Hexaghost","floor":16,"turns":10},{"damage":0,"enemies":"Spheric Guardian","floor":18,"turns":4},{"damage":6,"enemies":"3 Byrds","floor":21,"turns":3},{"damage":0,"enemies":"Centurion and Healer","floor":23,"turns":7},{"damage":39,"enemies":"Slavers","floor":24,"turns":8},{"damage":26,"enemies":"3 Cultists","floor":31,"turns":5},{"damage":50,"enemies":"Champ","floor":33,"turns":11}],"seed_played":"-4424215418697956636","potions_obtained":[{"floor":3,"key":"FearPotion"},{"floor":4,"key":"Cursed Concoction"},{"floor":8,"key":"ColorlessPotion"},{"floor":10,"key":"BlessingOfTheForge"},{"floor":18,"key":"Dexterity Potion"},{"floor":31,"key":"BlessingOfTheForge"}],"is_trial":false,"path_per_floor":["M","?","M","?","$","R","E","M","T","E","R","?","M","?","R","B",null,"M","?","T","M","$","M","E","?","T","$","R","$","R","M","R","B"],"character_chosen":"THE_SILENT","items_purchased":["Paper Crane","ReplayTheSpireMod:CursedCoin","Infinite Blades"],"campfire_rested":1,"item_purchase_floors":[22,22,27],"current_hp_per_floor":[55,35,32,32,32,32,30,30,30,23,23,23,23,23,23,19,54,54,46,46,44,43,43,14,14,14,14,26,26,26,12,24,0,0],"gold":407,"neow_bonus":"RANDOM_COMMON_RELIC","is_daily":false,"chose_seed":false,"campfire_upgraded":4,"win_rate":0.0,"timestamp":1609740650,"path_taken":["M","?","M","?","$","R","E","M","T","E","R","?","M","?","R","BOSS","M","?","?","M","$","M","E","?","T","$","R","?","R","M","R","BOSS"],"items_purchased_type":["Relic","Relic","Card"],"build_version":"2020-12-22","purchased_purges":2,"victory":false,"max_hp_per_floor":[66,66,66,66,66,66,66,66,66,66,66,66,66,66,66,66,66,66,46,46,46,43,43,43,43,43,43,43,43,43,43,43,43,43],"relic_stats":{"counters":[13,77],"Ornamental Fan":[156],"Tiny Chest":1,"MawBank":144,"obtain_stats":[{"Replay:Wanted Poster":17,"Potion Belt":26,"Ornamental Fan":7,"ReplayTheSpireMod:CursedCoin":22,"Tiny Chest":9,"Replay:WaspNest":20,"Replay:Multitool":24,"Paper Crane":22,"MawBank":10,"Pet Ghost":0,"Ring of the Snake":0},{"Replay:Wanted Poster":7,"Potion Belt":11,"Ornamental Fan":3,"ReplayTheSpireMod:CursedCoin":9,"Tiny Chest":4,"Replay:WaspNest":8,"Replay:Multitool":11,"Paper Crane":9,"MawBank":5,"Pet Ghost":0,"Ring of the Snake":0},{"Replay:Wanted Poster":39,"Potion Belt":61,"Ornamental Fan":13,"ReplayTheSpireMod:CursedCoin":46,"Tiny Chest":17,"Replay:WaspNest":43,"Replay:Multitool":61,"Paper Crane":46,"MawBank":26,"Pet Ghost":0,"Ring of the Snake":0}],"Ring of the Snake":[26]},"card_choices":[{"not_picked":["Outmaneuver","Catalyst"],"picked":"Leg Sweep","floor":1},{"not_picked":["Calculated Gamble","Backflip"],"picked":"Poisoned Stab","floor":3},{"not_picked":["Deflect","Catalyst"],"picked":"Sucker Punch","floor":4},{"not_picked":["Acrobatics","PiercingWail"],"picked":"Deadly Poison","floor":7},{"not_picked":["Draining Mist","Cloak And Dagger","Sucker Punch"],"picked":"SKIP","floor":8},{"not_picked":["Underhanded Strike","Blur","Eviscerate"],"picked":"SKIP","floor":10},{"not_picked":["ReplayTheSpireMod:Scrap Shanks","Flechettes"],"picked":"Prepared","floor":13},{"not_picked":["Envenom","Storm of Steel"],"picked":"Glass Knife","floor":16},{"not_picked":["Deadly Poison","Bane"],"picked":"ReplayTheSpireMod:Scrap Shanks","floor":18},{"not_picked":["Draining Mist","Deflect","Skewer"],"picked":"SKIP","floor":21},{"not_picked":["Cloak And Dagger","Quick Slash","Deadly Poison"],"picked":"SKIP","floor":23},{"not_picked":["Bane","Replay:Poison Smokescreen"],"picked":"Acrobatics","floor":24},{"not_picked":["Outmaneuver+1","Acrobatics"],"picked":"ReplayTheSpireMod:Scrap Shanks","floor":31}],"player_experience":938829,"relics_obtained":[{"floor":7,"key":"Ornamental Fan"},{"floor":9,"key":"Tiny Chest"},{"floor":10,"key":"MawBank"},{"floor":20,"key":"Replay:WaspNest"},{"floor":24,"key":"Replay:Multitool"},{"floor":26,"key":"Potion Belt"}],"event_choices":[{"damage_healed":0,"gold_gain":0,"player_choice":"Entered Light","damage_taken":20,"max_hp_gain":0,"max_hp_loss":0,"event_name":"Shining Light","floor":2,"gold_loss":0,"cards_upgraded":["Defend_G","Strike_G"]},{"cards_removed":["Strike_G"],"damage_healed":0,"gold_gain":0,"player_choice":"Forget","damage_taken":0,"max_hp_gain":0,"max_hp_loss":0,"event_name":"Living Wall","floor":12,"gold_loss":0},{"damage_healed":0,"gold_gain":0,"player_choice":"Upgraded","damage_taken":0,"max_hp_gain":0,"max_hp_loss":0,"event_name":"Upgrade Shrine","floor":14,"gold_loss":0,"cards_upgraded":["Prepared"]},{"damage_healed":0,"gold_gain":0,"player_choice":"Became a vampire","damage_taken":0,"max_hp_gain":0,"max_hp_loss":20,"event_name":"Vampires","floor":19,"gold_loss":0,"cards_obtained":["Bite","Bite","Bite","Bite","Bite"]},{"damage_healed":0,"gold_gain":50,"player_choice":"Stole From Cult","damage_taken":0,"max_hp_gain":0,"max_hp_loss":0,"event_name":"Nest","floor":25,"gold_loss":0}],"is_beta":false,"boss_relics":[{"not_picked":["Kintsugi","SlaversCollar"],"picked":"Replay:Wanted Poster"}],"items_purged_floors":[5,22],"is_endless":false,"potions_floor_spawned":[3,8,10,18,31],"killed_by":"Champ","ascension_level":18}}