{"host":"dntw6kil9p09eemm","time":1609797040,"event":{"mods":["Alarm Clock","Aspiration","BaseMod","Colored Powertips","Downfall","Hermit","Hubris","Keyboard Shortcuts","Minty Spire (QoL Compilation)","Permanent Neow","Replay The Spire","Shop Mod","StSLib","The Runesmith"],"gold_per_floor":[115,128,138,156,156,156,156,156,156,156,174,5,39,64,64,189,252,272,272,159,174,194,194,131,166,244,244,256,256,256],"floor_reached":28,"playtime":1173,"items_purged":["hexamod:Strike","hexamod:Defend"],"score":274,"play_id":"cfa1aa79-ebeb-4c91-928e-d240b0158b33","local_time":"20210105065040","is_ascension_mode":true,"campfire_choices":[{"data":"hexamod:Float","floor":6.0,"key":"SMITH"},{"data":"hexamod:Rewind","floor":8.0,"key":"SMITH"},{"data":"hexamod:Again","floor":15.0,"key":"SMITH"},{"floor":23,"key":"REST"}],"circlet_count":0,"master_deck":["hexamod:Strike","hexamod:Strike","hexamod:Strike","hexamod:Defend","hexamod:Defend","hexamod:Sear","hexamod:Float+1","hexamod:GhostflameInferno","hexamod:Rewind+1","hexamod:Again+1","hexamod:FastForward+1","hexamod:SuperheatedStrike","hexamod:GhostflameInferno","hexamod:PhantomFireball","hexamod:ApocalypticArmor","hexamod:SoulSteal","hexamod:FastForward","Beam Cell","hexamod:CatchUp+1"],"relics":["hexamod:SpiritBrand","Golden Idol","Letter Opener","MerchantsRug","Vajra","Tiny House","Dream Catcher","Replay:Bandana","aspiration:FetidBarrel"],"acts_visited":["Exordium","TheCity"],"potions_floor_usage":[28],"damage_taken":[{"damage":0.0,"enemies":"Cultist","floor":1.0,"turns":3.0},{"damage":0.0,"enemies":"Small Slimes","floor":2.0,"turns":3.0},{"damage":0.0,"enemies":"2 Louse","floor":3.0,"turns":3.0},{"damage":0.0,"enemies":"2 Fungi Beasts","floor":4.0,"turns":3.0},{"damage":7.0,"enemies":"Exordium Thugs","floor":11.0,"turns":3.0},{"damage":9.0,"enemies":"Lagavulin","floor":13.0,"turns":4.0},{"damage":1.0,"enemies":"Lots of Slimes","floor":14.0,"turns":2.0},{"damage":15.0,"enemies":"Slime Boss","floor":16.0,"turns":7.0},{"damage":13.0,"enemies":"Spheric Guardian","floor":18.0,"turns":4.0},{"damage":1.0,"enemies":"Chosen","floor":21.0,"turns":4.0},{"damage":10,"enemies":"3 Cultists","floor":22,"turns":4},{"damage":28,"enemies":"Slavers","floor":25,"turns":3},{"damage":36,"enemies":"Book of Stabbing","floor":28,"turns":3}],"seed_played":"-7978572696622994591","potions_obtained":[{"floor":1.0,"key":"Weak Potion"},{"floor":2.0,"key":"AttackPotion"},{"floor":11.0,"key":"DistilledChaos"},{"floor":13.0,"key":"Energy Potion"},{"floor":17.0,"key":"Guardian:BlockOnCardUsePotion"},{"floor":18.0,"key":"FearPotion"},{"floor":25,"key":"Strength Potion"}],"is_trial":false,"path_per_floor":["M","M","M","M","?","R","?","R","T","?","M","$","E","M","R","B",null,"M","?","$","M","M","R","$","E","T","?","E"],"character_chosen":"THE_SPIRIT","items_purchased":["MerchantsRug","Dream Catcher"],"campfire_rested":1,"item_purchase_floors":[12,20],"current_hp_per_floor":[63,63,63,63,58,58,58,58,58,58,51,51,42,41,41,26,63,50,42,42,41,31,49,49,21,21,21,0,0,0],"gold":256,"neow_bonus":"THREE_RARE_CARDS","is_daily":false,"chose_seed":false,"campfire_upgraded":3,"win_rate":0.0,"timestamp":1609797040,"path_taken":["M","M","M","M","?","R","?","R","T","?","M","$","E","M","R","BOSS","M","?","$","M","M","R","$","E","T","?","E"],"items_purchased_type":["Relic","Relic"],"build_version":"2020-12-22","purchased_purges":2,"victory":false,"max_hp_per_floor":[63,63,63,63,58,58,58,58,58,58,58,58,58,58,58,58,63,63,63,63,63,63,63,63,63,63,63,63,63,63],"card_choices":[{"not_picked":["hexamod:Toasty","hexamod:GiftsFromTheDead"],"picked":"hexamod:GhostflameInferno","floor":0.0},{"not_picked":["hexamod:PhantomCloak","hexamod:NightmareStrike","hexamod:ShieldOfDarkness"],"picked":"SKIP","floor":1.0},{"not_picked":["hexamod:GhostShield","hexamod:Firestarter"],"picked":"hexamod:Rewind","floor":2.0},{"not_picked":["hexamod:AdvancingGuard","hexamod:HeatMetal"],"picked":"hexamod:Again","floor":3.0},{"not_picked":["hexamod:HeatMetal","hexamod:ExtraCrispy"],"picked":"hexamod:FastForward","floor":4.0},{"not_picked":["hexamod:SpectersWail","hexamod:NightmareGuise"],"picked":"hexamod:SuperheatedStrike","floor":11.0},{"not_picked":["hexamod:EtherealExpedition","hexamod:SwordOfDarkness"],"picked":"hexamod:GhostflameInferno","floor":13.0},{"not_picked":["hexamod:GhostLash","hexamod:ExtraCrispy"],"picked":"hexamod:PhantomFireball","floor":14.0},{"not_picked":["hexamod:UnleashSpirits","hexamod:TimeOfNeed"],"picked":"hexamod:ApocalypticArmor","floor":16.0},{"not_picked":["hexamod:PhantomCloak","hexamod:InspiringFlames"],"picked":"hexamod:SoulSteal","floor":17.0},{"not_picked":["hexamod:Again","hexamod:NecessarySacrifice"],"picked":"hexamod:FastForward","floor":18.0},{"not_picked":["Coolheaded","champ:Backstep"],"picked":"Beam Cell","floor":21.0},{"not_picked":["Consecrate","Hidden Blade","hermit:FinalCanter"],"picked":"SKIP","floor":22},{"not_picked":["hexamod:ShieldOfDarkness","hexamod:Firestarter+1"],"picked":"hexamod:CatchUp","floor":25}],"player_experience":560658,"relics_obtained":[{"floor":9.0,"key":"Letter Opener"},{"floor":13.0,"key":"Vajra"},{"floor":19.0,"key":"PrismaticShard"},{"floor":25,"key":"Replay:Bandana"},{"floor":26,"key":"aspiration:FetidBarrel"}],"event_choices":[{"damage_healed":0.0,"max_hp_gain":0.0,"max_hp_loss":5.0,"gold_gain":0.0,"event_name":"Golden Idol","player_choice":"Lose Max HP","floor":5.0,"gold_loss":0.0,"damage_taken":0.0,"relics_obtained":["Golden Idol"]},{"cards_removed":["hexamod:Defend"],"damage_healed":0.0,"max_hp_gain":0.0,"max_hp_loss":0.0,"gold_gain":0.0,"event_name":"Living Wall","player_choice":"Forget","floor":10.0,"gold_loss":0.0,"damage_taken":0.0},{"damage_healed":0,"gold_gain":0,"player_choice":"Forge","damage_taken":0,"max_hp_gain":0,"max_hp_loss":0,"event_name":"Accursed Blacksmith","floor":27,"gold_loss":0,"cards_upgraded":["hexamod:CatchUp"]}],"is_beta":false,"boss_relics":[{"not_picked":["aspiration:RitualDagger","Honey Jar"],"picked":"Tiny House"}],"items_purged_floors":[12,24],"is_endless":false,"potions_floor_spawned":[1,2,11,13,18,25],"killed_by":"Book of Stabbing","ascension_level":3}}