{"host":"rmsq46plbpwfbxcc","time":1609735963,"event":{"mods":["AchievementEnabler","BaseMod","Colored Map","Colored Powertips","DeckTracker","KOR Keyword Fix","Minty Spire (QoL Compilation)","Permanent Neow","Quick Restart","SuperFastMode"],"gold_per_floor":[114,114,127,142,74,74,101,101,101,129,141,157,157,176,176,277,277,297,297,350,366,14,14,39,53,53,64,98,98,112,112,112,215,215,234,234,15,65,82,111,111,129,129,129,158,158,187,200,200,200,200,200,11,42,42,42],"floor_reached":55,"playtime":1607,"items_purged":["Writhe","Defend_G"],"score":1144,"play_id":"c1c97522-6d24-41a3-9eac-11ea3e9b0f12","local_time":"20210104135243","is_ascension_mode":true,"campfire_choices":[{"data":"Glass Knife","floor":6.0,"key":"SMITH"},{"data":"Neutralize","floor":8.0,"key":"SMITH"},{"data":"Tactician","floor":13.0,"key":"SMITH"},{"data":"Finisher","floor":15.0,"key":"SMITH"},{"data":"After Image","floor":23.0,"key":"SMITH"},{"data":"Blade Dance","floor":29.0,"key":"SMITH"},{"data":"Cloak And Dagger","floor":32.0,"key":"SMITH"},{"data":"Trip","floor":41.0,"key":"SMITH"},{"data":"Footwork","floor":46.0,"key":"SMITH"},{"floor":49.0,"key":"RECALL"},{"data":"Bullet Time","floor":52.0,"key":"SMITH"}],"circlet_count":0,"master_deck":["Strike_G","Strike_G","Strike_G","Defend_G","Defend_G","Defend_G","Survivor","Neutralize+1","Underhanded Strike+1","Skewer+1","Backstab+1","Acrobatics","Glass Knife+1","Tactician+1","Finisher+1","After Image+1","Backflip+1","Blade Dance+1","Cloak And Dagger+1","Footwork+1","Cloak And Dagger+1","Bullet Time+1","Trip+1","Blur+1"],"relics":["Astrolabe","Mercury Hourglass","White Beast Statue","HornCleat","WristBlade","Pocketwatch","Bag of Marbles","Membership Card","FossilizedHelix","Dream Catcher","Meat on the Bone","Gremlin Horn","Coffee Dripper","Singing Bowl","Juzu Bracelet","Blue Candle","Bronze Scales","TungstenRod","Pen Nib"],"acts_visited":["Exordium","TheCity","TheBeyond","TheEnding"],"potions_floor_usage":[55],"damage_taken":[{"damage":0.0,"enemies":"Small Slimes","floor":1.0,"turns":1.0},{"damage":0.0,"enemies":"Cultist","floor":3.0,"turns":3.0},{"damage":4.0,"enemies":"Jaw Worm","floor":4.0,"turns":2.0},{"damage":0.0,"enemies":"Gremlin Nob","floor":7.0,"turns":2.0},{"damage":14.0,"enemies":"Lagavulin","floor":10.0,"turns":6.0},{"damage":12.0,"enemies":"3 Louse","floor":11.0,"turns":2.0},{"damage":4.0,"enemies":"2 Fungi Beasts","floor":12.0,"turns":2.0},{"damage":0.0,"enemies":"Exordium Wildlife","floor":14.0,"turns":1.0},{"damage":10.0,"enemies":"Hexaghost","floor":16.0,"turns":6.0},{"damage":4.0,"enemies":"Chosen","floor":18.0,"turns":3.0},{"damage":0.0,"enemies":"2 Thieves","floor":21.0,"turns":2.0},{"damage":0.0,"enemies":"Book of Stabbing","floor":24.0,"turns":4.0},{"damage":0.0,"enemies":"Sentry and Sphere","floor":25.0,"turns":3.0},{"damage":0.0,"enemies":"3 Cultists","floor":27.0,"turns":4.0},{"damage":7.0,"enemies":"Gremlin Leader","floor":28.0,"turns":5.0},{"damage":0.0,"enemies":"Snake Plant","floor":30.0,"turns":2.0},{"damage":39.0,"enemies":"Champ","floor":33.0,"turns":10.0},{"damage":0.0,"enemies":"Orb Walker","floor":35.0,"turns":1.0},{"damage":0.0,"enemies":"Mind Bloom Boss Battle","floor":38.0,"turns":4.0},{"damage":0.0,"enemies":"3 Shapes","floor":39.0,"turns":4.0},{"damage":0.0,"enemies":"Nemesis","floor":40.0,"turns":3.0},{"damage":0.0,"enemies":"Jaw Worm Horde","floor":42.0,"turns":1.0},{"damage":0.0,"enemies":"Giant Head","floor":45.0,"turns":6.0},{"damage":0.0,"enemies":"Nemesis","floor":47.0,"turns":5.0},{"damage":0.0,"enemies":"Transient","floor":48.0,"turns":5.0},{"damage":70.0,"enemies":"Time Eater","floor":50.0,"turns":6.0},{"damage":54.0,"enemies":"Shield and Spear","floor":54.0,"turns":9.0},{"damage":56,"enemies":"The Heart","floor":55,"turns":3}],"seed_played":"-5012384433488492022","potions_obtained":[{"floor":4.0,"key":"SkillPotion"},{"floor":10.0,"key":"Ancient Potion"},{"floor":11.0,"key":"FairyPotion"},{"floor":12.0,"key":"LiquidBronze"},{"floor":14.0,"key":"FairyPotion"},{"floor":16.0,"key":"Block Potion"},{"floor":18.0,"key":"Block Potion"},{"floor":21.0,"key":"SkillPotion"},{"floor":24.0,"key":"DistilledChaos"},{"floor":27.0,"key":"EntropicBrew"},{"floor":28.0,"key":"DistilledChaos"},{"floor":30.0,"key":"DistilledChaos"},{"floor":33.0,"key":"Swift Potion"},{"floor":39.0,"key":"EntropicBrew"},{"floor":42.0,"key":"CultistPotion"},{"floor":45.0,"key":"Strength Potion"},{"floor":47.0,"key":"AttackPotion"},{"floor":48.0,"key":"CunningPotion"},{"floor":54.0,"key":"SmokeBomb"}],"is_trial":false,"path_per_floor":["M","?","M","M","$","R","E","R","T","E","M","M","R","M","R","B",null,"M","?","T","M","$","R","E","M","T","M","E","R","M","?","R","B",null,"M","?","$","?","M","E","R","M","T","?","E","R","E","M","R","B",null,"R","$","E","B"],"character_chosen":"THE_SILENT","items_purchased":["Glass Knife","Membership Card","FossilizedHelix","Cloak And Dagger","Singing Bowl","Trip","TungstenRod","LiquidBronze"],"campfire_rested":0,"item_purchase_floors":[5,22,22,22,37,37,53,53],"current_hp_per_floor":[63,63,63,59,59,59,59,59,59,45,33,29,29,29,29,19,57,53,53,53,53,53,53,53,53,53,53,46,46,46,46,46,19,57,57,57,57,59,61,63,63,65,65,65,67,67,67,69,69,35,67,67,67,27,0,0],"gold":42,"neow_bonus":"BOSS_RELIC","is_daily":false,"chose_seed":false,"campfire_upgraded":10,"win_rate":0.0,"timestamp":1609735963,"path_taken":["M","?","M","M","$","R","E","R","T","E","M","?","R","M","R","BOSS","M","?","?","M","$","R","E","M","T","M","E","R","M","?","R","BOSS","M","?","$","?","M","E","R","M","T","?","E","R","E","M","R","BOSS","R","$","E","BOSS"],"items_purchased_type":["Card","Relic","Relic","Card","Relic","Card","Relic","Potion"],"build_version":"2020-12-22","purchased_purges":2,"victory":false,"max_hp_per_floor":[70,70,70,70,70,70,70,70,70,70,70,70,70,70,70,70,70,70,70,70,70,70,70,70,70,70,70,70,70,70,70,70,70,70,70,70,70,72,74,76,76,78,78,74,76,76,76,78,78,78,78,78,78,80,80,80],"card_choices":[{"not_picked":["Deflect","Acrobatics","Bane"],"picked":"SKIP","floor":1.0},{"not_picked":["Prepared","Flying Knee","Dodge and Roll"],"picked":"SKIP","floor":3.0},{"not_picked":["Deflect","Flying Knee"],"picked":"Acrobatics","floor":4.0},{"not_picked":["Underhanded Strike","Eviscerate"],"picked":"Tactician","floor":7.0},{"not_picked":["Grand Finale","Caltrops"],"picked":"Finisher","floor":10.0},{"not_picked":["Bouncing Flask","Dagger Spray","Dagger Throw"],"picked":"SKIP","floor":11.0},{"not_picked":["Calculated Gamble","Expertise","Noxious Fumes"],"picked":"SKIP","floor":12.0},{"not_picked":["Dodge and Roll","Expertise","Poisoned Stab"],"picked":"SKIP","floor":14.0},{"not_picked":["Corpse Explosion","Night Terror"],"picked":"After Image","floor":16.0},{"not_picked":["Predator","PiercingWail"],"picked":"Backflip+1","floor":18.0},{"not_picked":["Calculated Gamble","Flying Knee"],"picked":"Blade Dance","floor":21.0},{"not_picked":["Unload","Grand Finale"],"picked":"Footwork","floor":24.0},{"not_picked":["Masterful Stab+1","Dagger Throw","Flying Knee"],"picked":"SKIP","floor":25.0},{"not_picked":["Deflect","Riddle With Holes","Prepared+1"],"picked":"SKIP","floor":27.0},{"not_picked":["Dash+1","Flying Knee","Leg Sweep+1"],"picked":"SKIP","floor":28.0},{"not_picked":["Dagger Spray","Poisoned Stab"],"picked":"Cloak And Dagger+1","floor":30.0},{"not_picked":["Night Terror","Wraith Form v2"],"picked":"Bullet Time","floor":33.0},{"not_picked":["Blade Dance+1","Footwork","Flying Knee"],"picked":"SKIP","floor":35.0},{"not_picked":["Finisher","Acrobatics+1","Quick Slash+1"],"picked":"Singing Bowl","floor":38.0},{"not_picked":["Quick Slash+1","Dodge and Roll+1","Bouncing Flask"],"picked":"Singing Bowl","floor":39.0},{"not_picked":["Skewer","Cloak And Dagger+1","Corpse Explosion"],"picked":"Singing Bowl","floor":40.0},{"not_picked":["Flying Knee+1","Slice+1","Calculated Gamble+1"],"picked":"Singing Bowl","floor":42.0},{"not_picked":["Dagger Spray","Heel Hook+1","Reflex+1"],"picked":"Singing Bowl","floor":45.0},{"not_picked":["Heel Hook","Tactician"],"picked":"Blur+1","floor":47.0},{"not_picked":["Underhanded Strike+1","Leg Sweep","Slice+1"],"picked":"Singing Bowl","floor":48.0},{"not_picked":["Calculated Gamble+1","Eviscerate+1","Backstab"],"picked":"Singing Bowl","floor":54.0}],"player_experience":644726,"relics_obtained":[{"floor":7.0,"key":"Mercury Hourglass"},{"floor":9.0,"key":"White Beast Statue"},{"floor":10.0,"key":"HornCleat"},{"floor":20.0,"key":"Bag of Marbles"},{"floor":24.0,"key":"Dream Catcher"},{"floor":26.0,"key":"Meat on the Bone"},{"floor":28.0,"key":"Gremlin Horn"},{"floor":40.0,"key":"Juzu Bracelet"},{"floor":45.0,"key":"Blue Candle"},{"floor":47.0,"key":"Bronze Scales"},{"floor":54.0,"key":"Pen Nib"}],"event_choices":[{"damage_healed":0.0,"max_hp_gain":0.0,"max_hp_loss":0.0,"gold_gain":0.0,"event_name":"Wheel of Change","player_choice":"Cursed","floor":2.0,"gold_loss":0.0,"damage_taken":0.0,"cards_obtained":["Decay"]},{"damage_healed":0.0,"max_hp_gain":0.0,"max_hp_loss":0.0,"gold_gain":0.0,"event_name":"The Mausoleum","player_choice":"Opened","floor":19.0,"gold_loss":0.0,"damage_taken":0.0,"relics_obtained":["Pocketwatch"],"cards_obtained":["Writhe"]},{"cards_removed":["Decay"],"damage_healed":0.0,"max_hp_gain":0.0,"max_hp_loss":0.0,"gold_gain":0.0,"event_name":"Back to Basics","player_choice":"Elegance","floor":31.0,"gold_loss":0.0,"damage_taken":0.0},{"damage_healed":0.0,"max_hp_gain":0.0,"max_hp_loss":0.0,"gold_gain":0.0,"event_name":"Tomb of Lord Red Mask","player_choice":"Ignored","floor":36.0,"gold_loss":0.0,"damage_taken":0.0},{"damage_healed":0.0,"max_hp_gain":0.0,"max_hp_loss":0.0,"gold_gain":0.0,"event_name":"MindBloom","player_choice":"Fight","floor":38.0,"gold_loss":0.0,"damage_taken":0.0},{"damage_healed":0.0,"max_hp_gain":0.0,"max_hp_loss":4.0,"gold_gain":0.0,"event_name":"Winding Halls","player_choice":"Max HP","floor":44.0,"gold_loss":0.0,"damage_taken":0.0}],"is_beta":false,"boss_relics":[{"not_picked":["Pandora\u0027s Box","Busted Crown"],"picked":"WristBlade"},{"not_picked":["Empty Cage","Runic Dome"],"picked":"Coffee Dripper"}],"items_purged_floors":[22,37],"is_endless":false,"potions_floor_spawned":[4,10,11,12,14,16,18,21,24,25,27,28,30,33,35,38,39,40,42,45,47,48,54],"killed_by":"The Heart","ascension_level":6}}