{"host":"l2dnabsh5e0fsksb","time":1609763690,"event":{"mods":["2.2 Compatiblity","BaseMod","Downfall","Minty Spire (QoL Compilation)","Quick Restart","StSLib"],"gold_per_floor":[99,99,155,255,255,272,340,354,204,267,277,288,288,308,324,427,427,427,447,497,397,414,424,424,437,451,480,499,534,534,611,622,719,719,719,739,332,53,29,43,43,43,93,125,50,25,75,139,151,151,151,176,10,10,10],"floor_reached":56,"playtime":3716,"items_purged":[],"score":1487,"play_id":"12658b4d-5f66-444c-a027-9f5467dffd9b","local_time":"20210104230450","is_ascension_mode":true,"campfire_choices":[{"floor":1.0,"key":"RECALL"},{"data":"champ:TornadoPunch","floor":9.0,"key":"SMITH"},{"data":"champ:Devastate","floor":13.0,"key":"SMITH"},{"data":"champ:StrikeOfGenius","floor":18.0,"key":"SMITH"},{"floor":30,"key":"REST"},{"data":"champ:Improvising","floor":35,"key":"SMITH"},{"data":"champ:DefensiveStyle","floor":42,"key":"SMITH"},{"data":"expansioncontent:Chronoboost","floor":45,"key":"SMITH"},{"floor":54,"key":"REST"}],"circlet_count":0,"master_deck":["champ:Strike","champ:Strike+1","champ:Strike","champ:Strike","champ:Defend","champ:Defend+1","champ:Defend","champ:Defend","champ:Execute+1","champ:Taunt+1","champ:TornadoPunch","champ:ArenaPreparation+1","champ:TornadoPunch+1","champ:DefensiveShout+1","champ:SkillfulDodge+1","champ:BringItOn+1","champ:Devastate+1","champ:AdrenalArmor+1","champ:Backstep+1","champ:StanceDance+1","champ:StrikeOfGenius+1","champ:FanOfKnives+1","Ghostly+1","champ:Circumvent+1","champ:BerserkersShout+1","champ:BringItOn+1","champ:BringItOn+1","champ:IronFortress","champ:Lariat+1","champ:DefensiveStyle+1","champ:Improvising+1","champ:Circumvent+1","champ:Circumvent+1","champ:ViciousMockery+1","champ:ShieldWall","champ:BringItOn+1","expansioncontent:Chronoboost+1","expansioncontent:DefensiveStance","expansioncontent:Collect","champ:DefensiveShout+1","champ:RageSigil+1","champ:RageSigil+1","champ:GladiatorStyle","champ:StrikeOfGenius+1","champ:IronFortress"],"relics":["champ:ChampionCrown","downfall:HeartsMalice","Toxic Egg 2","CloakClasp","SsserpentHead","downfall:HeartBlessingBlue","downfall:HeartBlessingRed","SlaversCollar","champ:FightingForDummies","Peace Pipe","Letter Opener","Orichalcum","champ:FightingForDummies","Sozu","Membership Card","Mercury Hourglass","Sundial","Shuriken","MealTicket","Sling","Eternal Feather","Medical Kit","StoneCalendar","InkBottle","Whetstone","downfall:HeartBlessingGreen","Chemical X","War Paint","DollysMirror","Akabeko"],"acts_visited":["Exordium","TheCity","TheBeyond","TheEnding"],"potions_floor_usage":[29,37,55,55],"damage_taken":[{"damage":0.0,"enemies":"Cultist","floor":2.0,"turns":1.0},{"damage":0.0,"enemies":"3 Sentries","floor":3.0,"turns":1.0},{"damage":0.0,"enemies":"3 Sentries","floor":4.0,"turns":1.0},{"damage":4.0,"enemies":"2 Louse","floor":6.0,"turns":2.0},{"damage":8.0,"enemies":"Jaw Worm","floor":8.0,"turns":5.0},{"damage":8.0,"enemies":"Blue Slaver","floor":10.0,"turns":4.0},{"damage":26.0,"enemies":"Exordium Thugs","floor":11.0,"turns":4.0},{"damage":7.0,"enemies":"Large Slime","floor":12.0,"turns":3.0},{"damage":16.0,"enemies":"Exordium Wildlife","floor":14.0,"turns":4.0},{"damage":5.0,"enemies":"Exordium Thugs","floor":15.0,"turns":3.0},{"damage":29.0,"enemies":"downfall:Watcher","floor":16.0,"turns":10.0},{"damage":11.0,"enemies":"Chosen","floor":19.0,"turns":4.0},{"damage":55.0,"enemies":"Centurion and Healer","floor":22.0,"turns":7.0},{"damage":26.0,"enemies":"Cultist and Chosen","floor":23.0,"turns":10.0},{"damage":12.0,"enemies":"Snake Plant","floor":25.0,"turns":8.0},{"damage":30,"enemies":"Sentry and Sphere","floor":26,"turns":5},{"damage":53,"enemies":"Gremlin Leader","floor":27,"turns":9},{"damage":15,"enemies":"Snecko","floor":28,"turns":3},{"damage":7,"enemies":"Book of Stabbing","floor":29,"turns":5},{"damage":0,"enemies":"Cultist and Chosen","floor":32,"turns":4},{"damage":11,"enemies":"downfall:Silent","floor":33,"turns":6},{"damage":22,"enemies":"3 Darklings","floor":36,"turns":5},{"damage":12,"enemies":"downfall:FleeingMerchant","floor":37,"turns":4},{"damage":31,"enemies":"downfall:FleeingMerchant","floor":38,"turns":4},{"damage":17,"enemies":"downfall:FleeingMerchant","floor":39,"turns":4},{"damage":9,"enemies":"3 Shapes","floor":40,"turns":4},{"damage":23,"enemies":"Reptomancer","floor":44,"turns":6},{"damage":23,"enemies":"Sphere and 2 Shapes","floor":48,"turns":5},{"damage":8,"enemies":"Jaw Worm Horde","floor":49,"turns":6},{"damage":41,"enemies":"downfall:Defect","floor":50,"turns":9},{"damage":107,"enemies":"downfall:CharBossMerchant","floor":52,"turns":10},{"damage":68,"enemies":"downfall:NeowBoss","floor":55,"turns":23}],"seed_played":"6919739438978482598","potions_obtained":[{"floor":4.0,"key":"BlessingOfTheForge"},{"floor":6.0,"key":"LiquidBronze"},{"floor":11.0,"key":"champ:OpenerPotion"},{"floor":16.0,"key":"PowerPotion"},{"floor":22.0,"key":"Slimebound:ThreeZeroPotion"},{"floor":32,"key":"AttackPotion"}],"is_trial":false,"path_per_floor":["R","M","?","?","?","M","T","M","R","M","M","M","R","M","M","B",null,"R","M","?","?","M","M","T","M","M","E","M","E","R","T","M","B",null,"R","M","$","?","$","M","T","R","?","E","R","$","?","M","M","B",null,"E","$","R","B",null],"character_chosen":"THE_CHAMP","items_purchased":["Membership Card","Mercury Hourglass","Sundial","Shuriken","MealTicket","Sling","champ:ShieldWall","Eternal Feather","Medical Kit","StoneCalendar","Chemical X","DollysMirror","Akabeko","champ:IronFortress"],"campfire_rested":2,"item_purchase_floors":[37,37,37,38,38,38,38,39,39,39,46,53,53,53],"current_hp_per_floor":[90,90,90,90,90,86,86,86,96,96,80,78,78,72,72,67,100,100,94,94,94,71,59,59,59,51,34,29,29,59,59,59,59,100,100,99,99,99,91,91,91,100,90,90,100,100,100,97,97,77,100,15,30,87,71],"gold":10,"neow_bonus":"THREE_ENEMY_KILL","is_daily":false,"chose_seed":false,"campfire_upgraded":6,"win_rate":0.0,"timestamp":1609763690,"path_taken":["R","M","?","?","?","M","T","M","R","?","M","M","R","M","M","BOSS","R","M","?","?","M","M","T","M","M","E","M","E","R","?","M","BOSS","R","M","$","?","$","M","T","R","?","E","R","?","?","?","M","BOSS","E","$","R","BOSS"],"items_purchased_type":["Relic","Relic","Relic","Relic","Relic","Relic","Card","Relic","Relic","Relic","Relic","Relic","Relic","Card"],"build_version":"2020-12-22","purchased_purges":0,"victory":true,"max_hp_per_floor":[90,90,90,90,90,90,90,90,100,100,100,100,100,100,100,100,100,100,100,100,100,100,100,100,100,100,100,100,100,100,100,100,100,100,100,100,100,100,100,100,100,100,100,100,100,100,100,100,100,100,100,100,100,100,100],"card_choices":[{"not_picked":["champ:FlashCut","champ:Haymaker"],"picked":"champ:TornadoPunch","floor":2.0},{"not_picked":["champ:FocusedBerserking+1","champ:GutPunch"],"picked":"champ:ArenaPreparation+1","floor":3.0},{"not_picked":["champ:Haymaker","champ:RecklessLeap"],"picked":"champ:TornadoPunch","floor":4.0},{"not_picked":["champ:GutPunch","champ:BladeFlurry"],"picked":"champ:DefensiveShout+1","floor":6.0},{"not_picked":["champ:FlashCut","champ:GladiatorsShout+1"],"picked":"champ:SkillfulDodge+1","floor":8.0},{"not_picked":["champ:ArenaPreparation+1","champ:FightOn"],"picked":"champ:BringItOn+1","floor":10.0},{"not_picked":["champ:SwordSigil+1","champ:BringItOn+1"],"picked":"champ:Devastate","floor":11.0},{"not_picked":["champ:RageSigil+1","champ:GladiatorsShout+1"],"picked":"champ:AdrenalArmor+1","floor":12.0},{"not_picked":["champ:BladeFlurry","champ:Aggression+1"],"picked":"champ:Backstep+1","floor":14.0},{"not_picked":["champ:FightOn","champ:GladiatorsShout+1"],"picked":"champ:StanceDance+1","floor":15.0},{"not_picked":["champ:MurderStrike","champ:IgnorePain+1"],"picked":"champ:StrikeOfGenius","floor":16.0},{"not_picked":["champ:FocusedBerserking+1","champ:RisingSlash"],"picked":"champ:FanOfKnives+1","floor":19.0},{"not_picked":["champ:Balance+1","champ:BladeFlurry"],"picked":"champ:Circumvent+1","floor":22.0},{"not_picked":["champ:RageSigil+1","champ:ShieldSigil+1"],"picked":"champ:BerserkersShout+1","floor":23.0},{"not_picked":["champ:StanceDance+1","champ:Circumvent+1"],"picked":"champ:BringItOn+1","floor":25.0},{"not_picked":["champ:BerserkersShout+1","champ:TornadoPunch"],"picked":"champ:BringItOn+1","floor":26},{"not_picked":["champ:HeavySlash","champ:Shatter"],"picked":"champ:IronFortress","floor":27},{"not_picked":["champ:StanceDance+1","champ:ViciousMockery+1"],"picked":"champ:Lariat+1","floor":28},{"not_picked":["champ:PreciseThrust","champ:Aggression+1"],"picked":"champ:SwordSigil+1","floor":29},{"not_picked":["champ:PerfectedStrike+1","champ:Haymaker+1"],"picked":"champ:DefensiveStyle","floor":32},{"not_picked":["champ:CrownThrow","champ:DancingMaster"],"picked":"champ:Improvising","floor":33},{"not_picked":["champ:Shatter","champ:CrookedStrike+1"],"picked":"champ:Circumvent+1","floor":36},{"not_picked":["champ:PerfectedStrike","champ:Riposte+1"],"picked":"champ:Circumvent+1","floor":37},{"not_picked":["champ:RisingSlash+1","champ:ShieldSigil+1"],"picked":"champ:ViciousMockery+1","floor":38},{"not_picked":["champ:RageSigil+1","champ:PerfectedStrike+1"],"picked":"champ:BringItOn+1","floor":39},{"not_picked":["champ:EndlessRage","champ:BerserkersShout+1","champ:CrookedStrike"],"picked":"SKIP","floor":40},{"not_picked":["expansioncontent:LastStand","expansioncontent:GoopSpray+1"],"picked":"expansioncontent:Chronoboost","floor":43},{"not_picked":["expansioncontent:ManipulateTime+1","expansioncontent:HyperBeam"],"picked":"expansioncontent:DefensiveStance","floor":43},{"not_picked":["expansioncontent:BronzeBeam","expansioncontent:Hexaburn"],"picked":"expansioncontent:Collect","floor":43},{"not_picked":["champ:FanOfKnives+1","champ:ShieldSigil+1"],"picked":"champ:DefensiveShout+1","floor":44},{"not_picked":["champ:FanOfKnives+1","champ:Encircle"],"picked":"champ:RageSigil+1","floor":48},{"not_picked":["champ:RapidStrikes+1","champ:FlashCut"],"picked":"champ:RageSigil+1","floor":49},{"not_picked":["champ:GladiatorsShout+1","champ:CrownThrow"],"picked":"champ:GladiatorStyle","floor":52}],"player_experience":1730519,"relics_obtained":[{"floor":3.0,"key":"Toxic Egg 2"},{"floor":4.0,"key":"CloakClasp"},{"floor":24.0,"key":"Peace Pipe"},{"floor":27,"key":"Letter Opener"},{"floor":29,"key":"Orichalcum"},{"floor":31,"key":"champ:FightingForDummies"},{"floor":41,"key":"InkBottle"},{"floor":44,"key":"Whetstone"},{"floor":52,"key":"War Paint"}],"event_choices":[{"damage_healed":0.0,"max_hp_gain":0.0,"max_hp_loss":0.0,"gold_gain":0.0,"event_name":"FaceTrader","player_choice":"Trade","floor":5.0,"gold_loss":0.0,"damage_taken":0.0,"relics_obtained":["SsserpentHead"]},{"cards_removed":["champ:SwordSigil"],"damage_healed":0,"gold_gain":0,"player_choice":"Offered Uncommon","damage_taken":0,"max_hp_gain":0,"max_hp_loss":0,"event_name":"Bonfire Elementals","floor":47,"gold_loss":0}],"is_beta":false,"boss_relics":[{"not_picked":["Fusion Hammer","Snecko Eye"],"picked":"SlaversCollar"},{"not_picked":["Pandora\u0027s Box","Coffee Dripper"],"picked":"Sozu"}],"items_purged_floors":[],"is_endless":false,"potions_floor_spawned":[4,6,11,12,16,22,25,26,32,33,44,48],"ascension_level":2}}