{"host":"11728qvdvolffudn","time":1609782004,"event":{"mods":["BaseMod","Block Reminder","Colored Powertips","Custom Start","Displayed Cursed Tome","Highlight Path","Minty Spire (QoL Compilation)","Permanent Neow","Quick Restart","Rare Cards Sparkle","Relic Stats"],"gold_per_floor":[115,133,83,13,13,13,30,30,30,45,45,64,89,189,189,314,314,308,268,282,209,247,247],"floor_reached":22,"playtime":1497,"items_purged":[],"score":176,"play_id":"bdccc2e6-24d4-4a39-8598-fd4817b22f54","local_time":"20210104174004","is_ascension_mode":false,"campfire_choices":[{"data":"Chill","floor":6,"key":"SMITH"},{"data":"Zap","floor":8,"key":"SMITH"},{"data":"Redo","floor":15,"key":"SMITH"}],"circlet_count":0,"master_deck":["Strike_B","Strike_B","Defend_B","Defend_B","Defend_B","Zap+1","Dualcast","BootSequence","Chill+1","Defragment","Redo+1","Seek","Fusion+1","Tempest","Darkness"],"relics":["Cracked Core","Art of War","Pear","Golden Idol","Empty Cage","Red Mask"],"acts_visited":["Exordium","TheCity"],"potions_floor_usage":[16],"damage_taken":[{"damage":2,"enemies":"2 Louse","floor":1,"turns":3},{"damage":1,"enemies":"Cultist","floor":2,"turns":4},{"damage":0,"enemies":"Small Slimes","floor":7,"turns":4},{"damage":3,"enemies":"Looter","floor":10,"turns":3},{"damage":0,"enemies":"Lots of Slimes","floor":12,"turns":5},{"damage":8,"enemies":"Large Slime","floor":13,"turns":5},{"damage":49,"enemies":"Hexaghost","floor":16,"turns":11},{"damage":4,"enemies":"2 Thieves","floor":18,"turns":4},{"damage":2,"enemies":"Shell Parasite","floor":20,"turns":6},{"damage":71,"enemies":"Masked Bandits","floor":22,"turns":5}],"seed_played":"-5864373771602378198","potions_obtained":[{"floor":7,"key":"Swift Potion"},{"floor":10,"key":"FairyPotion"},{"floor":16,"key":"LiquidMemories"},{"floor":20,"key":"PotionOfCapacity"},{"floor":22,"key":"Fire Potion"}],"is_trial":false,"path_per_floor":["M","M","?","$","?","R","M","R","T","M","?","M","M","?","R","B",null,"M","$","M","$","?"],"character_chosen":"DEFECT","items_purchased":["Chill","Tempest","Darkness"],"campfire_rested":0,"item_purchase_floors":[4,19,21],"current_hp_per_floor":[73,72,72,72,72,72,72,72,82,79,58,58,50,50,50,1,85,81,81,79,79,8,8],"gold":247,"neow_bonus":"THREE_CARDS","is_daily":false,"chose_seed":false,"campfire_upgraded":3,"win_rate":0.0,"timestamp":1609782004,"path_taken":["M","M","?","$","?","R","M","R","T","?","?","M","M","?","R","BOSS","M","$","M","?","?"],"items_purchased_type":["Card","Card","Card"],"build_version":"2020-12-22","purchased_purges":0,"victory":false,"max_hp_per_floor":[75,75,75,75,75,75,75,75,85,85,85,85,85,85,85,85,85,85,85,85,85,85,85],"relic_stats":{"counters":[10,50],"Golden Idol":50,"Art of War":[11],"obtain_stats":[{"Pear":9,"Golden Idol":11,"Art of War":5,"Red Mask":22,"Cracked Core":0,"Empty Cage":17},{"Pear":3,"Golden Idol":4,"Art of War":2,"Red Mask":10,"Cracked Core":0,"Empty Cage":7},{"Pear":11,"Golden Idol":14,"Art of War":7,"Red Mask":50,"Cracked Core":0,"Empty Cage":35}]},"card_choices":[{"not_picked":["Static Discharge","Heatsinks"],"picked":"BootSequence","floor":0},{"not_picked":["Hologram","Aggregate","Stack"],"picked":"SKIP","floor":1},{"not_picked":["Hello World","Scrape","Leap"],"picked":"SKIP","floor":2},{"not_picked":["Double Energy","Gash","Conserve Battery"],"picked":"SKIP","floor":7},{"not_picked":["Steam","Go for the Eyes"],"picked":"Defragment","floor":10},{"not_picked":["Leap","BootSequence"],"picked":"Redo","floor":12},{"not_picked":["Go for the Eyes","Double Energy","Gash"],"picked":"SKIP","floor":13},{"not_picked":["Machine Learning","Electrodynamics"],"picked":"Seek","floor":16},{"not_picked":["Consume","Leap"],"picked":"Fusion+1","floor":18},{"not_picked":["Double Energy+1","Steam+1","Aggregate+1"],"picked":"SKIP","floor":20}],"player_experience":68251,"relics_obtained":[{"floor":5,"key":"Art of War"},{"floor":9,"key":"Pear"},{"floor":22,"key":"Red Mask"}],"event_choices":[{"cards_removed":["Strike_B"],"damage_healed":0,"gold_gain":0,"player_choice":"Card Removal","damage_taken":0,"max_hp_gain":0,"max_hp_loss":0,"event_name":"The Cleric","floor":3,"gold_loss":50},{"damage_healed":0,"gold_gain":0,"player_choice":"Relic","damage_taken":0,"max_hp_gain":0,"max_hp_loss":0,"event_name":"Wheel of Change","floor":5,"gold_loss":0},{"damage_healed":0,"gold_gain":0,"player_choice":"Take Damage","damage_taken":21,"relics_obtained":["Golden Idol"],"max_hp_gain":0,"max_hp_loss":0,"event_name":"Golden Idol","floor":11,"gold_loss":0},{"damage_healed":0,"gold_gain":100,"player_choice":"Pray","damage_taken":0,"max_hp_gain":0,"max_hp_loss":0,"event_name":"Golden Shrine","floor":14,"gold_loss":0},{"damage_healed":0,"gold_gain":0,"player_choice":"Fought Bandits","damage_taken":0,"max_hp_gain":0,"max_hp_loss":0,"event_name":"Masked Bandits","floor":22,"gold_loss":0}],"is_beta":false,"boss_relics":[{"not_picked":["Tiny House","Coffee Dripper"],"picked":"Empty Cage"}],"items_purged_floors":[],"is_endless":false,"potions_floor_spawned":[7,10,16,20,22],"killed_by":"Masked Bandits","ascension_level":0}}