{"host":"gk9qdtkqd8dwfeg2","time":1609768073,"event":{"mods":["Aspiration","BaseMod","Colored Powertips","KomeijiMod","Minty Spire (QoL Compilation)","Quick Restart","Replay The Spire","Shop Mod","StSLib","TestMod","The Gatherer","The Servant 0.9.4","Waifu the Spire","WarShipGirlsR/战舰少女R mod","Yuri Mod"],"gold_per_floor":[110,110,510,522,522,522,553,553,623,656,656,656,678,701,701,813,813,839,869,869,891,920,920,967,631,657,696,723,746,706,749,749,869,869,891,941,263,263,295,361,361,407,433,463,506,506,529,121,121,139,139,139,60,104,118],"floor_reached":56,"playtime":1882,"items_purged":["Parasite"],"score":2116,"play_id":"0b341906-1175-4fb3-b434-139ee08390c0","local_time":"20210104214753","is_ascension_mode":true,"campfire_choices":[{"data":"Searing Blow","floor":6.0,"key":"SMITH"},{"data":"Searing Blow+1","floor":8.0,"key":"SMITH"},{"data":"Searing Blow+2","floor":12.0,"key":"SMITH"},{"data":"Armaments","floor":15.0,"key":"SMITH"},{"data":"Searing Blow+3","floor":23.0,"key":"SMITH"},{"floor":32,"key":"RECALL"},{"data":"Searing Blow+4","floor":41,"key":"SMITH"},{"data":"Armaments","floor":49,"key":"SMITH"},{"data":"Dark Embrace","floor":52,"key":"SMITH"}],"circlet_count":0,"master_deck":["Searing Blow+5","Armaments+1","Second Wind","Offering","Body Slam+1","Seeing Red+1","Immolate","Evolve+1","Dark Embrace","Impervious","Impervious","ReplayReversal","Shockwave+1","Double Tap","Armaments+1","Magnetism","Pommel Strike","Shrug It Off","Parasite","Amnesia","Dark Embrace+1","Power Through","Shrug It Off+1"],"relics":["Burning Blood","testmod-IncinerationGenerator","Replay:M_SmolderingBlood","aspiration:DSix","Regal Pillow","ThirstyCrossSpe","Replay:Bandana","WarpedTongs","Bottled Tornado","MerchantsRug","Mirror","Lantern","PreservedInsect","Potion Belt","Oddly Smooth Stone","testmod-TimeTraveler","Ring of Greed","Golden Idol","Tiny Chest","Ring of Peace","HornCleat","Letter Opener","Replay:Bottled Snecko","aspiration:HummingbirdHeart","testmod-BlackFramedGlasses","Unceasing Top","testmod-ThousandKnives","Happy Flower","OrangePellets","Pen Nib","testmod-AssaultLearning"],"acts_visited":["Exordium","TheCity","TheBeyond","TheEnding"],"potions_floor_usage":[50,55,55,55,55],"damage_taken":[{"damage":1.0,"enemies":"Cultist","floor":1.0,"turns":3.0},{"damage":3.0,"enemies":"2 Louse","floor":4.0,"turns":2.0},{"damage":16.0,"enemies":"Gremlin Nob","floor":7.0,"turns":3.0},{"damage":8.0,"enemies":"3 Sentries","floor":10.0,"turns":8.0},{"damage":0.0,"enemies":"Jaw Worm","floor":13.0,"turns":2.0},{"damage":3.0,"enemies":"Large Slime","floor":14.0,"turns":3.0},{"damage":38.0,"enemies":"The Guardian","floor":16.0,"turns":8.0},{"damage":24.0,"enemies":"Spheric Guardian","floor":18.0,"turns":4.0},{"damage":12.0,"enemies":"Chosen","floor":19.0,"turns":2.0},{"damage":6.0,"enemies":"Snecko","floor":21.0,"turns":2.0},{"damage":6.0,"enemies":"Cultist and Chosen","floor":22.0,"turns":3.0},{"damage":9.0,"enemies":"Slavers","floor":24.0,"turns":2.0},{"damage":6.0,"enemies":"Book of Stabbing","floor":27.0,"turns":2.0},{"damage":8.0,"enemies":"3 Cultists","floor":28.0,"turns":3.0},{"damage":18.0,"enemies":"Snake Plant","floor":29.0,"turns":2.0},{"damage":1.0,"enemies":"Gremlin Leader","floor":31.0,"turns":2.0},{"damage":15,"enemies":"Automaton","floor":33,"turns":5},{"damage":0,"enemies":"Orb Walker","floor":35,"turns":2},{"damage":0,"enemies":"3 Darklings","floor":39,"turns":2},{"damage":0,"enemies":"R_Hoarder","floor":40,"turns":3},{"damage":9,"enemies":"Nemesis","floor":42,"turns":5},{"damage":7,"enemies":"Writhing Mass","floor":44,"turns":3},{"damage":28,"enemies":"R_Hoarder","floor":45,"turns":6},{"damage":10,"enemies":"2 Orb Walkers","floor":46,"turns":4},{"damage":6,"enemies":"Donu and Deca","floor":50,"turns":3},{"damage":9,"enemies":"Shield and Spear","floor":54,"turns":4},{"damage":6,"enemies":"The Heart","floor":55,"turns":5}],"seed_played":"1626522425552589419","potions_obtained":[{"floor":1.0,"key":"Fire Potion"},{"floor":7.0,"key":"CultistPotion"},{"floor":13.0,"key":"Fire Potion"},{"floor":28.0,"key":"Energy Potion"},{"floor":29.0,"key":"Swift Potion"},{"floor":30.0,"key":"SkillPotion"},{"floor":39,"key":"testmod-TestPotion"},{"floor":44,"key":"HeartOfIron"}],"is_trial":false,"path_per_floor":["M","?","?","M","T","R","E","R","T","E","?","R","M","M","R","B",null,"M","M","?","M","M","R","E","$","T","E","M","M","?","E","R","B",null,"M","?","$","?","M","E","R","E","T","M","E","?","T","$","R","B",null,"R","$","E","B",null],"character_chosen":"IRONCLAD","items_purchased":["MerchantsRug","Mirror","Impervious","Lantern","HornCleat","Magnetism","Letter Opener","OrangePellets","Dark Embrace","Pen Nib","Power Through"],"campfire_rested":0,"item_purchase_floors":[25,25,25,25,37,37,37,48,48,48,53],"current_hp_per_floor":[77,77,77,80,80,80,70,70,70,68,68,68,74,77,77,45,71,53,47,47,47,47,47,44,44,44,44,42,30,30,35,35,26,67,73,73,73,73,79,80,80,77,77,79,61,61,61,61,61,64,74,74,74,75,77],"gold":118,"neow_bonus":"NOSTALGIA","is_daily":false,"chose_seed":false,"campfire_upgraded":8,"win_rate":0.0,"timestamp":1609768073,"path_taken":["M","?","?","M","?","R","E","R","T","E","?","R","?","M","R","BOSS","M","M","?","M","M","R","E","$","T","E","M","M","?","E","R","BOSS","M","?","$","?","M","E","R","E","T","?","E","?","?","$","R","BOSS","R","$","E","BOSS"],"items_purchased_type":["Relic","Relic","Card","Relic","Relic","Card","Relic","Relic","Card","Relic","Card"],"build_version":"2020-12-22","purchased_purges":1,"victory":true,"max_hp_per_floor":[80,80,80,80,80,80,80,80,80,80,80,80,80,80,80,80,80,80,80,80,80,80,80,80,80,80,80,80,80,80,80,80,80,80,80,80,80,80,80,80,80,80,80,80,80,80,80,77,77,77,77,77,77,77,77],"card_choices":[{"not_picked":["Carnage","Cleave"],"picked":"Searing Blow","floor":1.0},{"not_picked":["ReplayTheSpireMod:Strike From Hell","Perfected Strike"],"picked":"Armaments","floor":4.0},{"not_picked":["Clash","Iron Wave","Sword Boomerang"],"picked":"SKIP","floor":7.0},{"not_picked":["Rampage","Uppercut","Rupture"],"picked":"SKIP","floor":10.0},{"not_picked":["Body Slam","ReplayTheSpireMod:Strike From Hell","Infernal Blade"],"picked":"SKIP","floor":13.0},{"not_picked":["Sword Boomerang","ReplayTheSpireMod:Strike From Hell"],"picked":"Second Wind","floor":14.0},{"not_picked":["Demon Form","Demonic Infusion"],"picked":"Offering","floor":16.0},{"not_picked":["Wild Strike","Uppercut"],"picked":"Body Slam+1","floor":18.0},{"not_picked":["Spot Weakness","Hemokinesis"],"picked":"Seeing Red+1","floor":19.0},{"not_picked":["Body Slam","Immolate","Heavy Blade+1"],"picked":"SKIP","floor":21.0},{"not_picked":["Body Slam","Heavy Blade+1"],"picked":"Immolate","floor":21.0},{"not_picked":["Sword Boomerang","Wild Strike"],"picked":"Evolve+1","floor":22.0},{"not_picked":["Body Slam","Spot Weakness"],"picked":"Dark Embrace","floor":24.0},{"not_picked":["Shrug It Off","Rupture"],"picked":"ReplayReversal","floor":27.0},{"not_picked":["Flex+1","True Grit","Havoc"],"picked":"SKIP","floor":28.0},{"not_picked":["Warcry","Headbutt+1","Life Link"],"picked":"SKIP","floor":29.0},{"not_picked":["Clash","Abandon"],"picked":"Shockwave+1","floor":31.0},{"not_picked":["Limit Break","Corruption"],"picked":"Double Tap","floor":33},{"not_picked":["Cleave","Body Slam"],"picked":"Armaments","floor":35},{"not_picked":["ReplayTheSpireMod:Corrosion Curse","Searing Blow","Disarm+1"],"picked":"SKIP","floor":39},{"not_picked":["Second Wind+1","ReplayTheSpireMod:Strike From Hell"],"picked":"Pommel Strike","floor":40},{"not_picked":["Combust","Run Through"],"picked":"Shrug It Off","floor":42},{"not_picked":["Body Slam+1","Clothesline","Hemokinesis+1"],"picked":"SKIP","floor":44},{"not_picked":["Ghostly Armor+1","Thunderclap","Shockwave+1"],"picked":"SKIP","floor":45},{"not_picked":["ReplayTheSpireMod:Strike From Hell","Reckless Charge"],"picked":"Shrug It Off+1","floor":54}],"player_experience":608719,"relics_obtained":[{"floor":5.0,"key":"aspiration:DSix"},{"floor":7.0,"key":"Regal Pillow"},{"floor":9.0,"key":"aspiration:SeaSaltIceCream"},{"floor":10.0,"key":"Replay:Bandana"},{"floor":24.0,"key":"Bottled Tornado"},{"floor":26.0,"key":"PreservedInsect"},{"floor":27.0,"key":"Potion Belt"},{"floor":31.0,"key":"Oddly Smooth Stone"},{"floor":36,"key":"Ring of Greed"},{"floor":36,"key":"Golden Idol"},{"floor":36,"key":"Tiny Chest"},{"floor":36,"key":"Ring of Peace"},{"floor":40,"key":"aspiration:HummingbirdHeart"},{"floor":42,"key":"testmod-BlackFramedGlasses"},{"floor":45,"key":"Unceasing Top"},{"floor":46,"key":"testmod-ThousandKnives"},{"floor":47,"key":"Happy Flower"},{"floor":54,"key":"testmod-AssaultLearning"}],"event_choices":[{"damage_healed":0.0,"max_hp_gain":0.0,"max_hp_loss":0.0,"gold_gain":400.0,"event_name":"恩洛斯的盘子","player_choice":"Sell","floor":3.0,"relics_lost":["testmod-TestBox"],"gold_loss":0.0,"damage_taken":0.0},{"damage_healed":0.0,"max_hp_gain":0.0,"max_hp_loss":0.0,"gold_gain":0.0,"event_name":"Accursed Blacksmith","player_choice":"Rummage","floor":11.0,"gold_loss":0.0,"damage_taken":0.0,"relics_obtained":["WarpedTongs"],"cards_obtained":["Pain"]},{"damage_healed":0.0,"max_hp_gain":0.0,"max_hp_loss":0.0,"gold_gain":0.0,"event_name":"Back to Basics","player_choice":"Simplicity","floor":20.0,"gold_loss":0.0,"damage_taken":0.0,"cards_upgraded":["Strike_R","Strike_R","Strike_R","Defend_R","Defend_R"]},{"damage_healed":0.0,"max_hp_gain":0.0,"max_hp_loss":0.0,"gold_gain":0.0,"event_name":"The Woman in Blue","player_choice":"Bought 3 Potions","floor":30.0,"gold_loss":0.0,"damage_taken":0.0},{"damage_healed":0,"gold_gain":0,"player_choice":"Gave Potion","damage_taken":0,"relics_obtained":["Replay:Bottled Snecko"],"max_hp_gain":0,"max_hp_loss":0,"event_name":"WeMeetAgain","floor":38,"gold_loss":0},{"damage_healed":0,"gold_gain":0,"player_choice":"Fight","damage_taken":0,"max_hp_gain":0,"max_hp_loss":0,"event_name":"Mysterious Sphere","floor":46,"gold_loss":0}],"is_beta":false,"boss_relics":[{"not_picked":["Cursed Key","Empty Cage"],"picked":"testmod-KeyOfTheVoid"},{"not_picked":["Velvet Choker","aspiration:ServantSkillbook"],"picked":"testmod-TimeTraveler"}],"items_purged_floors":[48],"is_endless":false,"potions_floor_spawned":[1,7,13,16,18,24,28,29,39,44,46],"ascension_level":9}}