{"host":"jq8d8epkoknfq6em","time":1609804599,"event":{"mods":["AchievementEnabler","BaseMod","Colored Map","Colored Powertips","Highlight Path","Minty Spire (QoL Compilation)","Quick Restart","StSLib"],"gold_per_floor":[112,187,187,201,201,236,236,269,295,295,19,53,70,89,89,193,193,183,56,56,70,86,86,105,105,105],"floor_reached":25,"playtime":1821,"items_purged":["Strike_R"],"score":343,"play_id":"d0b14f6d-0440-4f7c-8819-2a9e3182e41c","local_time":"20210105005639","is_ascension_mode":true,"campfire_choices":[{"floor":7,"key":"REST"},{"floor":10,"key":"REST"},{"data":"Dropkick","floor":15,"key":"SMITH"},{"data":"Whirlwind","floor":23,"key":"SMITH"}],"circlet_count":0,"master_deck":["AscendersBane","Strike_R","Strike_R","Strike_R","Strike_R","Defend_R","Defend_R","Defend_R","Defend_R","Bash+1","Metallicize","Dropkick+1","Feel No Pain","Battle Trance","Trip","Metallicize","Whirlwind+1","Limit Break","Sever Soul","Impervious","Intimidate","Headbutt","Body Slam","Shockwave","Clothesline"],"relics":["Burning Blood","Nunchaku","Bag of Marbles","Potion Belt","Juzu Bracelet","Sozu"],"acts_visited":["Exordium","TheCity"],"potions_floor_usage":[16,16,16,18,24],"damage_taken":[{"damage":0,"enemies":"2 Louse","floor":1,"turns":3},{"damage":3,"enemies":"Small Slimes","floor":4,"turns":5},{"damage":57,"enemies":"3 Sentries","floor":6,"turns":13},{"damage":20,"enemies":"Gremlin Nob","floor":8,"turns":5},{"damage":19,"enemies":"Lagavulin","floor":12,"turns":8},{"damage":6,"enemies":"Cultist","floor":13,"turns":3},{"damage":8,"enemies":"Red Slaver","floor":14,"turns":5},{"damage":12,"enemies":"Slime Boss","floor":16,"turns":6},{"damage":14,"enemies":"2 Thieves","floor":18,"turns":4},{"damage":26,"enemies":"Shell Parasite","floor":21,"turns":4},{"damage":17,"enemies":"Snecko","floor":22,"turns":5},{"damage":24,"enemies":"Chosen and Byrds","floor":24,"turns":8},{"damage":11,"enemies":"Gremlin Leader","floor":25,"turns":2}],"seed_played":"-869872004469550218","potions_obtained":[{"floor":6,"key":"Swift Potion"},{"floor":8,"key":"BlessingOfTheForge"},{"floor":16,"key":"EssenceOfSteel"}],"is_trial":false,"path_per_floor":["M","?","?","M","?","E","R","E","T","R","$","E","M","M","R","B",null,"M","$","?","M","M","R","M","E"],"character_chosen":"IRONCLAD","items_purchased":["Trip","Metallicize","SteroidPotion","Dexterity Potion","Headbutt"],"campfire_rested":2,"item_purchase_floors":[11,11,11,11,19],"current_hp_per_floor":[78,67,67,70,70,19,43,29,29,53,53,40,40,38,38,32,68,60,60,60,40,29,29,11,0,0],"gold":105,"neow_bonus":"THREE_CARDS","is_daily":false,"chose_seed":false,"campfire_upgraded":2,"win_rate":0.0,"timestamp":1609804599,"path_taken":["M","?","?","M","?","E","R","E","T","R","$","E","M","M","R","BOSS","M","$","?","M","M","R","M","E"],"items_purchased_type":["Card","Card","Potion","Potion","Card"],"build_version":"2020-12-22","purchased_purges":1,"victory":false,"max_hp_per_floor":[80,80,80,80,80,80,80,80,80,80,80,80,80,80,80,80,80,80,80,80,80,80,80,80,80,80],"card_choices":[{"not_picked":["Flex","Blood for Blood"],"picked":"Metallicize","floor":0},{"not_picked":["Heavy Blade","Anger","Clash"],"picked":"SKIP","floor":1},{"not_picked":["Clothesline","Perfected Strike"],"picked":"Dropkick","floor":4},{"not_picked":["Clothesline","Bloodletting"],"picked":"Feel No Pain","floor":6},{"not_picked":["Ghostly Armor","Flex"],"picked":"Battle Trance","floor":8},{"not_picked":["True Grit","Sword Boomerang"],"picked":"Whirlwind","floor":12},{"not_picked":["Clash","Flex"],"picked":"Limit Break","floor":13},{"not_picked":["Thunderclap","Sword Boomerang"],"picked":"Sever Soul","floor":14},{"not_picked":["Exhume","Reaper"],"picked":"Impervious","floor":16},{"not_picked":["Shrug It Off","Blood for Blood+1"],"picked":"Intimidate","floor":18},{"not_picked":["Warcry","Heavy Blade"],"picked":"Body Slam","floor":21},{"not_picked":["Clothesline","Iron Wave"],"picked":"Shockwave","floor":22},{"not_picked":["Cleave","Heavy Blade+1"],"picked":"Clothesline","floor":24}],"player_experience":938338,"relics_obtained":[{"floor":6,"key":"Nunchaku"},{"floor":8,"key":"Bag of Marbles"},{"floor":9,"key":"Potion Belt"},{"floor":12,"key":"Juzu Bracelet"}],"event_choices":[{"damage_healed":0,"gold_gain":75,"player_choice":"Gather Gold","damage_taken":11,"max_hp_gain":0,"max_hp_loss":0,"event_name":"World of Goop","floor":2,"gold_loss":0},{"damage_healed":0,"gold_gain":0,"player_choice":"Ignored","damage_taken":0,"max_hp_gain":0,"max_hp_loss":0,"event_name":"Liars Game","floor":3,"gold_loss":0},{"damage_healed":0,"gold_gain":0,"player_choice":"Grow","damage_taken":0,"max_hp_gain":0,"max_hp_loss":0,"event_name":"Living Wall","floor":5,"gold_loss":0,"cards_upgraded":["Bash"]},{"damage_healed":0,"gold_gain":0,"player_choice":"Ignored","damage_taken":0,"max_hp_gain":0,"max_hp_loss":0,"event_name":"The Mausoleum","floor":20,"gold_loss":0}],"is_beta":false,"boss_relics":[{"not_picked":["Pandora\u0027s Box","Runic Cube"],"picked":"Sozu"}],"items_purged_floors":[19],"is_endless":false,"potions_floor_spawned":[6,8,16,21,22,24],"killed_by":"Gremlin Leader","ascension_level":11}}