{"host":"cr892wvdvh6p7gzy","time":1609719769,"event":{"mods":["A Magickal Journey","BaseMod","Downfall","GifTheSpireLib","Minty Spire (QoL Compilation)","READ ME - Guardian Mod","SOS???????","StSLib","The Bug Knight","The Dragon Tamer","The Necromancer","The Runesmith","The Servant 0.9.4","???Mod??????Boss"],"gold_per_floor":[99,110,110,129,129,129,129,129,69,83,95,56,56,56,69,69,69,69],"floor_reached":16,"playtime":1402,"items_purged":[],"score":90,"play_id":"8de1bb8b-a488-4326-af5a-bcd41939f09a","local_time":"20210104012249","is_ascension_mode":false,"campfire_choices":[{"data":"champ:Taunt","floor":1,"key":"SMITH"},{"data":"champ:Execute","floor":6,"key":"SMITH"},{"data":"champ:GutPunch","floor":8,"key":"SMITH"},{"data":"champ:CrookedStrike","floor":13,"key":"SMITH"}],"circlet_count":0,"master_deck":["champ:Strike","champ:Strike","champ:Strike","champ:Strike","champ:Defend","champ:Defend","champ:Defend","champ:Defend","champ:Execute+1","champ:Taunt+1","champ:GutPunch+1","champ:Devastate","champ:TornadoPunch","champ:CrookedStrike+1","champ:Backstep"],"relics":["champ:ChampionCrown","Omamori","Tiny Chest"],"acts_visited":["Exordium"],"potions_floor_usage":[16,16],"damage_taken":[{"damage":5,"enemies":"Small Slimes","floor":2,"turns":5},{"damage":10,"enemies":"Jaw Worm","floor":4,"turns":5},{"damage":21,"enemies":"downfall:FleeingMerchant","floor":9,"turns":4},{"damage":10,"enemies":"2 Louse","floor":10,"turns":2},{"damage":16,"enemies":"Large Slime","floor":11,"turns":5},{"damage":0,"enemies":"downfall:FleeingMerchant","floor":12,"turns":4},{"damage":10,"enemies":"Blue Slaver","floor":15,"turns":4},{"damage":88,"enemies":"downfall:Silent","floor":16,"turns":13}],"seed_played":"-6724782020906541262","potions_obtained":[{"floor":10,"key":"Dexterity Potion"},{"floor":11,"key":"champ:OpenerPotion"}],"is_trial":false,"path_per_floor":["R","M","?","M","?","R","T","R","$","M","M","$","R","?","M","B"],"character_chosen":"THE_CHAMP","items_purchased":["champ:TornadoPunch","champ:Backstep"],"campfire_rested":0,"item_purchase_floors":[9,12],"current_hp_per_floor":[99,99,99,99,99,99,99,99,99,99,93,93,93,93,83,0,0,0],"gold":69,"neow_bonus":"TEN_PERCENT_HP_BONUS","is_daily":false,"chose_seed":false,"campfire_upgraded":4,"win_rate":0.0,"timestamp":1609719769,"path_taken":["R","M","?","M","?","R","T","R","?","M","M","$","R","?","M","BOSS"],"items_purchased_type":["Card","Card"],"build_version":"2020-12-22","purchased_purges":0,"victory":false,"max_hp_per_floor":[99,99,99,99,99,99,99,99,99,99,99,99,99,99,99,99,99,99],"card_choices":[{"not_picked":["champ:ArenaPreparation","champ:DefensiveShout","champ:FocusedGladiator"],"picked":"SKIP","floor":2},{"not_picked":["champ:AdrenalArmor","champ:Backstep"],"picked":"champ:GutPunch","floor":4},{"not_picked":["champ:LastStand","champ:EnragedBash"],"picked":"champ:Devastate","floor":9},{"not_picked":["champ:Backstep","champ:GladiatorStyle","champ:GladiatorsShout"],"picked":"SKIP","floor":10},{"not_picked":["champ:PerfectedStrike","champ:FanOfKnives"],"picked":"champ:CrookedStrike","floor":11},{"not_picked":["champ:IronFortress","champ:Circumvent","champ:Duel"],"picked":"SKIP","floor":12},{"not_picked":["champ:Backstep","champ:Shatter","champ:Circumvent"],"picked":"SKIP","floor":15}],"player_experience":446897,"relics_obtained":[{"floor":7,"key":"Omamori"}],"event_choices":[],"is_beta":false,"boss_relics":[],"items_purged_floors":[],"is_endless":false,"potions_floor_spawned":[10,11],"killed_by":"downfall:Silent","ascension_level":0}}