{"host":"yn1175etg9ni8l0q","time":1609786136,"event":{"mods":["AchievementEnabler","BaseMod","Colored Map","Colored Powertips","DeckTracker","Minty Spire (QoL Compilation)","Rare Cards Sparkle","Relic Stats","SuperFastMode","everything is the same but u backflip on backflip"],"gold_per_floor":[109,109,109,128,149,189,189,209,209,249,249,31,31,46,46,166,166,190,190,209,232,256,256,256,256],"floor_reached":24,"playtime":637,"items_purged":["Strike_B"],"score":233,"play_id":"402d9faa-b6ca-43ed-a46c-c7ea05360b34","local_time":"20210105034856","is_ascension_mode":false,"campfire_choices":[{"data":"Dualcast","floor":7.0,"key":"SMITH"},{"floor":13.0,"key":"REST"},{"data":"Strike_B","floor":15.0,"key":"PURGE"},{"floor":23.0,"key":"REST"}],"circlet_count":0,"master_deck":["Strike_B","Defend_B","Defend_B","Defend_B","Defend_B","Zap","Dualcast+1","Go for the Eyes","Ball Lightning","Conserve Battery","Hologram","Turbo","Sunder","BootSequence","Loop","Chill","Meteor Strike","Capacitor","Reinforced Body+1","Reinforced Body","Rebound"],"relics":["Cracked Core","FossilizedHelix","Golden Idol","Ice Cream","Lizard Tail","Peace Pipe","Pantograph","Orrery","SacredBark"],"acts_visited":["Exordium","TheCity"],"potions_floor_usage":[24],"damage_taken":[{"damage":2.0,"enemies":"Jaw Worm","floor":1.0,"turns":3.0},{"damage":0.0,"enemies":"Small Slimes","floor":4.0,"turns":3.0},{"damage":0.0,"enemies":"Cultist","floor":5.0,"turns":3.0},{"damage":0.0,"enemies":"Gremlin Nob","floor":6.0,"turns":3.0},{"damage":0.0,"enemies":"Looter","floor":8.0,"turns":2.0},{"damage":8.0,"enemies":"Lagavulin","floor":10.0,"turns":6.0},{"damage":0.0,"enemies":"2 Fungi Beasts","floor":14.0,"turns":3.0},{"damage":4.0,"enemies":"Slime Boss","floor":16.0,"turns":9.0},{"damage":0.0,"enemies":"Chosen","floor":18.0,"turns":4.0},{"damage":23.0,"enemies":"2 Thieves","floor":20.0,"turns":5.0},{"damage":24.0,"enemies":"Shelled Parasite and Fungi","floor":21.0,"turns":7.0},{"damage":0.0,"enemies":"Centurion and Healer","floor":22.0,"turns":8.0},{"damage":47,"enemies":"Gremlin Leader","floor":24,"turns":7}],"seed_played":"-274228204459636509","potions_obtained":[{"floor":4.0,"key":"BlessingOfTheForge"},{"floor":10.0,"key":"Ancient Potion"},{"floor":14.0,"key":"BlessingOfTheForge"},{"floor":16.0,"key":"SmokeBomb"},{"floor":18.0,"key":"BlessingOfTheForge"}],"is_trial":false,"path_per_floor":["M","?","?","M","M","E","R","M","T","E","?","$","R","M","R","B",null,"M","?","M","M","M","R","E"],"character_chosen":"DEFECT","items_purchased":["Orrery"],"campfire_rested":2,"item_purchase_floors":[12],"current_hp_per_floor":[52,34,31,31,31,31,31,31,31,23,16,16,38,38,38,59,75,75,75,52,28,28,50,3,3],"gold":256,"neow_bonus":"ONE_RARE_RELIC","is_daily":false,"chose_seed":false,"campfire_upgraded":1,"win_rate":0.0,"timestamp":1609786136,"path_taken":["M","?","?","M","M","E","R","M","T","E","?","$","R","M","R","BOSS","M","?","M","M","M","R","E"],"items_purchased_type":["Relic"],"build_version":"2020-12-22","purchased_purges":1,"victory":false,"max_hp_per_floor":[75,75,75,75,75,75,75,75,75,75,75,75,75,75,75,75,75,75,75,75,75,75,75,75,75],"relic_stats":{"Peace Pipe":1,"Lizard Tail":0,"counters":[13,63],"Golden Idol":74,"Pantograph":25,"obtain_stats":[{"Ice Cream":3,"Peace Pipe":9,"Lizard Tail":6,"Golden Idol":2,"Pantograph":10,"SacredBark":17,"Orrery":12,"Cracked Core":0,"FossilizedHelix":0},{"Ice Cream":1,"Peace Pipe":5,"Lizard Tail":4,"Golden Idol":1,"Pantograph":6,"SacredBark":8,"Orrery":6,"Cracked Core":0,"FossilizedHelix":0},{"Ice Cream":3,"Peace Pipe":14,"Lizard Tail":12,"Golden Idol":3,"Pantograph":20,"SacredBark":32,"Orrery":20,"Cracked Core":0,"FossilizedHelix":0}]},"card_choices":[{"not_picked":["Turbo","Hologram"],"picked":"Go for the Eyes","floor":1.0},{"not_picked":["Coolheaded","Redo"],"picked":"Ball Lightning","floor":4.0},{"not_picked":["Coolheaded","Leap"],"picked":"Conserve Battery","floor":5.0},{"not_picked":["Creative AI","Reprogram"],"picked":"Hologram","floor":6.0},{"not_picked":["Redo","Beam Cell"],"picked":"Turbo","floor":8.0},{"not_picked":["Aggregate","Streamline"],"picked":"Sunder","floor":10.0},{"not_picked":["Storm","Capacitor"],"picked":"BootSequence","floor":12.0},{"not_picked":["Force Field","Leap"],"picked":"Loop","floor":12.0},{"not_picked":["Rebound","Rainbow"],"picked":"Chill","floor":14.0},{"not_picked":["Hyperbeam","Echo Form"],"picked":"Meteor Strike","floor":16.0},{"not_picked":["Streamline+1","Melter"],"picked":"Capacitor","floor":18.0},{"not_picked":["Steam+1","Hologram"],"picked":"Reinforced Body+1","floor":20.0},{"not_picked":["Redo","Beam Cell"],"picked":"Reinforced Body","floor":21.0},{"not_picked":["Hologram","Fusion","Rebound"],"picked":"SKIP","floor":22.0},{"not_picked":["Hologram","Fusion"],"picked":"Rebound","floor":22.0}],"player_experience":304558,"relics_obtained":[{"floor":6.0,"key":"Lizard Tail"},{"floor":9.0,"key":"Peace Pipe"},{"floor":10.0,"key":"Pantograph"}],"event_choices":[{"damage_healed":0.0,"max_hp_gain":0.0,"max_hp_loss":0.0,"gold_gain":0.0,"event_name":"Golden Idol","player_choice":"Take Damage","floor":2.0,"gold_loss":0.0,"damage_taken":18.0,"relics_obtained":["Golden Idol"]},{"damage_healed":0.0,"max_hp_gain":0.0,"max_hp_loss":0.0,"gold_gain":0.0,"event_name":"Scrap Ooze","player_choice":"Success","floor":3.0,"gold_loss":0.0,"damage_taken":3.0,"relics_obtained":["Ice Cream"]},{"cards_removed":["Strike_B"],"damage_healed":0.0,"max_hp_gain":0.0,"max_hp_loss":0.0,"gold_gain":0.0,"event_name":"Golden Wing","player_choice":"Card Removal","floor":11.0,"gold_loss":0.0,"damage_taken":7.0},{"damage_healed":0.0,"max_hp_gain":0.0,"max_hp_loss":0.0,"gold_gain":0.0,"event_name":"N\u0027loth","player_choice":"Ignored","floor":19.0,"gold_loss":0.0,"damage_taken":0.0}],"is_beta":false,"boss_relics":[{"not_picked":["Calling Bell","Velvet Choker"],"picked":"SacredBark"}],"items_purged_floors":[12],"is_endless":false,"potions_floor_spawned":[4,10,14,16,18,21],"killed_by":"Gremlin Leader","ascension_level":0}}