{"host":"5fasz840ryq7obdf","time":1609758342,"event":{"mods":["2.2 Compatiblity","AchievementEnabler","BaseMod","Bestiary","Better Altar","Better Skull","Better Third Choice","BetterRewards","Block Reminder","Colored Powertips","Curses Come First","Downfall","Minty Spire (QoL Compilation)","Quick Restart","Relic Sorter","Relic Stats","Shop Mod","Spicy Shops","StSLib","SuperFastMode","ojb\u0027s Better Paths Mod","ojb\u0027s Info Mod"],"gold_per_floor":[99,116,132,43,59,59,84,96,124,124,224,258,108,9,25,124,124,124,142,242,252,10,10,10,10,43,43,53,53,71,97,97,97,97],"floor_reached":32,"playtime":6882,"items_purged":[],"score":317,"play_id":"8b889df8-f314-4988-91a5-73f7fd431707","local_time":"20210104110542","is_ascension_mode":true,"campfire_choices":[{"data":"champ:Taunt","floor":1.0,"key":"SMITH"},{"floor":6.0,"key":"RECALL"},{"data":"champ:SwordThrow","floor":13.0,"key":"SMITH"},{"data":"champ:EndlessRage","floor":18.0,"key":"SMITH"},{"data":"champ:Backstep","floor":23.0,"key":"SMITH"},{"data":"champ:EndlessRage","floor":25.0,"key":"SMITH"},{"floor":29.0,"key":"REST"}],"circlet_count":0,"master_deck":["champ:Strike","champ:Strike","champ:Strike","champ:Defend","champ:Defend","champ:Defend","champ:Defend","champ:Execute","champ:Taunt+1","champ:ShieldSlam","champ:RecklessLeap","champ:StanceDance+1","champ:Encircle","champ:GutPunch","champ:AdrenalArmor+1","champ:BerserkerStyle","champ:SwordThrow+1","champ:Backstep+1","champ:DeathBlow","champ:EndlessRage+1","champ:Devastate","champ:RageSigil+1","champ:Lariat+1","champ:CheapShot","champ:StanceDance+1","champ:EndlessRage+1","Clumsy","champ:ShieldSigil+1","champ:Circumvent+1","champ:Improvising","champ:Backstep+1"],"relics":["champ:ChampionCrown","Dream Catcher","Boot","Sundial","Pantograph","downfall:HeartBlessingRed","downfall:HeartBlessingGreen","Cursed Key","Shovel","Toxic Egg 2","Strawberry","War Paint","Blood Vial","Letter Opener"],"acts_visited":["Exordium","TheCity"],"potions_floor_usage":[],"damage_taken":[{"damage":12.0,"enemies":"Small Slimes","floor":2.0,"turns":3.0},{"damage":0.0,"enemies":"2 Louse","floor":3.0,"turns":2.0},{"damage":26.0,"enemies":"downfall:FleeingMerchant","floor":4.0,"turns":4.0},{"damage":25.0,"enemies":"Jaw Worm","floor":5.0,"turns":3.0},{"damage":28.0,"enemies":"Large Slime","floor":8.0,"turns":2.0},{"damage":35.0,"enemies":"3 Sentries","floor":9.0,"turns":4.0},{"damage":45.0,"enemies":"Lagavulin","floor":12.0,"turns":6.0},{"damage":46.0,"enemies":"downfall:FleeingMerchant","floor":14.0,"turns":4.0},{"damage":56.0,"enemies":"Gremlin Gang","floor":15.0,"turns":4.0},{"damage":33.0,"enemies":"downfall:Ironclad","floor":16.0,"turns":5.0},{"damage":25.0,"enemies":"Chosen","floor":19.0,"turns":4.0},{"damage":66.0,"enemies":"downfall:CharBossIronclad","floor":20.0,"turns":5.0},{"damage":28.0,"enemies":"Snecko","floor":21.0,"turns":3.0},{"damage":57.0,"enemies":"downfall:FleeingMerchant","floor":22.0,"turns":4.0},{"damage":48.0,"enemies":"Gremlin Leader","floor":26.0,"turns":4.0},{"damage":17.0,"enemies":"Snake Plant","floor":28.0,"turns":1.0},{"damage":63.0,"enemies":"3 Cultists","floor":30.0,"turns":6.0},{"damage":23.0,"enemies":"Slavers","floor":31.0,"turns":6.0},{"damage":19,"enemies":"Chosen and Byrds","floor":32,"turns":4}],"seed_played":"-1764156393353779698","potions_obtained":[{"floor":3.0,"key":"Block Potion"},{"floor":8.0,"key":"ColorlessPotion"},{"floor":9.0,"key":"BlessingOfTheForge"},{"floor":15.0,"key":"Energy Potion"},{"floor":16.0,"key":"Dexterity Potion"},{"floor":30.0,"key":"Fire Potion"}],"is_trial":false,"path_per_floor":["R","M","M","$","M","R","T","M","E","?","?","E","R","$","M","B",null,"R","M","?","M","$","R","T","R","E","?","M","R","M","E","M"],"character_chosen":"THE_CHAMP","items_purchased":["champ:GutPunch","champ:AdrenalArmor","champ:DeathBlow","champ:StanceDance+1","champ:EndlessRage"],"campfire_rested":1,"item_purchase_floors":[4,4,14,22,22],"current_hp_per_floor":[90,83,83,83,76,76,76,76,72,69,69,62,62,59,47,70,90,90,84,75,75,55,55,62,62,41,16,18,47,17,12,0,0,0],"gold":97,"neow_bonus":"TRANSFORM_CARD","is_daily":false,"chose_seed":false,"campfire_upgraded":5,"win_rate":0.0,"timestamp":1609758342,"path_taken":["R","M","M","$","M","R","T","M","E","?","?","E","R","$","M","BOSS","R","M","?","M","$","R","T","R","E","?","M","R","M","E","M"],"items_purchased_type":["Card","Card","Card","Card","Card"],"build_version":"2020-12-22","purchased_purges":0,"victory":false,"max_hp_per_floor":[90,90,90,90,90,90,90,90,90,90,90,90,90,90,90,90,90,90,90,90,90,90,90,97,97,97,97,97,97,97,97,97,97,97],"relic_stats":{"Blood Vial":8,"Dream Catcher":1,"Shovel":0,"counters":[19,74],"Sundial":[4],"Pantograph":31,"Letter Opener":[5],"War Paint":["champ:AdrenalArmor","champ:StanceDance"],"Boot":[5],"Cursed Key":1,"obtain_stats":[{"downfall:HeartBlessingRed":13,"champ:ChampionCrown":0,"downfall:HeartBlessingGreen":13,"Letter Opener":31,"War Paint":26,"Boot":9,"Cursed Key":17,"Blood Vial":27,"Dream Catcher":7,"Shovel":20,"Sundial":10,"Pantograph":12,"Strawberry":24,"Toxic Egg 2":20},{"downfall:HeartBlessingRed":7,"champ:ChampionCrown":0,"downfall:HeartBlessingGreen":7,"Letter Opener":18,"War Paint":15,"Boot":6,"Cursed Key":10,"Blood Vial":15,"Dream Catcher":4,"Shovel":12,"Sundial":6,"Pantograph":7,"Strawberry":14,"Toxic Egg 2":12},{"downfall:HeartBlessingRed":24,"champ:ChampionCrown":0,"downfall:HeartBlessingGreen":24,"Letter Opener":70,"War Paint":57,"Boot":18,"Cursed Key":37,"Blood Vial":57,"Dream Catcher":12,"Shovel":46,"Sundial":18,"Pantograph":24,"Strawberry":53,"Toxic Egg 2":46}]},"card_choices":[{"not_picked":["champ:Aggression","champ:Encircle"],"picked":"champ:RecklessLeap","floor":2.0},{"not_picked":["champ:FlashCut","champ:RisingSlash"],"picked":"champ:StanceDance","floor":3.0},{"not_picked":["champ:PreciseThrust","champ:RapidStrikes"],"picked":"champ:Encircle","floor":4.0},{"not_picked":["champ:Shatter","champ:Circumvent","champ:FlashCut"],"picked":"SKIP","floor":5.0},{"not_picked":["champ:RapidStrikes","champ:FalseCounter","champ:FanOfKnives"],"picked":"SKIP","floor":8.0},{"not_picked":["champ:DefensiveShout","champ:BladeFlurry"],"picked":"champ:BerserkerStyle","floor":9.0},{"not_picked":["champ:ShieldSigil","champ:PerfectedStrike"],"picked":"champ:SwordThrow","floor":12.0},{"not_picked":["champ:DefensiveStyle","champ:RecklessLeap"],"picked":"champ:Backstep","floor":14.0},{"not_picked":["champ:Backstep","champ:TornadoPunch"],"picked":"champ:EndlessRage","floor":15.0},{"not_picked":["champ:PerfectForm","champ:HeavySlash"],"picked":"champ:Devastate","floor":16.0},{"not_picked":["champ:TornadoPunch","champ:PerfectedStrike"],"picked":"champ:RageSigil+1","floor":19.0},{"not_picked":["champ:EnragedBash","champ:RecklessLeap"],"picked":"champ:Lariat+1","floor":20.0},{"not_picked":["champ:CrookedStrike","champ:SkillfulDodge+1","champ:FocusedDefense+1"],"picked":"SKIP","floor":21.0},{"not_picked":["champ:DefensiveStyle+1","champ:BladeFlurry"],"picked":"champ:CheapShot","floor":22.0},{"not_picked":["champ:BladeFlurry+1","champ:DefensiveShout+1"],"picked":"champ:ShieldSigil+1","floor":26.0},{"not_picked":["champ:FlashCut","champ:TornadoPunch"],"picked":"champ:Circumvent+1","floor":28.0},{"not_picked":["champ:BladeFlurry","champ:TornadoPunch"],"picked":"champ:Improvising","floor":29.0},{"not_picked":["champ:BerserkerStyle","champ:GladiatorsShout+1","champ:BladeFlurry"],"picked":"SKIP","floor":30.0},{"not_picked":["champ:ViciousMockery+1","champ:AdrenalArmor+1"],"picked":"champ:Backstep+1","floor":31.0}],"player_experience":1466199,"relics_obtained":[{"floor":7.0,"key":"Dream Catcher"},{"floor":9.0,"key":"Boot"},{"floor":12.0,"key":"Pantograph"},{"floor":20.0,"key":"Shovel"},{"floor":20.0,"key":"Toxic Egg 2"},{"floor":24.0,"key":"Strawberry"},{"floor":26.0,"key":"War Paint"},{"floor":31.0,"key":"Letter Opener"}],"event_choices":[{"damage_healed":0.0,"max_hp_gain":0.0,"max_hp_loss":0.0,"gold_gain":0.0,"event_name":"betterThird:BetterScrap","player_choice":"Relic ","floor":10.0,"gold_loss":0.0,"damage_taken":3.0,"cards_obtained":["Uppercut"]},{"damage_healed":0.0,"max_hp_gain":41.0,"max_hp_loss":16.0,"gold_gain":0.0,"event_name":"betterAltar:BetterAltar","player_choice":" Vial ","floor":27.0,"potions_obtained":[],"relics_lost":[],"gold_loss":0.0,"damage_taken":25.0,"relics_obtained":["Blood Vial"]}],"is_beta":false,"boss_relics":[{"not_picked":["Sozu","Snecko Eye"],"picked":"Cursed Key"}],"items_purged_floors":[],"is_endless":false,"potions_floor_spawned":[3,8,9,15,16,20,26,30],"killed_by":"Chosen and Byrds","ascension_level":2}}