{"host":"t7mx8yfj1no5p62f","time":1609739959,"event":{"mods":["BaseMod","Colored Map","Colored Powertips","Minty Spire (QoL Compilation)","Relic Stats","StSLib"],"gold_per_floor":[99,99,99,99,99,99,99,99,99,99,25,25,25,25,25,25,25,0,0,0,0,0,0,0,0,0],"floor_reached":25,"playtime":607,"items_purged":[],"score":423,"play_id":"947a7f1e-efad-4ccb-bc26-c8a3d53f8691","local_time":"20210104005919","is_ascension_mode":true,"campfire_choices":[{"data":"Twin Strike","floor":6.0,"key":"SMITH"},{"data":"Armaments","floor":8.0,"key":"SMITH"},{"data":"Shockwave","floor":10.0,"key":"SMITH"},{"data":"Rage","floor":15,"key":"SMITH"},{"data":"Uppercut","floor":23,"key":"SMITH"}],"circlet_count":0,"master_deck":["AscendersBane","Defend_R","Defend_R","Defend_R","Defend_R","Bash","Shockwave+1","Hemokinesis+1","Twin Strike+1","Armaments+1","Rage+1","Juggernaut","Uppercut+1","Bite","Bite","Bite","Bite","Bite","Shockwave"],"relics":["Ectoplasm","Charon\u0027s Ashes","Sundial","Odd Mushroom","Snecko Eye","Nilry\u0027s Codex","InkBottle"],"acts_visited":["Exordium","TheCity"],"potions_floor_usage":[14,16],"damage_taken":[{"damage":4.0,"enemies":"Small Slimes","floor":1.0,"turns":5.0},{"damage":7.0,"enemies":"2 Louse","floor":2.0,"turns":3.0},{"damage":0.0,"enemies":"Jaw Worm","floor":3.0,"turns":3.0},{"damage":5.0,"enemies":"2 Fungi Beasts","floor":5.0,"turns":4.0},{"damage":24.0,"enemies":"3 Sentries","floor":7.0,"turns":7.0},{"damage":10,"enemies":"The Mushroom Lair","floor":13,"turns":4},{"damage":0,"enemies":"Large Slime","floor":14,"turns":1},{"damage":15,"enemies":"The Guardian","floor":16,"turns":14},{"damage":14,"enemies":"2 Thieves","floor":18,"turns":3},{"damage":0,"enemies":"3 Byrds","floor":22,"turns":4},{"damage":21,"enemies":"Slavers","floor":25,"turns":1}],"seed_played":"-7526183294079326979","potions_obtained":[{"floor":1.0,"key":"BlessingOfTheForge"},{"floor":3.0,"key":"SmokeBomb"}],"is_trial":false,"path_per_floor":["M","M","M","?","M","R","E","R","T","R","?","$","?","M","R","B",null,"M","?","?","?","M","R","T","E"],"character_chosen":"IRONCLAD","items_purchased":[],"campfire_rested":0,"item_purchase_floors":[],"current_hp_per_floor":[64,57,57,57,52,52,28,28,28,28,28,28,18,18,18,3,57,43,43,22,9,17,17,17,0,0],"gold":0,"neow_bonus":"BOSS_RELIC","is_daily":false,"chose_seed":false,"campfire_upgraded":5,"win_rate":0.0,"timestamp":1609739959,"path_taken":["M","M","M","?","M","R","E","R","T","R","?","$","?","M","R","BOSS","M","?","?","?","M","R","?","E"],"items_purchased_type":[],"build_version":"2020-12-22","purchased_purges":0,"victory":false,"max_hp_per_floor":[75,75,75,75,75,75,75,75,75,75,75,75,75,75,75,75,75,75,52,52,57,57,57,57,57,57],"relic_stats":{"counters":[11,49],"Sundial":[6],"Snecko Eye":[10,10,12,21],"Ectoplasm":331,"Charon\u0027s Ashes":[69],"obtain_stats":[{"Sundial":9,"Nilry\u0027s Codex":20,"Snecko Eye":17,"Ectoplasm":0,"Charon\u0027s Ashes":7,"Odd Mushroom":13,"Burning Blood":0,"InkBottle":24},{"Sundial":5,"Nilry\u0027s Codex":9,"Snecko Eye":8,"Ectoplasm":0,"Charon\u0027s Ashes":5,"Odd Mushroom":6,"Burning Blood":0,"InkBottle":10},{"Sundial":22,"Nilry\u0027s Codex":44,"Snecko Eye":41,"Ectoplasm":0,"Charon\u0027s Ashes":22,"Odd Mushroom":26,"Burning Blood":0,"InkBottle":48}],"InkBottle":[0]},"card_choices":[{"not_picked":["Intimidate","Sever Soul"],"picked":"Shockwave","floor":1.0},{"not_picked":["Sentinel","Iron Wave"],"picked":"Hemokinesis","floor":2.0},{"not_picked":["Wild Strike","Rupture","Shockwave"],"picked":"SKIP","floor":3.0},{"not_picked":["Body Slam","Searing Blow"],"picked":"Twin Strike","floor":5.0},{"not_picked":["Blood for Blood","Thunderclap"],"picked":"Armaments","floor":7.0},{"not_picked":["Anger","Sword Boomerang"],"picked":"Rage","floor":13},{"not_picked":["Bludgeon","Offering"],"picked":"Juggernaut","floor":16},{"not_picked":["Disarm","Infernal Blade"],"picked":"Uppercut","floor":18},{"not_picked":["Thunderclap","Twin Strike"],"picked":"Shockwave","floor":22}],"player_experience":1658380,"relics_obtained":[{"floor":7.0,"key":"Charon\u0027s Ashes"},{"floor":9.0,"key":"Sundial"},{"floor":13,"key":"Odd Mushroom"},{"floor":20,"key":"Nilry\u0027s Codex"},{"floor":24,"key":"InkBottle"}],"event_choices":[{"damage_healed":0.0,"max_hp_gain":0.0,"max_hp_loss":0.0,"gold_gain":0.0,"event_name":"Living Wall","player_choice":"Grow","floor":4.0,"gold_loss":0.0,"damage_taken":0.0,"cards_upgraded":["Hemokinesis"]},{"damage_healed":0.0,"max_hp_gain":0.0,"max_hp_loss":0.0,"gold_gain":0.0,"event_name":"World of Goop","player_choice":"Left Gold","floor":11.0,"gold_loss":74.0,"damage_taken":0.0},{"damage_healed":0,"gold_gain":0,"player_choice":"Fought Mushrooms","damage_taken":0,"max_hp_gain":0,"max_hp_loss":0,"event_name":"Mushrooms","floor":13,"gold_loss":0},{"damage_healed":0,"gold_gain":0,"player_choice":"Became a vampire","damage_taken":0,"max_hp_gain":0,"max_hp_loss":23,"event_name":"Vampires","floor":19,"gold_loss":0,"cards_obtained":["Bite","Bite","Bite","Bite","Bite"]},{"damage_healed":0,"gold_gain":0,"player_choice":"Obtained Book","damage_taken":21,"max_hp_gain":0,"max_hp_loss":0,"event_name":"Cursed Tome","floor":20,"gold_loss":0},{"damage_healed":0,"gold_gain":0,"player_choice":"Shed Blood","damage_taken":18,"max_hp_gain":5,"max_hp_loss":0,"event_name":"Forgotten Altar","floor":21,"gold_loss":0}],"is_beta":false,"boss_relics":[{"not_picked":["SacredBark","Philosopher\u0027s Stone"],"picked":"Snecko Eye"}],"items_purged_floors":[],"is_endless":false,"potions_floor_spawned":[1,3,14],"killed_by":"Slavers","ascension_level":20}}