{"host":"51f0ad793vly1w6u","time":1609745877,"event":{"mods":["BaseMod","Colored Map","DeckTracker","Minty Spire (QoL Compilation)","StSLib","SuperFastMode"],"gold_per_floor":[110,110,125,50,63,97,97,131,155,155,54,54,54],"floor_reached":12,"playtime":166,"items_purged":["Strike_R"],"score":172,"play_id":"c6b35f0c-4572-4fd7-b900-f4822d358093","local_time":"20210104163757","is_ascension_mode":true,"campfire_choices":[{"data":"Immolate","floor":7.0,"key":"SMITH"}],"circlet_count":0,"master_deck":["AscendersBane","Strike_R","Strike_R","Strike_R+1","Strike_R","Defend_R","Defend_R","Defend_R","Defend_R+1","Bash","Immolate+1","Perfected Strike","Shrug It Off","Impervious","Flame Barrier","Shrug It Off"],"relics":["Burning Blood","Golden Idol","Omamori","Art of War","CeramicFish"],"acts_visited":["Exordium"],"potions_floor_usage":[12,12],"damage_taken":[{"damage":7.0,"enemies":"2 Louse","floor":1.0,"turns":2.0},{"damage":8.0,"enemies":"Small Slimes","floor":3.0,"turns":2.0},{"damage":9.0,"enemies":"Jaw Worm","floor":5.0,"turns":4.0},{"damage":12.0,"enemies":"3 Sentries","floor":6.0,"turns":4.0},{"damage":41.0,"enemies":"Lagavulin","floor":8.0,"turns":9.0},{"damage":39,"enemies":"Gremlin Nob","floor":12,"turns":3}],"seed_played":"-7733057386007192445","potions_obtained":[{"floor":3.0,"key":"SkillPotion"},{"floor":8.0,"key":"AttackPotion"}],"is_trial":false,"path_per_floor":["M","?","M","$","M","E","R","E","T","?","$","E"],"character_chosen":"IRONCLAD","items_purchased":["BloodPotion","Shrug It Off"],"campfire_rested":0,"item_purchase_floors":[11,11],"current_hp_per_floor":[67,67,65,65,62,56,56,21,21,1,1,0,0],"gold":54,"neow_bonus":"ONE_RANDOM_RARE_CARD","is_daily":false,"chose_seed":false,"campfire_upgraded":1,"win_rate":0.0,"timestamp":1609745877,"path_taken":["M","?","M","$","M","E","R","E","T","?","$","E"],"items_purchased_type":["Potion","Card"],"build_version":"2020-12-22","purchased_purges":1,"victory":false,"max_hp_per_floor":[75,68,68,68,68,68,68,68,68,68,68,68,68],"card_choices":[{"not_picked":["Sword Boomerang","Anger"],"picked":"Perfected Strike","floor":1.0},{"not_picked":["Dual Wield","Havoc"],"picked":"Shrug It Off","floor":3.0},{"not_picked":["Sword Boomerang","True Grit","Feel No Pain"],"picked":"SKIP","floor":5.0},{"not_picked":["Sword Boomerang","Blood for Blood"],"picked":"Impervious","floor":6.0},{"not_picked":["Twin Strike","Warcry"],"picked":"Flame Barrier","floor":8.0}],"player_experience":1384093,"relics_obtained":[{"floor":6.0,"key":"Omamori"},{"floor":8.0,"key":"Art of War"},{"floor":9.0,"key":"CeramicFish"}],"event_choices":[{"damage_healed":0.0,"max_hp_gain":0.0,"max_hp_loss":7.0,"gold_gain":0.0,"event_name":"Golden Idol","player_choice":"Lose Max HP","floor":2.0,"gold_loss":0.0,"damage_taken":0.0,"relics_obtained":["Golden Idol"]},{"damage_healed":0.0,"max_hp_gain":0.0,"max_hp_loss":0.0,"gold_gain":0.0,"event_name":"Shining Light","player_choice":"Entered Light","floor":10.0,"gold_loss":0.0,"damage_taken":20.0,"cards_upgraded":["Strike_R","Defend_R"]}],"is_beta":false,"boss_relics":[],"items_purged_floors":[4],"is_endless":false,"potions_floor_spawned":[3,8],"killed_by":"Gremlin Nob","ascension_level":20}}