{"host":"iy58fyt9wsbv4cf1","time":1609766281,"event":{"mods":["BaseMod","Better Altar","Better Match","Better Skull","Better Third Choice","BetterRewards","Conspire","Custom Start","Defuse TimeMaze Blight","Hubris","Infinite Spire","Minty Spire (QoL Compilation)","Permanent Neow","Quick Restart","Spicy Shops","StSLib"],"gold_per_floor":[110,110,129,145,374,404,310,310,310,310,22,22,35,78,78,197,197,210,210,233,248,268,309,309,309,333,371,390,434,434,434,434,560,560,574,588,588,588,490,490,523,523,550,608,608,643,132,147,147,147,147,147,59,92,92],"floor_reached":56,"playtime":1624,"items_purged":["Strike_G","Strike_G","Strike_G","Strike_G+1","Strike_G+1","Defend_G","Defend_G"],"score":1569,"play_id":"6d88b0c6-6322-4736-b536-515cb7dfc205","local_time":"20210104081801","is_ascension_mode":false,"campfire_choices":[{"floor":10,"key":"REST"},{"data":"Accuracy","floor":15,"key":"SMITH"},{"data":"Master of Strategy","floor":25,"key":"SMITH"},{"floor":30,"key":"RECALL"},{"data":"Cloak And Dagger","floor":32,"key":"SMITH"},{"data":"Blade Dance","floor":40,"key":"SMITH"},{"data":"Escape Plan","floor":45,"key":"SMITH"},{"data":"Accuracy+1","floor":49,"key":"SMITH"},{"data":"Accuracy+2","floor":52,"key":"SMITH"}],"circlet_count":0,"master_deck":["Defend_G","Defend_G","Defend_G","Survivor+1","Neutralize+1","Cloak And Dagger+1","Master of Strategy+1","Accuracy+3","Cloak And Dagger+1","Escape Plan+1","Blade Dance+1","Backflip","Bullet Time","Terror+1","Phantasmal Killer+1","Backflip+1","Phantasmal Killer+1","Blur+1","Blur+1","Deflect+1","Finisher","Footwork+1","Cloak And Dagger+1"],"relics":["Ring of the Snake","Membership Card","Bag of Preparation","hubris:CrystalStatue","Shuriken","Juzu Bracelet","Frozen Egg 2","Golden Idol","Lee\u0027s Waffle","Question Card","hubris:TenFootPole","infinitespire:Cupcake","hubris:PeanutButter","Toxic Egg 2","Whetstone","Red Mask","infinitespire:PuzzleCube","WristBlade","hubris:Icosahedron","hubris:SlimyHat","Black Star","Anchor","Tingsha","Pocketwatch","conspire:InfiniteJournal","ClockworkSouvenir","hubris:SphereOfDissonance","Happy Flower","Gremlin Horn"],"acts_visited":["Exordium","TheCity","TheBeyond","TheEnding"],"potions_floor_usage":[6],"damage_taken":[{"damage":0,"enemies":"conspire:RoseBush","floor":1,"turns":3},{"damage":0,"enemies":"2 Louse","floor":3,"turns":2},{"damage":0,"enemies":"infinitespire:Voidling","floor":4,"turns":3},{"damage":4,"enemies":"3 Sentries","floor":6,"turns":6},{"damage":0,"enemies":"Gremlin Gang","floor":13,"turns":5},{"damage":8,"enemies":"Lagavulin","floor":14,"turns":4},{"damage":0,"enemies":"Hexaghost","floor":16,"turns":8},{"damage":0,"enemies":"3 Byrds","floor":18,"turns":4},{"damage":0,"enemies":"Spheric Guardian","floor":20,"turns":3},{"damage":0,"enemies":"Centurion and Healer","floor":21,"turns":4},{"damage":0,"enemies":"Snake Plant","floor":22,"turns":2},{"damage":0,"enemies":"conspire:SneckoGhost","floor":23,"turns":3},{"damage":0,"enemies":"Masked Bandits","floor":27,"turns":2},{"damage":0,"enemies":"conspire:HollyBat","floor":28,"turns":5},{"damage":0,"enemies":"Nightmare","floor":29,"turns":5},{"damage":6,"enemies":"hubris:MusketHawk","floor":33,"turns":4},{"damage":0,"enemies":"3 Darklings","floor":35,"turns":2},{"damage":0,"enemies":"Orb Walker","floor":36,"turns":2},{"damage":0,"enemies":"Nemesis","floor":41,"turns":5},{"damage":0,"enemies":"2 Orb Walkers","floor":44,"turns":3},{"damage":0,"enemies":"conspire:MimicChest","floor":46,"turns":2},{"damage":0,"enemies":"Transient","floor":48,"turns":5},{"damage":0,"enemies":"conspire:OrnateMirror","floor":50,"turns":6},{"damage":0,"enemies":"Shield and Spear","floor":54,"turns":3},{"damage":0,"enemies":"The Heart","floor":55,"turns":5}],"seed_played":"7566184599233314717","potions_obtained":[{"floor":4,"key":"AttackPotion"},{"floor":14,"key":"FairyPotion"},{"floor":16,"key":"LiquidBronze"},{"floor":21,"key":"Dexterity Potion"},{"floor":22,"key":"FairyPotion"},{"floor":41,"key":"DistilledChaos"}],"is_trial":false,"path_per_floor":["M","?","M","M","?","E","?","?","T","R","$","?","M","E","R","B",null,"M","AVR","M","M","M","E","?","R","T","?","M","NM","R","?","R","B",null,"M","M","?","?","$","R","E","AVR","T","?","R","?","$","M","R","B",null,"R","$","E","B",null],"character_chosen":"THE_SILENT","items_purchased":["Membership Card","Bag of Preparation","Cloak And Dagger","hubris:CrystalStatue","Master of Strategy","Accuracy","Shuriken","Lee\u0027s Waffle","Question Card","Blur+1","Footwork+1","conspire:InfiniteJournal","ClockworkSouvenir","hubris:SphereOfDissonance","Happy Flower"],"campfire_rested":1,"item_purchase_floors":[0,0,0,0,0,0,0,11,11,39,47,47,47,47,47],"current_hp_per_floor":[38,38,38,38,20,16,16,16,16,35,72,58,58,50,50,50,72,72,72,72,72,72,72,72,72,72,72,72,72,72,72,72,66,72,72,72,72,72,72,72,72,72,72,72,72,72,72,72,72,72,72,72,72,72,72],"gold":92,"neow_bonus":"","is_daily":false,"chose_seed":false,"campfire_upgraded":7,"win_rate":0.0,"timestamp":1609766281,"path_taken":["M","?","M","M","?","E","?","?","T","R","$","?","M","E","R","BOSS","M","AVR","M","M","M","E","?","R","T","?","M","NM","R","?","R","BOSS","M","M","?","?","?","R","E","AVR","T","?","R","?","$","M","R","BOSS","R","$","E","BOSS"],"items_purchased_type":["Relic","Relic","Card","Relic","Card","Card","Relic","Relic","Relic","Card","Card","Relic","Relic","Relic","Relic"],"build_version":"2020-12-22","purchased_purges":7,"victory":true,"max_hp_per_floor":[70,70,70,70,70,70,70,65,65,65,72,72,72,72,72,72,72,72,72,72,72,72,72,72,72,72,72,72,72,72,72,72,72,72,72,72,72,72,72,72,72,72,72,72,72,72,72,72,72,72,72,72,72,72,72],"card_choices":[{"not_picked":["Quick Slash","Footwork"],"picked":"Cloak And Dagger","floor":1},{"not_picked":["Backflip","hubris:Sniper","Bouncing Flask"],"picked":"SKIP","floor":3},{"not_picked":["Infinite Blades","Slice"],"picked":"Escape Plan","floor":4},{"not_picked":["Dodge and Roll","Flying Knee","Sucker Punch"],"picked":"SKIP","floor":6},{"not_picked":["Cloak And Dagger","Terror","Blur"],"picked":"Blade Dance","floor":13},{"not_picked":["Flying Knee","Storm of Steel","Outmaneuver"],"picked":"Backflip","floor":14},{"not_picked":["Unload","Doppelganger","Glass Knife"],"picked":"Bullet Time","floor":16},{"not_picked":["Choke","Cloak And Dagger","conspire:PoisonWeapons","Sucker Punch"],"picked":"SKIP","floor":18},{"not_picked":["Dagger Spray","Dagger Throw","Deadly Poison","Dash+1"],"picked":"SKIP","floor":20},{"not_picked":["Noxious Fumes+1","Riddle With Holes","Flying Knee+1"],"picked":"Terror+1","floor":21},{"not_picked":["Bouncing Flask+1","Crippling Poison+1","Deflect","Backflip"],"picked":"SKIP","floor":22},{"not_picked":["Backflip+1","Acrobatics+1","Skewer","Dagger Throw"],"picked":"SKIP","floor":23},{"not_picked":["Bane","Setup+1","Underhanded Strike"],"picked":"Backflip+1","floor":27},{"not_picked":["Deflect+1","Poisoned Stab","Venomology+1","Sucker Punch"],"picked":"SKIP","floor":28},{"not_picked":["Outmaneuver+1","Quick Slash","Leg Sweep+1","Distraction+1"],"picked":"SKIP","floor":29},{"not_picked":["infinitespire:Neurotoxin+1","Malaise+1","Storm of Steel+1"],"picked":"Phantasmal Killer+1","floor":33},{"not_picked":["Blade Dance+1","hubris:SlightOfHand+1","Expertise+1"],"picked":"Blur+1","floor":35},{"not_picked":["Blade Dance+1","conspire:DoublingDagger+1","Flying Knee","Masterful Stab+1"],"picked":"SKIP","floor":36},{"not_picked":["Tactician+1","PiercingWail+1","Blade Dance+1"],"picked":"Deflect+1","floor":41},{"not_picked":["All Out Attack+1","Blade Dance+1","Infinite Blades+1"],"picked":"Finisher","floor":44},{"not_picked":["hubris:SlightOfHand+1","Catalyst+1","Bane"],"picked":"Cloak And Dagger+1","floor":48},{"not_picked":["Concentrate+1","Deadly Poison+1","Bullet Time+1","Acrobatics+1"],"picked":"SKIP","floor":54}],"player_experience":36763,"relics_obtained":[{"floor":6,"key":"Juzu Bracelet"},{"floor":14,"key":"hubris:TenFootPole"},{"floor":23,"key":"Toxic Egg 2"},{"floor":26,"key":"Whetstone"},{"floor":27,"key":"Red Mask"},{"floor":29,"key":"infinitespire:PuzzleCube"},{"floor":41,"key":"hubris:SlimyHat"},{"floor":43,"key":"Anchor"},{"floor":44,"key":"Tingsha"},{"floor":46,"key":"Pocketwatch"},{"floor":54,"key":"Gremlin Horn"}],"event_choices":[{"damage_healed":0,"gold_gain":229,"player_choice":"GO GO ","damage_taken":20,"relics_obtained":[],"max_hp_gain":0,"max_hp_loss":0,"event_name":"betterSkull:BetterSkull","floor":5,"gold_loss":0,"cards_upgraded":[]},{"damage_healed":0,"gold_gain":0,"player_choice":"Paid Gold","damage_taken":0,"relics_obtained":["Frozen Egg 2"],"max_hp_gain":0,"max_hp_loss":0,"event_name":"WeMeetAgain","floor":7,"gold_loss":94},{"damage_healed":0,"gold_gain":0,"player_choice":"Lose Max HP","damage_taken":0,"relics_obtained":["Golden Idol"],"max_hp_gain":0,"max_hp_loss":5,"event_name":"Golden Idol","floor":8,"gold_loss":0},{"damage_healed":72,"gold_gain":0,"player_choice":"Upgrade","damage_taken":14,"max_hp_gain":0,"max_hp_loss":72,"event_name":"betterThird:BetterShining","floor":12,"gold_loss":0,"cards_upgraded":["Neutralize","Survivor"]},{"damage_healed":0,"gold_gain":0,"player_choice":"Read","damage_taken":0,"max_hp_gain":0,"max_hp_loss":0,"event_name":"The Library","floor":24,"gold_loss":0,"cards_obtained":["Phantasmal Killer"]},{"damage_healed":0,"gold_gain":0,"player_choice":"Fought Bandits","damage_taken":0,"max_hp_gain":0,"max_hp_loss":0,"event_name":"Masked Bandits","floor":27,"gold_loss":0},{"damage_healed":0,"gold_gain":0,"player_choice":"Ignored","damage_taken":0,"max_hp_gain":0,"max_hp_loss":0,"event_name":"Cursed Tome","floor":31,"gold_loss":0},{"damage_healed":0,"gold_gain":0,"player_choice":"Fight","damage_taken":0,"max_hp_gain":0,"max_hp_loss":0,"event_name":"Mysterious Sphere","floor":44,"gold_loss":0}],"is_beta":false,"boss_relics":[{"not_picked":["Runic Dome","HoveringKite"],"picked":"infinitespire:Cupcake"},{"not_picked":["Runic Pyramid","SacredBark"],"picked":"WristBlade"}],"items_purged_floors":[11,11,19,39,42,47,53],"is_endless":false,"potions_floor_spawned":[4,14,16,21,22,27,29,33,35,41,44,48,54],"ascension_level":0}}