{"host":"yvb207ks1sg3cxef","time":1609779182,"event":{"mods":["2.2 Compatiblity","BaseMod","Bestiary","Colored Powertips","Minty Spire (QoL Compilation)","Permanent Neow","Quick Restart","Relic Stats","StSLib"],"gold_per_floor":[111,111,111,35,35,75,89,5,30,43,81,81,120,134,134,224,224,245,270,270,18,43,43,77,77,77,77,77,77,77,102,102,195,195,216,229,104,119,144,183,204,243,243,268,282,282,295,331,331,331,331,331,331,11,44,44,44],"floor_reached":56,"playtime":3476,"items_purged":["Writhe","Strike_G+1"],"score":2204,"play_id":"f1008c8b-4f3c-4f55-8643-0d26f5fb69b3","local_time":"20210104222302","is_ascension_mode":true,"campfire_choices":[{"data":"Noxious Fumes","floor":12.0,"key":"SMITH"},{"data":"Neutralize","floor":15.0,"key":"SMITH"},{"data":"Footwork","floor":23.0,"key":"SMITH"},{"data":"Caltrops","floor":25.0,"key":"SMITH"},{"data":"Well Laid Plans","floor":27.0,"key":"SMITH"},{"data":"Calculated Gamble","floor":32.0,"key":"SMITH"},{"data":"Wraith Form v2","floor":46.0,"key":"SMITH"},{"floor":49.0,"key":"RECALL"},{"data":"Footwork","floor":53.0,"key":"SMITH"}],"circlet_count":0,"master_deck":["AscendersBane","Strike_G+1","Defend_G+1","Defend_G+1","Defend_G+1","Defend_G+1","Defend_G+1","Survivor","Neutralize+1","Poisoned Stab+1","Noxious Fumes+1","Backflip","Calculated Gamble+1","Well Laid Plans+1","Escape Plan","Corpse Explosion","Caltrops+1","Footwork+1","Escape Plan","Adrenaline+1","Concentrate+1","Wraith Form v2+1","Venomology+1","Unload+1","Bouncing Flask+1","Backflip+1","Dodge and Roll+1","Backflip+1","PiercingWail+1","Footwork+1","PiercingWail+1","Night Terror+1","Deflect+1","Well Laid Plans+1","Tactician+1","Escape Plan+1","Acrobatics+1","Acrobatics+1","Night Terror+1","Deadly Poison+1","Deadly Poison+1","Backflip+1","PiercingWail+1"],"relics":["Ring of the Snake","NeowsBlessing","Golden Idol","StrikeDummy","Anchor","Lizard Tail","Lantern","Coffee Dripper","Centennial Puzzle","PreservedInsect","Pen Nib","Toxic Egg 2","Molten Egg 2","Astrolabe","Prayer Wheel","Regal Pillow","Whetstone","Orrery","Bronze Scales"],"acts_visited":["Exordium","TheCity","TheBeyond","TheEnding"],"potions_floor_usage":[56,56],"damage_taken":[{"damage":0.0,"enemies":"Jaw Worm","floor":1.0,"turns":1.0},{"damage":0.0,"enemies":"Gremlin Nob","floor":6.0,"turns":1.0},{"damage":0.0,"enemies":"Small Slimes","floor":7.0,"turns":1.0},{"damage":0.0,"enemies":"Cultist","floor":10.0,"turns":4.0},{"damage":6.0,"enemies":"Lagavulin","floor":11.0,"turns":6.0},{"damage":22.0,"enemies":"Gremlin Nob","floor":13.0,"turns":4.0},{"damage":0.0,"enemies":"Looter","floor":14.0,"turns":2.0},{"damage":10.0,"enemies":"Slime Boss","floor":16.0,"turns":7.0},{"damage":0.0,"enemies":"3 Byrds","floor":18.0,"turns":3.0},{"damage":10.0,"enemies":"2 Thieves","floor":19.0,"turns":3.0},{"damage":3.0,"enemies":"3 Cultists","floor":22.0,"turns":3.0},{"damage":18.0,"enemies":"Book of Stabbing","floor":24.0,"turns":4.0},{"damage":0.0,"enemies":"Centurion and Healer","floor":31.0,"turns":4.0},{"damage":35.0,"enemies":"Collector","floor":33.0,"turns":7.0},{"damage":18.0,"enemies":"3 Darklings","floor":35.0,"turns":7.0},{"damage":1.0,"enemies":"Orb Walker","floor":36.0,"turns":3.0},{"damage":0.0,"enemies":"Jaw Worm Horde","floor":38.0,"turns":2.0},{"damage":0.0,"enemies":"3 Darklings","floor":39.0,"turns":3.0},{"damage":3.0,"enemies":"Reptomancer","floor":40.0,"turns":7.0},{"damage":6.0,"enemies":"Writhing Mass","floor":41.0,"turns":5.0},{"damage":0.0,"enemies":"Nemesis","floor":42.0,"turns":7.0},{"damage":0.0,"enemies":"Sphere and 2 Shapes","floor":44.0,"turns":8.0},{"damage":0.0,"enemies":"Maw","floor":45.0,"turns":9.0},{"damage":0.0,"enemies":"4 Shapes","floor":47.0,"turns":7.0},{"damage":6.0,"enemies":"Reptomancer","floor":48.0,"turns":8.0},{"damage":0.0,"enemies":"Time Eater","floor":50.0,"turns":15.0},{"damage":5.0,"enemies":"Donu and Deca","floor":51.0,"turns":10.0},{"damage":4,"enemies":"Shield and Spear","floor":55,"turns":10},{"damage":46,"enemies":"The Heart","floor":56,"turns":3}],"seed_played":"7779266325806585430","potions_obtained":[{"floor":6.0,"key":"LiquidBronze"},{"floor":7.0,"key":"EssenceOfSteel"},{"floor":16.0,"key":"AttackPotion"},{"floor":18.0,"key":"SpeedPotion"},{"floor":24.0,"key":"SteroidPotion"},{"floor":35.0,"key":"SpeedPotion"},{"floor":40.0,"key":"PowerPotion"},{"floor":45.0,"key":"PowerPotion"}],"is_trial":false,"path_per_floor":["M","?","?","$","?","E","M","$","T","M","E","R","E","M","R","B",null,"M","M","?","$","M","R","E","R","T","R","?","?","T","M","R","B",null,"M","M","$","M","M","E","M","E","T","M","M","R","M","E","R","B","B",null,"R","$","E","B"],"character_chosen":"THE_SILENT","items_purchased":["Noxious Fumes","Well Laid Plans","PreservedInsect","Footwork","Backflip+1","Orrery","Backflip+1"],"campfire_rested":0,"item_purchase_floors":[4,8,21,21,37,54,54],"current_hp_per_floor":[59,59,59,59,59,59,59,59,59,59,53,53,31,31,31,21,50,50,40,40,40,37,37,19,19,19,19,19,19,19,19,19,30,53,35,34,34,34,34,31,25,25,25,25,25,25,25,19,19,19,14,49,49,49,45,0,0],"gold":44,"neow_bonus":"THREE_ENEMY_KILL","is_daily":false,"chose_seed":false,"campfire_upgraded":8,"win_rate":0.0,"timestamp":1609779182,"path_taken":["M","?","?","$","?","E","M","?","T","M","E","R","E","?","R","BOSS","M","M","?","$","M","R","E","R","T","R","?","?","?","?","R","BOSS","M","M","$","M","M","E","M","E","T","M","M","R","M","E","R","BOSS","BOSS","R","$","E","BOSS"],"items_purchased_type":["Card","Card","Relic","Card","Card","Relic","Card"],"build_version":"2020-12-22","purchased_purges":2,"victory":false,"max_hp_per_floor":[66,60,60,60,60,60,60,60,60,60,60,60,60,60,60,60,60,60,60,60,60,60,60,60,60,60,60,60,60,60,60,60,60,60,60,60,60,60,60,60,60,60,60,60,60,60,60,60,60,60,60,60,60,60,60,60,60],"relic_stats":{"Regal Pillow":0,"counters":[29,154],"Golden Idol":193,"Astrolabe":["Venomology","Unload","Bouncing Flask"],"PreservedInsect":310,"Pen Nib":[11],"Whetstone":[],"Lizard Tail":30,"Centennial Puzzle":[33],"Bronze Scales":[18],"Prayer Wheel":4,"obtain_stats":[{"Lantern":13,"Regal Pillow":42,"NeowsBlessing":0,"Golden Idol":2,"Astrolabe":34,"PreservedInsect":21,"Pen Nib":24,"Whetstone":48,"Anchor":9,"Lizard Tail":11,"Centennial Puzzle":20,"Bronze Scales":55,"Orrery":54,"Molten Egg 2":30,"Prayer Wheel":40,"Coffee Dripper":17,"Toxic Egg 2":26,"StrikeDummy":6,"Ring of the Snake":0},{"Lantern":6,"Regal Pillow":21,"NeowsBlessing":0,"Golden Idol":1,"Astrolabe":14,"PreservedInsect":10,"Pen Nib":12,"Whetstone":25,"Anchor":3,"Lizard Tail":5,"Centennial Puzzle":10,"Bronze Scales":28,"Orrery":27,"Molten Egg 2":12,"Prayer Wheel":19,"Coffee Dripper":8,"Toxic Egg 2":12,"StrikeDummy":2,"Ring of the Snake":0},{"Lantern":17,"Regal Pillow":84,"NeowsBlessing":0,"Golden Idol":1,"Astrolabe":50,"PreservedInsect":32,"Pen Nib":39,"Whetstone":116,"Anchor":3,"Lizard Tail":13,"Centennial Puzzle":32,"Bronze Scales":151,"Orrery":141,"Molten Egg 2":39,"Prayer Wheel":72,"Coffee Dripper":26,"Toxic Egg 2":39,"StrikeDummy":2,"Ring of the Snake":0}],"Ring of the Snake":[58]},"card_choices":[{"not_picked":["Blade Dance","Bane"],"picked":"Poisoned Stab","floor":1.0},{"not_picked":["Heel Hook","Blade Dance"],"picked":"Backflip","floor":6.0},{"not_picked":["Blade Dance","Outmaneuver"],"picked":"Calculated Gamble","floor":7.0},{"not_picked":["Flechettes","Underhanded Strike"],"picked":"Escape Plan","floor":10.0},{"not_picked":["Terror","Underhanded Strike","Choke"],"picked":"SKIP","floor":11.0},{"not_picked":["Slice","Distraction","Setup"],"picked":"SKIP","floor":13.0},{"not_picked":["Crippling Poison","Catalyst"],"picked":"Corpse Explosion","floor":14.0},{"not_picked":["Phantasmal Killer","Envenom"],"picked":"Grand Finale","floor":16.0},{"not_picked":["Acrobatics","Bane","Cloak And Dagger"],"picked":"SKIP","floor":18.0},{"not_picked":["Skewer+1","Terror"],"picked":"Caltrops","floor":19.0},{"not_picked":["Underhanded Strike","Outmaneuver"],"picked":"Escape Plan","floor":22.0},{"not_picked":["Dagger Throw","Crippling Poison","Quick Slash"],"picked":"SKIP","floor":24.0},{"not_picked":["A Thousand Cuts","Deadly Poison+1"],"picked":"Concentrate+1","floor":31.0},{"not_picked":["Die Die Die+1","Corpse Explosion+1"],"picked":"Wraith Form v2","floor":33.0},{"not_picked":["Cloak And Dagger+1","Dash+1"],"picked":"Backflip+1","floor":35.0},{"not_picked":["Heel Hook+1","Flying Knee+1"],"picked":"Dodge and Roll+1","floor":36.0},{"not_picked":["Flying Knee+1","Cloak And Dagger+1"],"picked":"PiercingWail+1","floor":38.0},{"not_picked":["Outmaneuver+1","After Image"],"picked":"Footwork","floor":39.0},{"not_picked":["Slice+1","Expertise+1","Cloak And Dagger+1"],"picked":"SKIP","floor":40.0},{"not_picked":["Bane+1","Underhanded Strike+1"],"picked":"PiercingWail+1","floor":41.0},{"not_picked":["Flechettes+1","Poisoned Stab+1","Flying Knee+1"],"picked":"SKIP","floor":41.0},{"not_picked":["Catalyst+1","Blur+1"],"picked":"Night Terror+1","floor":42.0},{"not_picked":["Eviscerate+1","Slice+1"],"picked":"Deflect+1","floor":44.0},{"not_picked":["Bane+1","Leg Sweep+1"],"picked":"Well Laid Plans+1","floor":44.0},{"not_picked":["Sucker Punch+1","Flying Knee+1"],"picked":"Tactician+1","floor":45.0},{"not_picked":["Backstab+1","Predator+1","Bouncing Flask+1"],"picked":"SKIP","floor":45.0},{"not_picked":["Well Laid Plans+1","Poisoned Stab+1"],"picked":"Escape Plan+1","floor":47.0},{"not_picked":["Dodge and Roll+1","Quick Slash+1"],"picked":"Acrobatics+1","floor":47.0},{"not_picked":["PiercingWail+1","Blade Dance+1"],"picked":"Acrobatics+1","floor":48.0},{"not_picked":["Blade Dance+1","Infinite Blades"],"picked":"Night Terror+1","floor":54.0},{"not_picked":["Flying Knee+1","Riddle With Holes+1"],"picked":"Deadly Poison+1","floor":54.0},{"not_picked":["Acrobatics+1","Accuracy"],"picked":"Deadly Poison+1","floor":54.0},{"not_picked":["Choke+1","Dagger Throw+1"],"picked":"PiercingWail+1","floor":55}],"player_experience":294913,"relics_obtained":[{"floor":6.0,"key":"StrikeDummy"},{"floor":9.0,"key":"Anchor"},{"floor":11.0,"key":"Lizard Tail"},{"floor":13.0,"key":"Lantern"},{"floor":24.0,"key":"Pen Nib"},{"floor":26.0,"key":"Toxic Egg 2"},{"floor":30.0,"key":"Molten Egg 2"},{"floor":40.0,"key":"Prayer Wheel"},{"floor":42.0,"key":"Regal Pillow"},{"floor":48.0,"key":"Whetstone"},{"floor":55,"key":"Bronze Scales"}],"event_choices":[{"damage_healed":0.0,"max_hp_gain":0.0,"max_hp_loss":6.0,"gold_gain":0.0,"event_name":"Golden Idol","player_choice":"Lose Max HP","floor":2.0,"gold_loss":0.0,"damage_taken":0.0,"relics_obtained":["Golden Idol"]},{"damage_healed":0.0,"max_hp_gain":0.0,"max_hp_loss":0.0,"gold_gain":0.0,"event_name":"Living Wall","player_choice":"Grow","floor":3.0,"gold_loss":0.0,"damage_taken":0.0,"cards_upgraded":["Poisoned Stab"]},{"damage_healed":0.0,"max_hp_gain":0.0,"max_hp_loss":0.0,"gold_gain":0.0,"event_name":"The Cleric","player_choice":"Leave","floor":5.0,"gold_loss":0.0,"damage_taken":0.0},{"damage_healed":0.0,"max_hp_gain":0.0,"max_hp_loss":0.0,"gold_gain":0.0,"event_name":"The Mausoleum","player_choice":"Opened","floor":20.0,"gold_loss":0.0,"damage_taken":0.0,"relics_obtained":["Centennial Puzzle"],"cards_obtained":["Writhe"]},{"damage_healed":0.0,"max_hp_gain":0.0,"max_hp_loss":0.0,"gold_gain":0.0,"cards_transformed":["Grand Finale","Strike_G"],"event_name":"Drug Dealer","player_choice":"Became Test Subject","floor":28.0,"gold_loss":0.0,"damage_taken":0.0,"cards_obtained":["Adrenaline","Grand Finale"]},{"damage_healed":0.0,"max_hp_gain":0.0,"max_hp_loss":0.0,"gold_gain":0.0,"event_name":"Back to Basics","player_choice":"Simplicity","floor":29.0,"gold_loss":0.0,"damage_taken":0.0,"cards_upgraded":["Strike_G","Strike_G","Strike_G","Strike_G","Defend_G","Defend_G","Defend_G","Defend_G","Defend_G"]}],"is_beta":false,"boss_relics":[{"not_picked":["SacredBark","Fusion Hammer"],"picked":"Coffee Dripper"},{"not_picked":["Philosopher\u0027s Stone","HoveringKite"],"picked":"Astrolabe"}],"items_purged_floors":[37,54],"is_endless":false,"potions_floor_spawned":[6,7,16,18,24,35,40,42,44,45,47],"killed_by":"The Heart","ascension_level":20}}