{"host":"56ghxnzsglgdq727","time":1609769692,"event":{"mods":["AchievementEnabler","BaseMod","Downfall","Minty Spire (QoL Compilation)","StSLib"],"gold_per_floor":[99,99,99,99,99,116,166,166,181,198,198,198,261,278,292,292,292,292],"floor_reached":16,"playtime":514,"items_purged":[],"score":90,"play_id":"3f76ff05-75a5-44e0-86ad-715b6352f5ff","local_time":"20210104091452","is_ascension_mode":false,"campfire_choices":[{"data":"hexamod:Sear","floor":1,"key":"SMITH"},{"data":"hexamod:GiftsFromTheDead","floor":8,"key":"SMITH"},{"floor":12,"key":"REST"}],"circlet_count":0,"master_deck":["hexamod:Strike","hexamod:Strike","hexamod:Strike","hexamod:Strike","hexamod:Defend","hexamod:Defend","hexamod:Defend","hexamod:Defend","hexamod:Sear+1","hexamod:Float","hexamod:GhostflameBarrier","hexamod:RainOfEmbers","hexamod:GiftsFromTheDead+1","hexamod:SoulSteal","hexamod:FlamesFromBeyond","hexamod:ExtraCrispy","hexamod:EtherealExpedition","hexamod:SixthSeal"],"relics":["hexamod:SpiritBrand","downfall:HeartsMalice","Boot","Omamori","Letter Opener"],"acts_visited":["Exordium"],"potions_floor_usage":[14,16,16],"damage_taken":[{"damage":0,"enemies":"2 Louse","floor":2,"turns":1},{"damage":0,"enemies":"Cultist","floor":3,"turns":1},{"damage":0,"enemies":"Jaw Worm","floor":5,"turns":1},{"damage":13,"enemies":"3 Louse","floor":6,"turns":6},{"damage":10,"enemies":"Lots of Slimes","floor":9,"turns":4},{"damage":9,"enemies":"Exordium Thugs","floor":10,"turns":3},{"damage":19,"enemies":"Lagavulin Event","floor":13,"turns":6},{"damage":4,"enemies":"Lots of Slimes","floor":14,"turns":3},{"damage":0,"enemies":"Large Slime","floor":15,"turns":3},{"damage":27,"enemies":"downfall:Silent","floor":16,"turns":4}],"seed_played":"-825149977196222373","potions_obtained":[{"floor":6,"key":"CultistPotion"},{"floor":9,"key":"AttackPotion"},{"floor":14,"key":"BlessingOfTheForge"}],"is_trial":false,"path_per_floor":["R","M","M","?","M","M","T","R","M","M","T","R","?","M","M","B"],"character_chosen":"THE_SPIRIT","items_purchased":[],"campfire_rested":1,"item_purchase_floors":[],"current_hp_per_floor":[70,70,70,70,70,57,57,57,47,38,38,59,40,36,36,9,9,9],"gold":292,"neow_bonus":"THREE_ENEMY_KILL","is_daily":false,"chose_seed":false,"campfire_upgraded":2,"win_rate":0.0,"timestamp":1609769692,"path_taken":["R","M","M","?","M","M","T","R","?","M","?","R","?","?","M","BOSS"],"items_purchased_type":[],"build_version":"2020-12-22","purchased_purges":0,"victory":false,"max_hp_per_floor":[70,70,70,70,70,70,70,70,70,70,70,70,70,70,70,70,70,70],"card_choices":[{"not_picked":["hexamod:InspiringFlames","hexamod:HauntingEcho"],"picked":"hexamod:GhostflameBarrier","floor":2},{"not_picked":["hexamod:GhostShield","hexamod:ThermalTransfer"],"picked":"hexamod:RainOfEmbers","floor":3},{"not_picked":["hexamod:BacktrackSmack","hexamod:Hexaguard"],"picked":"hexamod:GiftsFromTheDead","floor":5},{"not_picked":["hexamod:Hexaguard","hexamod:ThirdSeal"],"picked":"hexamod:SoulSteal","floor":6},{"not_picked":["hexamod:HauntingEcho","hexamod:AdvancingGuard","hexamod:UnleashSpirits"],"picked":"SKIP","floor":9},{"not_picked":["hexamod:SpectralSpark","hexamod:NightmareStrike"],"picked":"hexamod:FlamesFromBeyond","floor":10},{"not_picked":["hexamod:Hexaguard","hexamod:AdvancingGuard"],"picked":"hexamod:ExtraCrispy","floor":13},{"not_picked":["hexamod:BacktrackSmack","hexamod:GhostLash"],"picked":"hexamod:EtherealExpedition","floor":14},{"not_picked":["hexamod:SpectersWail","hexamod:GhostLash"],"picked":"hexamod:SixthSeal","floor":15}],"player_experience":140155,"relics_obtained":[{"floor":7,"key":"Boot"},{"floor":11,"key":"Omamori"},{"floor":13,"key":"Letter Opener"}],"event_choices":[{"damage_healed":0,"gold_gain":0,"player_choice":"Ignored","damage_taken":0,"max_hp_gain":0,"max_hp_loss":0,"event_name":"NoteForYourself","floor":4,"gold_loss":0}],"is_beta":false,"boss_relics":[],"items_purged_floors":[],"is_endless":false,"potions_floor_spawned":[6,9,14],"killed_by":"downfall:Silent","ascension_level":0}}