{"host":"kmigwsj5rrfnig2m","time":1609740883,"event":{"mods":["BaseMod","Downfall","Minty Spire (QoL Compilation)","StSLib"],"gold_per_floor":[99,99,99,99,99,125,137,160,82,102,129,67,67,167,186,288,288,213,229,229,214,234,245,271,271,271,298,298,324,324,337,352,447,447,447,460,471,134,134,59,139,153,167,92,103,137,137,149,164,164,164,194,19,19,19],"floor_reached":56,"playtime":4473,"items_purged":["Slimebound:Strike_Slimebound","Slimebound:Defend_Slimebound","Slimebound:Defend_Slimebound"],"score":1435,"play_id":"da7fb30f-5ddb-4845-abc0-eb2d1def8ce3","local_time":"20210104011443","is_ascension_mode":true,"campfire_choices":[{"data":"Slimebound:Split","floor":1.0,"key":"SMITH"},{"data":"Slimebound:SelfFormingGoo","floor":13.0,"key":"SMITH"},{"data":"Slimebound:MassFeed","floor":18.0,"key":"SMITH"},{"data":"Slimebound:DouseInSlime","floor":26,"key":"SMITH"},{"data":"Slimebound:LeechEnergy","floor":28,"key":"SMITH"},{"floor":35,"key":"RECALL"},{"floor":40,"key":"REST"},{"floor":44,"key":"REST"},{"floor":54,"key":"REST"}],"circlet_count":0,"master_deck":["Slimebound:Defend_Slimebound","Slimebound:Defend_Slimebound","Slimebound:Split+1","Slimebound:FirmFortitude","Slimebound:GrowthPunch+1","Slimebound:SplitAcid","Slimebound:Recollect","Slimebound:SelfFormingGoo+1","Slimebound:MegaLick","Slimebound:ComboTackle+1","Slimebound:DouseInSlime+1","Slimebound:LeechEnergy+1","Slimebound:MassFeed+1","Slimebound:GrowthPunch+1","Slimebound:FormOfPuddle+1","Master of Strategy"],"relics":["Slimebound:AbsorbEndCombat","downfall:HeartsMalice","downfall:ShatteredFragment","MawBank","Eternal Feather","Akabeko","Runic Pyramid","downfall:HeartBlessingGreen","Bottled Lightning","Fusion Hammer","Slimebound:MaxSlimesRelic","Centennial Puzzle","downfall:HeartBlessingRed","downfall:HeartBlessingBlue","MealTicket","Red Mask","downfall:RedIOUUpgrade","Nunchaku"],"acts_visited":["Exordium","TheCity","TheBeyond","TheEnding"],"potions_floor_usage":[37,37,52,52],"damage_taken":[{"damage":0.0,"enemies":"Small Slimes","floor":2.0,"turns":1.0},{"damage":0.0,"enemies":"Jaw Worm","floor":4.0,"turns":1.0},{"damage":0.0,"enemies":"Gremlin Nob","floor":6.0,"turns":1.0},{"damage":5.0,"enemies":"Cultist","floor":8.0,"turns":3.0},{"damage":4.0,"enemies":"downfall:FleeingMerchant","floor":9.0,"turns":4.0},{"damage":6.0,"enemies":"2 Fungi Beasts","floor":10.0,"turns":3.0},{"damage":21.0,"enemies":"Lagavulin","floor":11.0,"turns":5.0},{"damage":16.0,"enemies":"downfall:FleeingMerchant","floor":12.0,"turns":4.0},{"damage":37.0,"enemies":"downfall:Heads","floor":14.0,"turns":3.0},{"damage":16.0,"enemies":"Large Slime","floor":15.0,"turns":3.0},{"damage":52.0,"enemies":"downfall:Defect","floor":16.0,"turns":7.0},{"damage":25.0,"enemies":"Shell Parasite","floor":19.0,"turns":4.0},{"damage":24.0,"enemies":"Shell Parasite","floor":20.0,"turns":6.0},{"damage":11.0,"enemies":"downfall:FleeingMerchant","floor":21.0,"turns":4.0},{"damage":12,"enemies":"3 Cultists","floor":22,"turns":3},{"damage":36,"enemies":"Shelled Parasite and Fungi","floor":23,"turns":6},{"damage":62,"enemies":"Slavers","floor":27,"turns":4},{"damage":21,"enemies":"Gremlin Leader","floor":29,"turns":7},{"damage":33,"enemies":"Snake Plant","floor":31,"turns":3},{"damage":27,"enemies":"Snecko","floor":32,"turns":5},{"damage":11,"enemies":"downfall:Ironclad","floor":33,"turns":9},{"damage":31,"enemies":"3 Shapes","floor":36,"turns":3},{"damage":30,"enemies":"3 Darklings","floor":37,"turns":3},{"damage":34,"enemies":"downfall:FleeingMerchant","floor":38,"turns":4},{"damage":24,"enemies":"Transient","floor":42,"turns":5},{"damage":46,"enemies":"Jaw Worm Horde","floor":43,"turns":2},{"damage":20,"enemies":"3 Darklings","floor":45,"turns":3},{"damage":33,"enemies":"Giant Head","floor":46,"turns":7},{"damage":20,"enemies":"Spire Growth","floor":48,"turns":4},{"damage":24,"enemies":"Sphere and 2 Shapes","floor":49,"turns":4},{"damage":21,"enemies":"downfall:Silent","floor":50,"turns":4},{"damage":59,"enemies":"downfall:CharBossMerchant","floor":52,"turns":9},{"damage":53,"enemies":"downfall:NeowBoss","floor":55,"turns":22}],"seed_played":"5834975150932975675","potions_obtained":[{"floor":8.0,"key":"Fire Potion"},{"floor":10.0,"key":"LiquidMemories"},{"floor":11.0,"key":"Guardian:BlockOnCardUsePotion"},{"floor":15.0,"key":"Guardian:BlockOnCardUsePotion"},{"floor":39,"key":"Block Potion"},{"floor":39,"key":"Guardian:BlockOnCardUsePotion"},{"floor":49,"key":"Energy Potion"}],"is_trial":false,"path_per_floor":["R","M","?","M","?","E","T","M","$","M","E","$","R","?","M","B",null,"R","M","?","$","M","M","T","?","R","E","R","E","?","M","M","B",null,"R","M","M","$","?","R","T","M","M","R","M","E","?","M","M","B",null,"E","$","R","B",null],"character_chosen":"SLIMEBOUND","items_purchased":["Slimebound:ComboTackle","Slimebound:MaxSlimesRelic","Centennial Puzzle","Master of Strategy","Block Potion"],"campfire_rested":3,"item_purchase_floors":[12,38,38,38,53],"current_hp_per_floor":[60,60,60,60,42,42,42,49,60,60,57,58,60,47,55,35,60,60,63,70,72,80,76,76,76,84,56,65,88,88,81,82,108,108,108,105,101,112,112,116,116,116,117,138,142,142,142,146,146,150,150,136,151,154,154],"gold":19,"neow_bonus":"THREE_ENEMY_KILL","is_daily":false,"chose_seed":false,"campfire_upgraded":5,"win_rate":0.0,"timestamp":1609740883,"path_taken":["R","M","?","M","?","E","T","?","?","M","E","$","R","?","M","BOSS","R","M","?","$","M","M","T","?","R","E","R","E","?","M","M","BOSS","R","M","M","$","?","R","T","?","M","R","M","E","?","M","M","BOSS","E","$","R","BOSS"],"items_purchased_type":["Card","Relic","Relic","Card","Potion"],"build_version":"2020-12-22","purchased_purges":3,"victory":true,"max_hp_per_floor":[60,60,60,60,60,60,60,60,60,60,60,60,60,60,60,60,60,60,64,72,72,80,84,84,84,84,92,92,96,96,100,104,108,108,108,108,112,116,116,116,116,116,128,138,142,142,142,146,146,150,150,154,154,154,154],"card_choices":[{"not_picked":["Slimebound:ViciousTackle","Slimebound:RollThrough"],"picked":"Slimebound:BestDefense","floor":2.0},{"not_picked":["Slimebound:DisruptingSlam","Slimebound:SplitBruiser"],"picked":"Slimebound:FirmFortitude","floor":4.0},{"not_picked":["Slimebound:PrepareCrush","Slimebound:DisruptingSlam"],"picked":"Slimebound:GrowthPunch","floor":6.0},{"not_picked":["Slimebound:SplitLeeching","Slimebound:LevelUp"],"picked":"Slimebound:SplitAcid","floor":8.0},{"not_picked":["Slimebound:GoopSpray","Slimebound:ForwardTackle"],"picked":"Slimebound:Recollect","floor":9.0},{"not_picked":["Slimebound:ForwardTackle","Slimebound:SlimeBarrage","Slimebound:Recollect"],"picked":"SKIP","floor":10.0},{"not_picked":["Slimebound:AcidTongue","Slimebound:DivideAndConquer"],"picked":"Slimebound:SelfFormingGoo","floor":11.0},{"not_picked":["Slimebound:SplitMire","Slimebound:SlimeSpikes"],"picked":"Slimebound:MegaLick","floor":12.0},{"not_picked":["Slimebound:FirmFortitude","Slimebound:RollThrough"],"picked":"Slimebound:LeechEnergy","floor":15.0},{"not_picked":["Slimebound:PrepareCrush","Slimebound:MassRepurpose"],"picked":"Slimebound:MassFeed","floor":16.0},{"not_picked":["Slimebound:ViciousTackle","Slimebound:SplitLeeching+1","Slimebound:ServeAndProtect"],"picked":"SKIP","floor":19.0},{"not_picked":["Slimebound:HauntingLick","Slimebound:FinishingTackle"],"picked":"Slimebound:GrowthPunch+1","floor":21},{"not_picked":["Slimebound:SplitLeeching","Slimebound:Gluttony+1","Slimebound:Grow"],"picked":"SKIP","floor":22},{"not_picked":["Slimebound:Gluttony","Slimebound:SlimeSpikes"],"picked":"Slimebound:HungryTackle","floor":23},{"not_picked":["Slimebound:SlimeBrawl","Slimebound:RejuvenatingLick","Slimebound:SamplingLick"],"picked":"SKIP","floor":27},{"not_picked":["Slimebound:Schlurp","Slimebound:PressTheAttack","Slimebound:Darklings"],"picked":"SKIP","floor":29},{"not_picked":["Slimebound:DivideAndConquer","Slimebound:FlameTackle+1","Slimebound:ServeAndProtect+1"],"picked":"SKIP","floor":31},{"not_picked":["Slimebound:GrowthPunch+1","Slimebound:LivingWall+1"],"picked":"Slimebound:FormOfPuddle+1","floor":32},{"not_picked":["Slimebound:FinishingTackle+1","Slimebound:SplitLeeching","Slimebound:LeechingTouch+1"],"picked":"SKIP","floor":36},{"not_picked":["Slimebound:FinishingTackle+1","Slimebound:LeechingTouch+1","Slimebound:Repurpose"],"picked":"SKIP","floor":37},{"not_picked":["Slimebound:ViciousTackle+1","Slimebound:RollThrough+1","Slimebound:GrowthPunch"],"picked":"SKIP","floor":38},{"not_picked":["Slimebound:RollThrough","Slimebound:LeechingTouch","Slimebound:SpikyOuterGoop"],"picked":"SKIP","floor":42},{"not_picked":["Slimebound:SplitLeeching","Slimebound:CheckThePlaybook","Slimebound:PressTheAttack"],"picked":"SKIP","floor":43},{"not_picked":["Slimebound:LeechEnergy","Slimebound:GrowthPunch+1","Slimebound:TongueLash"],"picked":"SKIP","floor":45},{"not_picked":["Slimebound:RollThrough","Slimebound:DisruptingSlam","Slimebound:Grow+1"],"picked":"SKIP","floor":46},{"not_picked":["Slimebound:FlameTackle+1","Slimebound:ComboTackle+1","Slimebound:ViciousTackle+1"],"picked":"SKIP","floor":48},{"not_picked":["Slimebound:Teamwork","Slimebound:ViciousTackle+1","Slimebound:DisruptingSlam"],"picked":"SKIP","floor":49},{"not_picked":["Slimebound:Repurpose","Slimebound:LeechingTouch","Slimebound:SpikyOuterGoop"],"picked":"SKIP","floor":52}],"player_experience":189721,"relics_obtained":[{"floor":6.0,"key":"MawBank"},{"floor":7.0,"key":"Eternal Feather"},{"floor":11.0,"key":"Akabeko"},{"floor":24,"key":"Whetstone"},{"floor":27,"key":"Bottled Lightning"},{"floor":46,"key":"MealTicket"},{"floor":52,"key":"Nunchaku"}],"event_choices":[{"cards_removed":["Slimebound:Strike_Slimebound"],"damage_healed":0.0,"max_hp_gain":0.0,"max_hp_loss":0.0,"gold_gain":0.0,"event_name":"The Cleric","player_choice":"Card Removal","floor":3.0,"gold_loss":0.0,"damage_taken":0.0},{"damage_healed":0,"gold_gain":0,"player_choice":"Got Potions","damage_taken":0,"max_hp_gain":0,"max_hp_loss":0,"event_name":"Lab","floor":39,"gold_loss":0}],"is_beta":false,"boss_relics":[{"not_picked":["Cursed Key","SacredBark"],"picked":"Runic Pyramid"},{"not_picked":["Busted Crown","Astrolabe"],"picked":"Fusion Hammer"}],"items_purged_floors":[9,38,53],"is_endless":false,"potions_floor_spawned":[8,10,11,15,16,20,22,29,31,36,42,43,49],"ascension_level":4}}