{"host":"hbwa3kjetxrogfq8","time":1609792088,"event":{"mods":["AchievementEnabler","BaseMod","Block Reminder","Colored Map","Colored Powertips","Highlight Path","Minty Spire (QoL Compilation)","Rare Cards Sparkle","Relic Stats","StSLib"],"gold_per_floor":[112,131,147,158,174,207,227,254,277,277,293,468,468,479,479,574,574,590,609,609,37,48,73,73,91,91,106,106,6,25,125,125,223,223,240,13,30,78,78,78,111,125,174,224,238,258,20,20,20,20,20],"floor_reached":50,"playtime":2882,"items_purged":["Doubt","Writhe","Strike_G"],"score":837,"play_id":"0193dd22-370a-495d-b7fe-13267eb4f8a7","local_time":"20210104212808","is_ascension_mode":true,"campfire_choices":[{"floor":10.0,"key":"REST"},{"data":"1","floor":15.0,"key":"LIFT"},{"data":"2","floor":24.0,"key":"LIFT"},{"data":"3","floor":32.0,"key":"LIFT"},{"floor":40.0,"key":"REST"},{"floor":49.0,"key":"REST"}],"circlet_count":0,"master_deck":["Strike_G","Strike_G","Strike_G","Defend_G+1","Defend_G","Defend_G","Defend_G","Defend_G","Survivor","Neutralize","Backstab","Backstab","Caltrops","Dagger Spray","Blade Dance","Corpse Explosion","PiercingWail+1","Wraith Form v2","Well Laid Plans","Cloak And Dagger","Finisher","Dodge and Roll","Slice","PiercingWail","Poisoned Stab","Slice+1","Accuracy","Dash","Leg Sweep+1","Endless Agony","Footwork","Deadly Poison","Blade Dance+1","Footwork+1","Dagger Spray","Footwork","Accuracy","Cloak And Dagger"],"relics":["WristBlade","Girya","Ninja Scroll","Anchor","HoveringKite","StrikeDummy","Pen Nib","Snake Skull","Ancient Tea Set","Gremlin Horn","Ice Cream","Meat on the Bone","Black Star","Bird Faced Urn","Centennial Puzzle","War Paint","Juzu Bracelet","Shovel","Bronze Scales","Boot"],"acts_visited":["Exordium","TheCity","TheBeyond"],"potions_floor_usage":[50],"damage_taken":[{"damage":0.0,"enemies":"2 Louse","floor":1.0,"turns":3.0},{"damage":0.0,"enemies":"Small Slimes","floor":2.0,"turns":3.0},{"damage":0.0,"enemies":"Cultist","floor":3.0,"turns":2.0},{"damage":0.0,"enemies":"Blue Slaver","floor":4.0,"turns":1.0},{"damage":6.0,"enemies":"Looter","floor":5.0,"turns":3.0},{"damage":20.0,"enemies":"3 Sentries","floor":6.0,"turns":7.0},{"damage":6.0,"enemies":"3 Louse","floor":7.0,"turns":3.0},{"damage":0.0,"enemies":"Gremlin Nob","floor":8.0,"turns":1.0},{"damage":0.0,"enemies":"Blue Slaver","floor":11.0,"turns":1.0},{"damage":0.0,"enemies":"Gremlin Gang","floor":14.0,"turns":1.0},{"damage":22.0,"enemies":"Slime Boss","floor":16.0,"turns":8.0},{"damage":2.0,"enemies":"3 Byrds","floor":18.0,"turns":2.0},{"damage":1.0,"enemies":"2 Thieves","floor":19.0,"turns":3.0},{"damage":1.0,"enemies":"Chosen and Byrds","floor":22.0,"turns":5.0},{"damage":0.0,"enemies":"Book of Stabbing","floor":23.0,"turns":3.0},{"damage":4.0,"enemies":"Snecko","floor":25.0,"turns":4.0},{"damage":6.0,"enemies":"Centurion and Healer","floor":27.0,"turns":3.0},{"damage":0.0,"enemies":"Shelled Parasite and Fungi","floor":30.0,"turns":1.0},{"damage":0.0,"enemies":"Colosseum Slavers","floor":31.0,"turns":1.0},{"damage":0.0,"enemies":"Colosseum Nobs","floor":31.0,"turns":1.0},{"damage":34.0,"enemies":"Champ","floor":33.0,"turns":8.0},{"damage":0.0,"enemies":"Orb Walker","floor":35.0,"turns":1.0},{"damage":2.0,"enemies":"3 Darklings","floor":37.0,"turns":2.0},{"damage":17.0,"enemies":"2 Orb Walkers","floor":38.0,"turns":3.0},{"damage":0.0,"enemies":"Reptomancer","floor":41.0,"turns":2.0},{"damage":17.0,"enemies":"Writhing Mass","floor":42.0,"turns":3.0},{"damage":0.0,"enemies":"Mind Bloom Boss Battle","floor":44.0,"turns":2.0},{"damage":0.0,"enemies":"Maw","floor":45.0,"turns":6.0},{"damage":15.0,"enemies":"Spire Growth","floor":46.0,"turns":3.0},{"damage":91,"enemies":"Awakened One","floor":50,"turns":10}],"seed_played":"588047707958187156","potions_obtained":[{"floor":3.0,"key":"SkillPotion"},{"floor":4.0,"key":"SteroidPotion"},{"floor":7.0,"key":"EntropicBrew"},{"floor":11.0,"key":"Weak Potion"},{"floor":16.0,"key":"LiquidBronze"},{"floor":18.0,"key":"Poison Potion"},{"floor":25.0,"key":"Strength Potion"},{"floor":30.0,"key":"Poison Potion"},{"floor":31.0,"key":"CunningPotion"},{"floor":37.0,"key":"SmokeBomb"},{"floor":41.0,"key":"DuplicationPotion"},{"floor":42.0,"key":"Strength Potion"},{"floor":45.0,"key":"Strength Potion"}],"is_trial":false,"path_per_floor":["M","M","M","M","M","E","M","E","T","R","M","?","?","M","R","B",null,"M","M","?","$","M","E","R","M","T","M","?","$","M","?","R","B",null,"M","$","M","?","?","R","E","M","T","?","M","M","$","T","R","B"],"character_chosen":"THE_SILENT","items_purchased":["Pen Nib","Snake Skull","Finisher","Dodge and Roll","Slice","PiercingWail","Footwork","Deadly Poison","Accuracy","Bronze Scales","Cloak And Dagger"],"campfire_rested":3,"item_purchase_floors":[21,21,21,21,21,21,36,36,47,47,47],"current_hp_per_floor":[63,63,63,63,57,37,31,31,31,52,52,52,45,45,45,23,58,56,55,55,55,54,54,54,50,50,44,67,67,67,67,67,45,64,64,64,62,45,45,66,70,53,53,55,65,52,52,52,70,0,0],"gold":20,"neow_bonus":"BOSS_RELIC","is_daily":false,"chose_seed":false,"campfire_upgraded":0,"win_rate":0.0,"timestamp":1609792088,"path_taken":["M","M","M","M","M","E","M","E","T","R","M","?","?","M","R","BOSS","M","M","?","$","M","E","R","M","T","M","?","$","M","?","R","BOSS","M","$","M","?","?","R","E","M","T","?","M","M","$","?","R","BOSS"],"items_purchased_type":["Relic","Relic","Card","Card","Card","Card","Card","Card","Card","Relic","Card"],"build_version":"2020-12-22","purchased_purges":3,"victory":false,"max_hp_per_floor":[70,70,70,70,70,70,70,70,70,70,70,70,70,70,70,70,70,70,70,70,70,70,70,70,70,70,70,70,70,70,70,70,70,70,70,70,70,70,70,70,70,70,70,70,70,70,70,70,70,70,70],"relic_stats":{"Gremlin Horn":[14,13],"counters":[30,96],"HoveringKite":[2],"Pen Nib":[22],"Snake Skull":[17],"Juzu Bracelet":0,"War Paint":["PiercingWail","Defend_G"],"Boot":[0],"Centennial Puzzle":[9],"Shovel":0,"Bird Faced Urn":[32],"Bronze Scales":[51],"Black Star":1,"obtain_stats":[{"Ice Cream":31,"Girya":6,"Gremlin Horn":26,"HoveringKite":17,"Pen Nib":21,"Snake Skull":21,"Juzu Bracelet":43,"War Paint":41,"Ancient Tea Set":23,"Boot":48,"Anchor":9,"Centennial Puzzle":41,"Shovel":44,"WristBlade":0,"Ninja Scroll":8,"Bird Faced Urn":38,"Bronze Scales":47,"Black Star":34,"StrikeDummy":20,"Ring of the Snake":0,"Meat on the Bone":31},{"Ice Cream":20,"Girya":6,"Gremlin Horn":16,"HoveringKite":11,"Pen Nib":13,"Snake Skull":13,"Juzu Bracelet":26,"War Paint":25,"Ancient Tea Set":15,"Boot":29,"Anchor":8,"Centennial Puzzle":25,"Shovel":27,"WristBlade":0,"Ninja Scroll":8,"Bird Faced Urn":24,"Bronze Scales":29,"Black Star":21,"StrikeDummy":13,"Ring of the Snake":0,"Meat on the Bone":20},{"Ice Cream":56,"Girya":19,"Gremlin Horn":50,"HoveringKite":33,"Pen Nib":38,"Snake Skull":38,"Juzu Bracelet":75,"War Paint":72,"Ancient Tea Set":46,"Boot":86,"Anchor":23,"Centennial Puzzle":72,"Shovel":77,"WristBlade":0,"Ninja Scroll":23,"Bird Faced Urn":70,"Bronze Scales":86,"Black Star":64,"StrikeDummy":38,"Ring of the Snake":0,"Meat on the Bone":56}],"Meat on the Bone":12},"card_choices":[{"not_picked":["Slice","Infinite Blades"],"picked":"Backstab","floor":1.0},{"not_picked":["Bouncing Flask","Outmaneuver"],"picked":"Backstab","floor":2.0},{"not_picked":["Dagger Throw","Underhanded Strike","Sucker Punch"],"picked":"SKIP","floor":3.0},{"not_picked":["Predator","Riddle With Holes"],"picked":"Caltrops","floor":4.0},{"not_picked":["Cloak And Dagger","Footwork"],"picked":"Dagger Spray","floor":5.0},{"not_picked":["Envenom","Underhanded Strike","Eviscerate"],"picked":"SKIP","floor":6.0},{"not_picked":["Concentrate","Heel Hook"],"picked":"Blade Dance","floor":7.0},{"not_picked":["Phantasmal Killer","Slice"],"picked":"Corpse Explosion","floor":8.0},{"not_picked":["Prepared","Concentrate"],"picked":"PiercingWail","floor":11.0},{"not_picked":["Outmaneuver","Doppelganger","Acrobatics"],"picked":"SKIP","floor":14.0},{"not_picked":["Unload","Venomology"],"picked":"Wraith Form v2","floor":16.0},{"not_picked":["Blade Dance","Catalyst+1"],"picked":"Well Laid Plans","floor":18.0},{"not_picked":["Reflex","Poisoned Stab"],"picked":"Cloak And Dagger","floor":19.0},{"not_picked":["Deflect","Blade Dance"],"picked":"Poisoned Stab","floor":22.0},{"not_picked":["Deflect","Distraction"],"picked":"Slice+1","floor":23.0},{"not_picked":["Prepared","Acrobatics"],"picked":"Accuracy","floor":25.0},{"not_picked":["Dagger Spray+1","Acrobatics"],"picked":"Dash","floor":27.0},{"not_picked":["Poisoned Stab+1","Corpse Explosion"],"picked":"Leg Sweep+1","floor":30.0},{"not_picked":["Prepared","Dagger Throw+1"],"picked":"Endless Agony","floor":31.0},{"not_picked":["Deflect+1","Catalyst+1","Outmaneuver+1"],"picked":"SKIP","floor":35.0},{"not_picked":["Bane+1","Calculated Gamble+1","Poisoned Stab+1"],"picked":"SKIP","floor":37.0},{"not_picked":["Setup+1","Flying Knee"],"picked":"Blade Dance+1","floor":38.0},{"not_picked":["Dash+1","Deadly Poison+1"],"picked":"Footwork+1","floor":41.0},{"not_picked":["Prepared","Quick Slash+1","Dagger Throw"],"picked":"SKIP","floor":42.0},{"not_picked":["Slice","Sucker Punch+1"],"picked":"Dagger Spray","floor":45.0},{"not_picked":["Poisoned Stab","Predator+1"],"picked":"Footwork","floor":46.0}],"player_experience":605716,"relics_obtained":[{"floor":6.0,"key":"Girya"},{"floor":8.0,"key":"Ninja Scroll"},{"floor":9.0,"key":"Anchor"},{"floor":23.0,"key":"Ancient Tea Set"},{"floor":26.0,"key":"Gremlin Horn"},{"floor":31.0,"key":"Ice Cream"},{"floor":31.0,"key":"Meat on the Bone"},{"floor":38.0,"key":"Bird Faced Urn"},{"floor":41.0,"key":"Centennial Puzzle"},{"floor":41.0,"key":"War Paint"},{"floor":43.0,"key":"Juzu Bracelet"},{"floor":44.0,"key":"Shovel"},{"floor":48.0,"key":"Boot"}],"event_choices":[{"damage_healed":0.0,"max_hp_gain":0.0,"max_hp_loss":0.0,"gold_gain":175.0,"event_name":"Liars Game","player_choice":"AGREE","floor":12.0,"gold_loss":0.0,"damage_taken":0.0,"cards_obtained":["Doubt"]},{"damage_healed":0.0,"max_hp_gain":0.0,"max_hp_loss":0.0,"gold_gain":0.0,"event_name":"Wheel of Change","player_choice":"Damaged","floor":13.0,"gold_loss":0.0,"damage_taken":7.0},{"damage_healed":0.0,"max_hp_gain":0.0,"max_hp_loss":0.0,"gold_gain":0.0,"event_name":"The Mausoleum","player_choice":"Opened","floor":20.0,"gold_loss":0.0,"damage_taken":0.0,"relics_obtained":["StrikeDummy"],"cards_obtained":["Writhe"]},{"damage_healed":23.0,"max_hp_gain":0.0,"max_hp_loss":0.0,"gold_gain":0.0,"event_name":"The Library","player_choice":"Heal","floor":28.0,"gold_loss":0.0,"damage_taken":0.0},{"damage_healed":0.0,"max_hp_gain":0.0,"max_hp_loss":0.0,"gold_gain":0.0,"event_name":"Colosseum","player_choice":"Fight","floor":31.0,"gold_loss":0.0,"damage_taken":0.0},{"damage_healed":0.0,"max_hp_gain":0.0,"max_hp_loss":0.0,"gold_gain":0.0,"event_name":"Colosseum","player_choice":"Fought Nobs","floor":31.0,"gold_loss":0.0,"damage_taken":0.0},{"damage_healed":0.0,"max_hp_gain":0.0,"max_hp_loss":0.0,"gold_gain":0.0,"event_name":"Mysterious Sphere","player_choice":"Fight","floor":38.0,"gold_loss":0.0,"damage_taken":0.0},{"cards_removed":["Strike_G"],"damage_healed":0.0,"max_hp_gain":0.0,"max_hp_loss":0.0,"gold_gain":0.0,"event_name":"Falling","player_choice":"Removed Attack","floor":39.0,"gold_loss":0.0,"damage_taken":0.0},{"damage_healed":0.0,"max_hp_gain":0.0,"max_hp_loss":0.0,"gold_gain":0.0,"event_name":"MindBloom","player_choice":"Fight","floor":44.0,"gold_loss":0.0,"damage_taken":0.0}],"is_beta":false,"boss_relics":[{"not_picked":["Tiny House","Snecko Eye"],"picked":"HoveringKite"},{"not_picked":["Runic Dome","Astrolabe"],"picked":"Black Star"}],"items_purged_floors":[21,29,36],"is_endless":false,"potions_floor_spawned":[3,4,7,11,16,18,25,30,31,37,41,42,45],"killed_by":"Awakened One","ascension_level":7}}