{"host":"d8hh7rr4yzitjeuj","time":1609766797,"event":{"mods":["2.2 Compatiblity","AchievementEnabler","Act Like it!","BaseMod","Colored Map","Colored Powertips","Highlight Path","Keyboard Shortcuts","Minty Spire (QoL Compilation)","Permanent Neow","Quick Restart","StSLib","SuperFastMode"],"gold_per_floor":[114,128,128,138,138,138,168,168,168,200,219,232,244,244,244,323,323,341,356,356,356,356,356,356,356,382,382,401,54,54,70,70,70,70],"floor_reached":33,"playtime":786,"items_purged":[],"score":510,"play_id":"dffd7fba-7a72-4c59-a8b2-5c75775d9e97","local_time":"20210104222637","is_ascension_mode":true,"campfire_choices":[{"data":"Hemokinesis","floor":6.0,"key":"SMITH"},{"data":"Clothesline","floor":8.0,"key":"SMITH"},{"floor":15.0,"key":"REST"},{"floor":23.0,"key":"REST"},{"data":"Rupture","floor":25.0,"key":"SMITH"},{"floor":27.0,"key":"REST"},{"floor":30.0,"key":"REST"},{"floor":32.0,"key":"REST"}],"circlet_count":0,"master_deck":["AscendersBane","Bash","Enlightenment","Hemokinesis+1","Clothesline+1","Disarm","Rupture","Twin Strike","Armaments","Pain","Immolate","Wild Strike","Uppercut","Inflame","Havoc","Rupture+1","Dual Wield","Headbutt","Reckless Charge","Bludgeon","Heavy Blade","Decay","J.A.X.","Burning Pact"],"relics":["Burning Blood","Ornamental Fan","Ancient Tea Set","The Courier","Vajra","WarpedTongs","Pandora\u0027s Box","Tiny Chest","Bottled Tornado","Regal Pillow"],"acts_visited":["Exordium","TheCity"],"potions_floor_usage":[33,33],"damage_taken":[{"damage":26.0,"enemies":"Jaw Worm","floor":1.0,"turns":6.0},{"damage":3.0,"enemies":"2 Louse","floor":2.0,"turns":3.0},{"damage":8.0,"enemies":"Cultist","floor":4.0,"turns":3.0},{"damage":6.0,"enemies":"Gremlin Nob","floor":7.0,"turns":3.0},{"damage":64.0,"enemies":"3 Sentries","floor":10.0,"turns":9.0},{"damage":16.0,"enemies":"Exordium Wildlife","floor":11.0,"turns":4.0},{"damage":9.0,"enemies":"3 Louse","floor":12.0,"turns":3.0},{"damage":8.0,"enemies":"2 Fungi Beasts","floor":13.0,"turns":3.0},{"damage":25.0,"enemies":"The Guardian","floor":16.0,"turns":10.0},{"damage":53.0,"enemies":"Shell Parasite","floor":18.0,"turns":5.0},{"damage":11.0,"enemies":"Chosen","floor":19.0,"turns":3.0},{"damage":49.0,"enemies":"Sentry and Sphere","floor":28.0,"turns":5.0},{"damage":50.0,"enemies":"Cultist and Chosen","floor":31.0,"turns":5.0},{"damage":64,"enemies":"Collector","floor":33,"turns":3}],"seed_played":"5572564191450814994","potions_obtained":[{"floor":2.0,"key":"DuplicationPotion"},{"floor":4.0,"key":"Ancient Potion"},{"floor":7.0,"key":"Regen Potion"},{"floor":11.0,"key":"FairyPotion"},{"floor":31.0,"key":"FearPotion"}],"is_trial":false,"path_per_floor":["M","M","?","M","?","R","E","R","T","E","M","M","M","?","R","B",null,"M","M","?","T","?","R","?","R","T","R","M","$","R","M","R","B"],"character_chosen":"IRONCLAD","items_purchased":["Bottled Tornado","Regal Pillow"],"campfire_rested":5,"item_purchase_floors":[29,29],"current_hp_per_floor":[48,51,46,44,69,69,69,69,69,26,16,13,11,11,33,14,60,13,8,8,8,8,30,30,30,30,52,9,9,46,24,61,0,0],"gold":70,"neow_bonus":"RANDOM_COLORLESS","is_daily":false,"chose_seed":false,"campfire_upgraded":3,"win_rate":0.0,"timestamp":1609766797,"path_taken":["M","M","?","M","?","R","E","R","T","E","M","M","M","?","R","BOSS","M","M","?","?","?","R","?","R","T","R","M","?","R","M","R","BOSS"],"items_purchased_type":["Relic","Relic"],"build_version":"2020-12-22","purchased_purges":0,"victory":false,"max_hp_per_floor":[75,75,75,75,75,75,75,75,75,75,75,75,75,75,75,75,75,75,75,75,75,75,75,75,75,75,75,75,75,75,75,75,75,75],"card_choices":[{"not_picked":["Purity","Dark Shackles"],"picked":"Enlightenment","floor":0.0},{"not_picked":["Clothesline","Havoc"],"picked":"Hemokinesis","floor":1.0},{"not_picked":["Pommel Strike","Armaments"],"picked":"Clothesline","floor":2.0},{"not_picked":["Thunderclap","Clash","Iron Wave"],"picked":"SKIP","floor":4.0},{"not_picked":["Searing Blow","Sentinel"],"picked":"Disarm","floor":7.0},{"not_picked":["Anger","Bloodletting"],"picked":"Rupture","floor":10.0},{"not_picked":["Juggernaut","Bloodletting"],"picked":"Twin Strike","floor":11.0},{"not_picked":["Havoc","Thunderclap","Headbutt"],"picked":"SKIP","floor":12.0},{"not_picked":["Headbutt","Iron Wave"],"picked":"Armaments","floor":13.0},{"not_picked":["Exhume","Juggernaut"],"picked":"Immolate","floor":16.0},{"not_picked":["Bloodletting","True Grit","Clothesline"],"picked":"SKIP","floor":18.0},{"not_picked":["Carnage","Warcry"],"picked":"Heavy Blade","floor":19.0},{"not_picked":["Clothesline","Uppercut","Rupture"],"picked":"SKIP","floor":28.0},{"not_picked":["Twin Strike","Thunderclap"],"picked":"Burning Pact","floor":31.0}],"player_experience":1403934,"relics_obtained":[{"floor":7.0,"key":"Ancient Tea Set"},{"floor":9.0,"key":"The Courier"},{"floor":10.0,"key":"Vajra"},{"floor":26.0,"key":"Tiny Chest"}],"event_choices":[{"damage_healed":0.0,"max_hp_gain":0.0,"max_hp_loss":0.0,"gold_gain":0.0,"event_name":"Scrap Ooze","player_choice":"Success","floor":3.0,"gold_loss":0.0,"damage_taken":5.0,"relics_obtained":["Ornamental Fan"]},{"damage_healed":25.0,"max_hp_gain":0.0,"max_hp_loss":0.0,"gold_gain":0.0,"event_name":"Big Fish","player_choice":"Banana","floor":5.0,"gold_loss":0.0,"damage_taken":0.0},{"damage_healed":0.0,"max_hp_gain":0.0,"max_hp_loss":0.0,"gold_gain":0.0,"event_name":"Accursed Blacksmith","player_choice":"Rummage","floor":14.0,"gold_loss":0.0,"damage_taken":0.0,"relics_obtained":["WarpedTongs"],"cards_obtained":["Pain"]},{"damage_healed":0.0,"max_hp_gain":0.0,"max_hp_loss":0.0,"gold_gain":0.0,"event_name":"Forgotten Altar","player_choice":"Smashed Altar","floor":20.0,"gold_loss":0.0,"damage_taken":0.0,"cards_obtained":["Decay"]},{"damage_healed":0.0,"max_hp_gain":0.0,"max_hp_loss":0.0,"gold_gain":0.0,"event_name":"The Mausoleum","player_choice":"Ignored","floor":22.0,"gold_loss":0.0,"damage_taken":0.0},{"damage_healed":0.0,"max_hp_gain":0.0,"max_hp_loss":0.0,"gold_gain":0.0,"event_name":"Drug Dealer","player_choice":"Obtain J.A.X.","floor":24.0,"gold_loss":0.0,"damage_taken":0.0,"cards_obtained":["J.A.X."]}],"is_beta":false,"boss_relics":[{"not_picked":["Ectoplasm","Empty Cage"],"picked":"Pandora\u0027s Box"}],"items_purged_floors":[],"is_endless":false,"potions_floor_spawned":[2,4,7,11,19,31],"killed_by":"Collector","ascension_level":20}}