{"host":"b7j598ve05halrwk","time":1609779427,"event":{"mods":["2.2 Compatiblity","BaseMod","Block Reminder","DeckTracker","Minty Spire (QoL Compilation)","Relic Stats","Slay the Relics Exporter","StSLib","ojb\u0027s Better Paths Mod","ojb\u0027s Info Mod"],"gold_per_floor":[114,189,205,205,220,220,252,252,301,332,332,332,344,374,374,450,450,470,490,57,57,67,67,83,118,130,142,168,180,223,247,259,345,357,388,270,280,280,40,74,86,119,119,150,163,177,207,220,220,220,220],"floor_reached":50,"playtime":5629,"items_purged":["Strike_B","Defend_B"],"score":1344,"play_id":"26fa4420-4735-4815-97b4-d64fb5ee8905","local_time":"20210104115707","is_ascension_mode":true,"campfire_choices":[{"data":"Ball Lightning","floor":6.0,"key":"SMITH"},{"data":"Defend_B","floor":8.0,"key":"SMITH"},{"data":"Self Repair","floor":11.0,"key":"SMITH"},{"floor":15.0,"key":"REST"},{"data":"Sunder","floor":23.0,"key":"SMITH"},{"data":"Hologram","floor":27.0,"key":"SMITH"},{"data":"Doom and Gloom","floor":29.0,"key":"SMITH"},{"data":"Loop","floor":32.0,"key":"SMITH"},{"floor":49,"key":"RECALL"}],"circlet_count":0,"master_deck":["AscendersBane","Strike_B+1","Strike_B+1","Defend_B+1","Defend_B","Zap","Dualcast","Cold Snap","Ball Lightning","Ball Lightning+1","Ball Lightning","Self Repair+1","FTL","Sweeping Beam","Core Surge","Auto Shields","Sunder+1","Doom and Gloom+1","The Bomb","Genetic Algorithm","Hologram+1","Meteor Strike","Leap","Loop+1","Machine Learning","Aggregate+1","Coolheaded","Defragment","Multi-Cast","Loop","Hologram+1","Biased Cognition","Undo","White Noise"],"relics":["Sozu","Whetstone","Pen Nib","Kunai","Calipers","Snecko Eye","Nilry\u0027s Codex","MawBank","Ornamental Fan","DataDisk","Nuclear Battery","Strange Spoon","Pantograph","Peace Pipe","Happy Flower","Regal Pillow"],"acts_visited":["TheBeyond"],"potions_floor_usage":[],"damage_taken":[{"damage":0.0,"enemies":"2 Louse","floor":1.0,"turns":2.0},{"damage":12.0,"enemies":"Jaw Worm","floor":3.0,"turns":4.0},{"damage":0.0,"enemies":"Cultist","floor":5.0,"turns":3.0},{"damage":8.0,"enemies":"Gremlin Nob","floor":7.0,"turns":3.0},{"damage":11.0,"enemies":"3 Sentries","floor":10.0,"turns":4.0},{"damage":9.0,"enemies":"Blue Slaver","floor":13.0,"turns":3.0},{"damage":13.0,"enemies":"Lagavulin","floor":14.0,"turns":5.0},{"damage":11.0,"enemies":"Slime Boss","floor":16.0,"turns":7.0},{"damage":0.0,"enemies":"Spheric Guardian","floor":18.0,"turns":3.0},{"damage":19.0,"enemies":"Shell Parasite","floor":19.0,"turns":3.0},{"damage":10.0,"enemies":"Snecko","floor":22.0,"turns":3.0},{"damage":0.0,"enemies":"3 Cultists","floor":24.0,"turns":3.0},{"damage":24.0,"enemies":"Book of Stabbing","floor":25.0,"turns":4.0},{"damage":0.0,"enemies":"Cultist and Chosen","floor":28.0,"turns":3.0},{"damage":14.0,"enemies":"Slavers","floor":30.0,"turns":3.0},{"damage":0.0,"enemies":"Centurion and Healer","floor":31.0,"turns":3.0},{"damage":10.0,"enemies":"Automaton","floor":33.0,"turns":7.0},{"damage":0.0,"enemies":"3 Shapes","floor":35.0,"turns":2.0},{"damage":14.0,"enemies":"3 Darklings","floor":37.0,"turns":5.0},{"damage":31.0,"enemies":"Nemesis","floor":40.0,"turns":7.0},{"damage":0.0,"enemies":"Sphere and 2 Shapes","floor":41.0,"turns":5.0},{"damage":24.0,"enemies":"Reptomancer","floor":42.0,"turns":6.0},{"damage":0,"enemies":"Giant Head","floor":44,"turns":9},{"damage":5,"enemies":"Writhing Mass","floor":45,"turns":8},{"damage":28,"enemies":"Transient","floor":46,"turns":6},{"damage":35,"enemies":"Reptomancer","floor":47,"turns":4},{"damage":3,"enemies":"Jaw Worm Horde","floor":48,"turns":3},{"damage":57,"enemies":"Donu and Deca","floor":50,"turns":7}],"seed_played":"4336255091365372025","potions_obtained":[],"is_trial":false,"path_per_floor":["M","?","M","?","M","R","E","R","T","E","R","?","M","E","R","B",null,"M","M","$","?","M","R","M","E","T","R","M","R","E","M","R","B",null,"M","$","M","?","$","E","M","E","T","E","M","M","E","M","R","B"],"character_chosen":"DEFECT","items_purchased":["Sunder","Doom and Gloom","The Bomb","Coolheaded","Strange Spoon","Defragment"],"campfire_rested":1,"item_purchase_floors":[20,20,20,36,39,39],"current_hp_per_floor":[64,53,41,34,34,34,26,26,26,15,15,15,16,13,34,33,62,71,62,62,41,41,41,51,37,37,37,47,47,43,43,43,43,64,71,71,67,67,67,46,56,42,42,52,57,39,24,31,31,0,0],"gold":220,"neow_bonus":"BOSS_RELIC","is_daily":false,"chose_seed":false,"campfire_upgraded":7,"win_rate":0.0,"timestamp":1609779427,"path_taken":["M","?","M","?","M","R","E","R","T","E","R","?","M","E","R","BOSS","M","M","$","?","M","R","M","E","T","R","M","R","E","M","R","BOSS","M","$","M","?","$","E","M","E","T","E","M","M","E","M","R","BOSS"],"items_purchased_type":["Card","Card","Card","Card","Relic","Card"],"build_version":"2020-12-22","purchased_purges":2,"victory":false,"max_hp_per_floor":[71,71,71,71,71,71,71,71,71,71,71,71,71,71,71,71,71,71,71,71,71,71,71,71,71,71,71,71,71,71,71,71,71,71,71,71,71,67,67,67,67,67,67,67,67,67,67,67,67,67,67],"relic_stats":{"Regal Pillow":0,"Happy Flower":[9],"counters":[11,61],"Pen Nib":[14],"Whetstone":[],"MawBank":36,"Sozu":5,"Peace Pipe":0,"Strange Spoon":[17],"Ornamental Fan":[112],"Pantograph":25,"Snecko Eye":[120,109,129,110],"Kunai":[28],"obtain_stats":[{"Regal Pillow":47,"Calipers":0,"Happy Flower":44,"Nilry\u0027s Codex":0,"Pen Nib":0,"Whetstone":0,"MawBank":0,"Nuclear Battery":34,"Sozu":0,"Peace Pipe":42,"Strange Spoon":39,"DataDisk":0,"Ornamental Fan":0,"Pantograph":40,"Snecko Eye":0,"Kunai":0},{"Regal Pillow":9,"Calipers":0,"Happy Flower":6,"Nilry\u0027s Codex":0,"Pen Nib":0,"Whetstone":0,"MawBank":0,"Nuclear Battery":0,"Sozu":0,"Peace Pipe":5,"Strange Spoon":2,"DataDisk":0,"Ornamental Fan":0,"Pantograph":3,"Snecko Eye":0,"Kunai":0},{"Regal Pillow":51,"Calipers":0,"Happy Flower":33,"Nilry\u0027s Codex":0,"Pen Nib":0,"Whetstone":0,"MawBank":0,"Nuclear Battery":0,"Sozu":0,"Peace Pipe":24,"Strange Spoon":6,"DataDisk":0,"Ornamental Fan":0,"Pantograph":13,"Snecko Eye":0,"Kunai":0}]},"card_choices":[{"not_picked":["Glacier","Melter"],"picked":"Cold Snap","floor":1.0},{"not_picked":["Chaos","Lockon"],"picked":"Ball Lightning","floor":3.0},{"not_picked":["Rebound","Gash"],"picked":"Ball Lightning","floor":5.0},{"not_picked":["Recycle","Streamline"],"picked":"Ball Lightning","floor":7.0},{"not_picked":["Gash","Beam Cell"],"picked":"Self Repair","floor":10.0},{"not_picked":["Leap","Capacitor"],"picked":"FTL","floor":13.0},{"not_picked":["Heatsinks","All For One"],"picked":"Sweeping Beam","floor":14.0},{"not_picked":["Creative AI","Reboot"],"picked":"Core Surge","floor":16.0},{"not_picked":["Steam+1","Conserve Battery","Turbo"],"picked":"SKIP","floor":18.0},{"not_picked":["Skim","Tempest"],"picked":"Auto Shields","floor":19.0},{"not_picked":["Beam Cell","Compile Driver"],"picked":"Genetic Algorithm","floor":22.0},{"not_picked":["Cold Snap+1","Reinforced Body"],"picked":"Hologram","floor":24.0},{"not_picked":["Barrage","Steam"],"picked":"Meteor Strike","floor":25.0},{"not_picked":["Heatsinks+1","Stack","Coolheaded"],"picked":"SKIP","floor":28.0},{"not_picked":["Chill","Gash"],"picked":"Leap","floor":30.0},{"not_picked":["Doom and Gloom","Aggregate"],"picked":"Loop","floor":31.0},{"not_picked":["Thunder Strike","Fission"],"picked":"Machine Learning","floor":33.0},{"not_picked":["Stack","Ball Lightning"],"picked":"Aggregate+1","floor":35.0},{"not_picked":["Self Repair","Redo","Rebound"],"picked":"SKIP","floor":37.0},{"not_picked":["Barrage+1","Cold Snap"],"picked":"Multi-Cast","floor":40.0},{"not_picked":["Ball Lightning","Consume+1"],"picked":"Loop","floor":41.0},{"not_picked":["Coolheaded","Reprogram"],"picked":"Hologram+1","floor":42.0},{"not_picked":["Self Repair","Go for the Eyes"],"picked":"Biased Cognition","floor":44},{"not_picked":["Sweeping Beam","Redo","Conserve Battery"],"picked":"SKIP","floor":45},{"not_picked":["Sweeping Beam","Redo","Conserve Battery"],"picked":"SKIP","floor":45},{"not_picked":["Barrage","Sweeping Beam+1","Redo"],"picked":"SKIP","floor":46},{"not_picked":["Barrage","Sweeping Beam+1","Redo"],"picked":"SKIP","floor":46},{"not_picked":["Stack","Sweeping Beam"],"picked":"Undo","floor":47},{"not_picked":["Sweeping Beam","Loop"],"picked":"White Noise","floor":48}],"player_experience":802371,"relics_obtained":[{"floor":7.0,"key":"Whetstone"},{"floor":9.0,"key":"Pen Nib"},{"floor":10.0,"key":"Kunai"},{"floor":14.0,"key":"Calipers"},{"floor":21.0,"key":"Nilry\u0027s Codex"},{"floor":25.0,"key":"MawBank"},{"floor":26.0,"key":"Ornamental Fan"},{"floor":30.0,"key":"DataDisk"},{"floor":40.0,"key":"Pantograph"},{"floor":42.0,"key":"Peace Pipe"},{"floor":44,"key":"Happy Flower"},{"floor":47,"key":"Regal Pillow"}],"event_choices":[{"damage_healed":0.0,"max_hp_gain":0.0,"max_hp_loss":0.0,"gold_gain":75.0,"event_name":"World of Goop","player_choice":"Gather Gold","floor":2.0,"gold_loss":0.0,"damage_taken":11.0},{"cards_removed":["Defend_B"],"damage_healed":0.0,"max_hp_gain":0.0,"max_hp_loss":0.0,"gold_gain":0.0,"event_name":"Golden Wing","player_choice":"Card Removal","floor":4.0,"gold_loss":0.0,"damage_taken":7.0},{"cards_removed":["Strike_B"],"damage_healed":0.0,"max_hp_gain":0.0,"max_hp_loss":0.0,"gold_gain":0.0,"event_name":"Bonfire Elementals","player_choice":"Offered Basic","floor":12.0,"gold_loss":0.0,"damage_taken":0.0},{"damage_healed":0.0,"max_hp_gain":0.0,"max_hp_loss":0.0,"gold_gain":0.0,"event_name":"Cursed Tome","player_choice":"Obtained Book","floor":21.0,"gold_loss":0.0,"damage_taken":21.0},{"damage_healed":0.0,"max_hp_gain":0.0,"max_hp_loss":4.0,"gold_gain":0.0,"event_name":"Winding Halls","player_choice":"Max HP","floor":38.0,"gold_loss":0.0,"damage_taken":0.0}],"is_beta":false,"boss_relics":[{"not_picked":["Cursed Key","Fusion Hammer"],"picked":"Snecko Eye"},{"not_picked":["Runic Dome","Velvet Choker"],"picked":"Nuclear Battery"}],"items_purged_floors":[20,36],"is_endless":false,"potions_floor_spawned":[1,7,13,16,18,22,25,31,33,37,40,42,44,46],"killed_by":"Donu and Deca","ascension_level":20}}