{"host":"d2y4rmbezebiv8aj","time":1609752202,"event":{"mods":["AchievementEnabler","BaseMod","BetterRewards","Colored Map","Colored Powertips","Custom Start","Highlight Path","Minty Spire (QoL Compilation)","Rare Cards Sparkle","Shop Mod","StSLib","SuperFastMode","Synergy Search"],"gold_per_floor":[109,120,133,148,148,148,183,241,241,274,274,290,290,324,324,428,428,448,448,448,463,473,473,506,506,506,534,254,254,111,111,111,216,216,227,241,241,294,0,32,32,32,58,76,76,36,61,80,80,80],"floor_reached":51,"playtime":2902,"items_purged":[],"score":931,"play_id":"4e968595-3f41-4b28-931f-f19faf1c9b17","local_time":"20210104102322","is_ascension_mode":true,"campfire_choices":[{"data":"Infinite Blades","floor":6,"key":"SMITH"},{"floor":11,"key":"REST"},{"data":"After Image","floor":13,"key":"SMITH"},{"floor":15,"key":"REST"},{"data":"Phantasmal Killer","floor":23,"key":"SMITH"},{"data":"Accuracy","floor":25,"key":"SMITH"},{"floor":29,"key":"DIG"},{"floor":32,"key":"REST"},{"floor":41,"key":"REST"},{"floor":45,"key":"REST"},{"floor":49,"key":"REST"}],"circlet_count":0,"master_deck":["Strike_G+1","Strike_G+1","Defend_G+1","Defend_G+1","Defend_G+1","Defend_G+1","Defend_G+1","Survivor","Neutralize+1","Dagger Spray","Dagger Throw","Infinite Blades+1","Dagger Spray","Flying Knee","Dash","After Image+1","PiercingWail","Outmaneuver","Phantasmal Killer+1","Sucker Punch+1","Accuracy+1","Accuracy+1","All Out Attack","Flash of Steel+1","Noxious Fumes","Blade Dance","PiercingWail+1","RitualDagger+1","Envenom","Adrenaline+1","Escape Plan+1","Corpse Explosion+1","Infinite Blades+1","Madness+1","Madness","Finesse+1","After Image"],"relics":["Ring of the Snake","Tingsha","Ninja Scroll","Omamori","Bottled Flame","Dead Branch","Darkstone Periapt","Calling Bell","Lantern","Pantograph","Torii","Molten Egg 2","Shovel","TungstenRod","Orrery","StoneCalendar","Happy Flower","Astrolabe","Peace Pipe","Red Mask","Vajra","Potion Belt","CaptainsWheel"],"acts_visited":["Exordium","TheCity","TheBeyond"],"potions_floor_usage":[7,8,8,40,40,47,50,50],"damage_taken":[{"damage":1,"enemies":"2 Louse","floor":1,"turns":4},{"damage":0,"enemies":"Jaw Worm","floor":2,"turns":4},{"damage":3,"enemies":"Small Slimes","floor":3,"turns":6},{"damage":8,"enemies":"Looter","floor":4,"turns":4},{"damage":17,"enemies":"3 Sentries","floor":7,"turns":4},{"damage":5,"enemies":"Gremlin Nob","floor":8,"turns":3},{"damage":12,"enemies":"Gremlin Nob","floor":10,"turns":4},{"damage":3,"enemies":"Large Slime","floor":12,"turns":3},{"damage":1,"enemies":"Lagavulin","floor":14,"turns":7},{"damage":9,"enemies":"The Guardian","floor":16,"turns":12},{"damage":10,"enemies":"2 Thieves","floor":18,"turns":4},{"damage":0,"enemies":"3 Byrds","floor":21,"turns":3},{"damage":0,"enemies":"Snake Plant","floor":22,"turns":5},{"damage":0,"enemies":"Gremlin Leader","floor":24,"turns":6},{"damage":19,"enemies":"Slavers","floor":27,"turns":5},{"damage":5,"enemies":"Automaton","floor":33,"turns":8},{"damage":0,"enemies":"Orb Walker","floor":35,"turns":4},{"damage":0,"enemies":"3 Darklings","floor":36,"turns":3},{"damage":25,"enemies":"2 Orb Walkers","floor":38,"turns":5},{"damage":13,"enemies":"Nemesis","floor":40,"turns":7},{"damage":18,"enemies":"Spire Growth","floor":44,"turns":4},{"damage":10,"enemies":"Reptomancer","floor":47,"turns":4},{"damage":5,"enemies":"4 Shapes","floor":48,"turns":5},{"damage":30,"enemies":"Awakened One","floor":50,"turns":9}],"seed_played":"1423440846309933862","potions_obtained":[{"floor":1,"key":"SteroidPotion"},{"floor":7,"key":"EntropicBrew"},{"floor":8,"key":"Poison Potion"},{"floor":12,"key":"Energy Potion"},{"floor":18,"key":"CultistPotion"},{"floor":40,"key":"Explosive Potion"},{"floor":47,"key":"Strength Potion"}],"is_trial":false,"path_per_floor":["M","M","M","M","?","R","E","?","T","E","R","M","R","E","R","B",null,"M","?","?","M","M","R","E","R","T","E","$","R","$","?","R","B",null,"M","M","?","?","?","E","R","?","T","M","R","?","E","M","R","B",null],"character_chosen":"THE_SILENT","items_purchased":["Flash of Steel+1","Noxious Fumes","Orrery","Happy Flower"],"campfire_rested":6,"item_purchase_floors":[28,28,28,30],"current_hp_per_floor":[69,69,66,58,55,55,38,33,33,21,42,39,39,38,59,50,70,60,60,60,60,60,60,60,60,60,41,41,41,41,36,57,65,70,70,70,62,37,37,24,45,45,45,27,48,48,38,33,54,40],"gold":80,"neow_bonus":"UPGRADE_CARD","is_daily":false,"chose_seed":false,"campfire_upgraded":4,"win_rate":0.0,"timestamp":1609752202,"path_taken":["M","M","M","M","?","R","E","?","T","E","R","M","R","E","R","BOSS","M","?","?","M","?","R","E","R","T","E","$","R","$","?","R","BOSS","M","M","?","?","?","E","R","?","T","M","R","?","E","M","R","BOSS"],"items_purchased_type":["Card","Card","Relic","Relic"],"build_version":"2020-12-22","purchased_purges":0,"victory":true,"max_hp_per_floor":[70,70,70,70,70,70,70,70,70,70,70,70,70,70,70,70,70,70,70,70,70,70,70,70,70,70,70,70,70,70,70,70,70,70,70,70,70,70,70,70,70,70,70,70,70,70,70,70,70,70],"card_choices":[{"not_picked":["Slice","Terror"],"picked":"Dagger Spray","floor":1},{"not_picked":["Acrobatics","Caltrops"],"picked":"Dagger Throw","floor":2},{"not_picked":["Quick Slash","Calculated Gamble"],"picked":"Infinite Blades","floor":3},{"not_picked":["Dodge and Roll","Prepared"],"picked":"Dagger Spray","floor":4},{"not_picked":["Predator","Deadly Poison"],"picked":"Flying Knee","floor":7},{"not_picked":["Dodge and Roll","Poisoned Stab"],"picked":"Dash","floor":8},{"not_picked":["Deflect","Backstab"],"picked":"After Image","floor":10},{"not_picked":["Expertise","Quick Slash"],"picked":"PiercingWail","floor":12},{"not_picked":["Grand Finale","Slice"],"picked":"Outmaneuver","floor":14},{"not_picked":["Corpse Explosion","Bullet Time"],"picked":"Phantasmal Killer","floor":16},{"not_picked":["Heel Hook","Distraction"],"picked":"Sucker Punch+1","floor":18},{"not_picked":["Slice","Backstab"],"picked":"Accuracy+1","floor":21},{"not_picked":["Quick Slash+1","Dash+1"],"picked":"All Out Attack","floor":22},{"not_picked":["Bane+1","Unload+1","Expertise"],"picked":"SKIP","floor":24},{"not_picked":["Catalyst","Prepared","Acrobatics"],"picked":"SKIP","floor":27},{"not_picked":["Eviscerate+1","Slice+1"],"picked":"Blade Dance","floor":28},{"not_picked":["Cloak And Dagger","Infinite Blades"],"picked":"PiercingWail+1","floor":28},{"not_picked":["Venomology","Bullet Time"],"picked":"Envenom","floor":33},{"not_picked":["Flying Knee+1","All Out Attack+1","Cloak And Dagger+1"],"picked":"SKIP","floor":35},{"not_picked":["Accuracy+1","Poisoned Stab+1"],"picked":"Infinite Blades+1","floor":36},{"not_picked":["Outmaneuver","Deadly Poison","Dodge and Roll"],"picked":"SKIP","floor":40},{"not_picked":["Blind","Deep Breath"],"picked":"Finesse","floor":42},{"not_picked":["Quick Slash+1","Sucker Punch+1","Skewer+1"],"picked":"SKIP","floor":44},{"not_picked":["Underhanded Strike+1","Blade Dance"],"picked":"After Image","floor":47},{"not_picked":["Underhanded Strike+1","Backflip","PiercingWail"],"picked":"SKIP","floor":48}],"player_experience":340256,"relics_obtained":[{"floor":7,"key":"Ninja Scroll"},{"floor":8,"key":"Omamori"},{"floor":9,"key":"Bottled Flame"},{"floor":10,"key":"Dead Branch"},{"floor":14,"key":"Darkstone Periapt"},{"floor":17,"key":"Lantern"},{"floor":17,"key":"Pantograph"},{"floor":17,"key":"Torii"},{"floor":24,"key":"Molten Egg 2"},{"floor":26,"key":"Shovel"},{"floor":27,"key":"TungstenRod"},{"floor":29,"key":"StoneCalendar"},{"floor":38,"key":"Peace Pipe"},{"floor":40,"key":"Vajra"},{"floor":43,"key":"Potion Belt"},{"floor":47,"key":"CaptainsWheel"}],"event_choices":[{"damage_healed":0,"gold_gain":0,"player_choice":"Success","damage_taken":3,"relics_obtained":["Tingsha"],"max_hp_gain":0,"max_hp_loss":0,"event_name":"Scrap Ooze","floor":5,"gold_loss":0},{"damage_healed":0,"gold_gain":30,"player_choice":"Searched \u00273\u0027 times","damage_taken":0,"max_hp_gain":0,"max_hp_loss":0,"event_name":"Dead Adventurer","floor":8,"gold_loss":0},{"damage_healed":0,"gold_gain":0,"player_choice":"Read","damage_taken":0,"max_hp_gain":0,"max_hp_loss":0,"event_name":"The Library","floor":19,"gold_loss":0,"cards_obtained":["Accuracy"]},{"damage_healed":0,"gold_gain":0,"player_choice":"Simplicity","damage_taken":0,"max_hp_gain":0,"max_hp_loss":0,"event_name":"Back to Basics","floor":20,"gold_loss":0,"cards_upgraded":["Strike_G","Strike_G","Strike_G","Strike_G","Strike_G","Defend_G","Defend_G","Defend_G","Defend_G","Defend_G"]},{"damage_healed":0,"gold_gain":0,"player_choice":"Joined the Cult","damage_taken":6,"max_hp_gain":0,"max_hp_loss":0,"event_name":"Nest","floor":31,"gold_loss":0,"cards_obtained":["RitualDagger"]},{"damage_healed":0,"gold_gain":0,"player_choice":"Embrace Madness","damage_taken":9,"max_hp_gain":0,"max_hp_loss":0,"event_name":"Winding Halls","floor":37,"gold_loss":0,"cards_obtained":["Madness","Madness"]},{"damage_healed":0,"gold_gain":0,"player_choice":"Fight","damage_taken":0,"max_hp_gain":0,"max_hp_loss":0,"event_name":"Mysterious Sphere","floor":38,"gold_loss":0},{"damage_healed":0,"gold_gain":0,"player_choice":"Paid","damage_taken":0,"relics_obtained":["Red Mask"],"max_hp_gain":0,"max_hp_loss":0,"event_name":"Tomb of Lord Red Mask","floor":39,"gold_loss":294},{"damage_healed":0,"gold_gain":0,"player_choice":"Memory 1","damage_taken":0,"max_hp_gain":0,"max_hp_loss":0,"event_name":"SensoryStone","floor":42,"gold_loss":0},{"damage_healed":0,"gold_gain":0,"player_choice":"Upgraded Two","damage_taken":0,"max_hp_gain":0,"max_hp_loss":0,"event_name":"Designer","floor":46,"gold_loss":40,"cards_upgraded":["Finesse","Madness"]}],"is_beta":false,"boss_relics":[{"not_picked":["Runic Pyramid","Fusion Hammer"],"picked":"Calling Bell"},{"not_picked":["Snecko Eye","HoveringKite"],"picked":"Astrolabe"}],"items_purged_floors":[],"is_endless":false,"potions_floor_spawned":[1,7,8,12,14,18,21,40,47],"ascension_level":4}}