{"host":"ci7ivtocgfxh0ueo","time":1609727836,"event":{"mods":["BaseMod","GifTheSpireLib","Minty Spire (QoL Compilation)","StSLib"],"gold_per_floor":[114,134,209,209,209,209,247,217,242,266,304,463,507,525,525,613,640,668,686,686,695,620,620,70,17,44,44,72,72,72],"floor_reached":29,"playtime":713,"items_purged":["Writhe"],"score":474,"play_id":"55771649-7900-4ae8-b010-6d285de106d8","local_time":"20210104103716","is_ascension_mode":true,"campfire_choices":[{"floor":6,"key":"REST"},{"floor":15,"key":"REST"},{"floor":23,"key":"REST"},{"floor":27,"key":"REST"}],"circlet_count":0,"master_deck":["AscendersBane","Strike_R+1","Strike_R+1","Defend_R","Defend_R","Defend_R","Defend_R","Bash","Inflame","Armaments","Dropkick","Carnage","Uppercut","Disarm","Searing Blow","Juggernaut","Sword Boomerang+1","Intimidate+1","Power Through+1","Armaments","Blood for Blood"],"relics":["Burning Blood","NeowsBlessing","CeramicFish","Prayer Wheel","Blood Vial","Gremlin Horn","Astrolabe","Dream Catcher","CaptainsWheel","Orichalcum","Akabeko"],"acts_visited":["Exordium","TheCity"],"potions_floor_usage":[16,16,28],"damage_taken":[{"damage":0,"enemies":"Cultist","floor":1,"turns":1},{"damage":0,"enemies":"Jaw Worm","floor":2,"turns":1},{"damage":0,"enemies":"Lagavulin","floor":7,"turns":1},{"damage":5,"enemies":"Small Slimes","floor":10,"turns":6},{"damage":17,"enemies":"2 Fungi Beasts","floor":11,"turns":4},{"damage":28,"enemies":"Gremlin Nob","floor":13,"turns":4},{"damage":10,"enemies":"Blue Slaver","floor":14,"turns":4},{"damage":13,"enemies":"The Guardian","floor":16,"turns":12},{"damage":22,"enemies":"3 Byrds","floor":18,"turns":8},{"damage":50,"enemies":"Spheric Guardian","floor":19,"turns":6},{"damage":21,"enemies":"Cultist and Chosen","floor":28,"turns":9},{"damage":41,"enemies":"Gremlin Leader","floor":29,"turns":7}],"seed_played":"-4392017828028311679","potions_obtained":[{"floor":7,"key":"Energy Potion"},{"floor":13,"key":"CultistPotion"}],"is_trial":false,"path_per_floor":["M","M","?","?","?","R","E","$","T","M","M","?","E","M","R","B",null,"M","M","?","?","?","R","$","$","T","R","M","E"],"character_chosen":"IRONCLAD","items_purchased":["Dropkick","CaptainsWheel","Orichalcum","Block Potion"],"campfire_rested":4,"item_purchase_floors":[8,24,24,25],"current_hp_per_floor":[74,75,64,41,15,37,43,43,43,46,37,37,17,15,37,32,64,50,8,8,8,8,30,30,30,30,52,39,0,0],"gold":72,"neow_bonus":"THREE_ENEMY_KILL","is_daily":false,"chose_seed":false,"campfire_upgraded":0,"win_rate":0.0,"timestamp":1609727836,"path_taken":["M","M","?","?","?","R","E","$","T","M","M","?","E","M","R","BOSS","M","M","?","?","?","R","?","$","T","R","?","E"],"items_purchased_type":["Card","Relic","Relic","Potion"],"build_version":"2020-12-22","purchased_purges":1,"victory":false,"max_hp_per_floor":[75,75,75,75,75,75,75,75,75,75,75,75,75,75,75,75,75,75,75,75,75,75,75,75,75,75,75,75,75,75],"card_choices":[{"not_picked":["Havoc","Evolve","Feel No Pain"],"picked":"SKIP","floor":1},{"not_picked":["Searing Blow","Flex"],"picked":"Inflame","floor":2},{"not_picked":["Twin Strike","Rampage"],"picked":"Armaments","floor":7},{"not_picked":["Iron Wave","Body Slam"],"picked":"Carnage","floor":10},{"not_picked":["Heavy Blade","Havoc","Exhume"],"picked":"SKIP","floor":10},{"not_picked":["Twin Strike","Wild Strike"],"picked":"Uppercut","floor":11},{"not_picked":["Clothesline","Body Slam"],"picked":"Disarm","floor":11},{"not_picked":["Headbutt","Rupture"],"picked":"Searing Blow","floor":13},{"not_picked":["Perfected Strike","Havoc","Anger"],"picked":"SKIP","floor":14},{"not_picked":["Wild Strike","Feel No Pain","Sentinel"],"picked":"SKIP","floor":14},{"not_picked":["Barricade","Exhume"],"picked":"Juggernaut","floor":16},{"not_picked":["Sever Soul","Cleave"],"picked":"Armaments","floor":18},{"not_picked":["Anger","Shrug It Off","Dual Wield"],"picked":"SKIP","floor":18},{"not_picked":["Whirlwind","Havoc","Shockwave"],"picked":"SKIP","floor":19},{"not_picked":["Power Through","Flex","Pummel"],"picked":"SKIP","floor":19},{"not_picked":["Flex","Disarm"],"picked":"Blood for Blood","floor":28},{"not_picked":["Iron Wave","Cleave","Brutality"],"picked":"SKIP","floor":28}],"player_experience":1321892,"relics_obtained":[{"floor":7,"key":"Prayer Wheel"},{"floor":9,"key":"Blood Vial"},{"floor":13,"key":"Gremlin Horn"},{"floor":26,"key":"Akabeko"}],"event_choices":[{"damage_healed":0,"gold_gain":75,"player_choice":"Gather Gold","damage_taken":11,"max_hp_gain":0,"max_hp_loss":0,"event_name":"World of Goop","floor":3,"gold_loss":0},{"damage_healed":0,"gold_gain":0,"player_choice":"Entered Light","damage_taken":23,"max_hp_gain":0,"max_hp_loss":0,"event_name":"Shining Light","floor":4,"gold_loss":0,"cards_upgraded":["Strike_R","Strike_R"]},{"damage_healed":0,"gold_gain":0,"player_choice":"Success","damage_taken":26,"relics_obtained":["CeramicFish"],"max_hp_gain":0,"max_hp_loss":0,"event_name":"Scrap Ooze","floor":5,"gold_loss":0},{"damage_healed":0,"gold_gain":150,"player_choice":"AGREE","damage_taken":0,"max_hp_gain":0,"max_hp_loss":0,"event_name":"Liars Game","floor":12,"gold_loss":0,"cards_obtained":["Doubt"]},{"damage_healed":0,"gold_gain":0,"player_choice":"Ignored","damage_taken":0,"max_hp_gain":0,"max_hp_loss":0,"event_name":"Vampires","floor":20,"gold_loss":0},{"damage_healed":0,"gold_gain":0,"player_choice":"Opened","damage_taken":0,"relics_obtained":["Dream Catcher"],"max_hp_gain":0,"max_hp_loss":0,"event_name":"The Mausoleum","floor":21,"gold_loss":0,"cards_obtained":["Writhe"]},{"cards_removed":["Doubt"],"damage_healed":0,"gold_gain":0,"player_choice":"Gave Gold","damage_taken":0,"max_hp_gain":0,"max_hp_loss":0,"event_name":"Beggar","floor":22,"gold_loss":75}],"is_beta":false,"boss_relics":[{"not_picked":["Black Blood","Ectoplasm"],"picked":"Astrolabe"}],"items_purged_floors":[24],"is_endless":false,"potions_floor_spawned":[7,13,14],"killed_by":"Gremlin Leader","ascension_level":17}}