{"host":"a6mtgqd1w6td3a4j","time":1609752847,"event":{"mods":["BaseMod","Mimic Mod","Minty Spire (QoL Compilation)","Prisma Mod","Remilia£¨?Ú·×é?£©","Shop Mod","StSLib"],"gold_per_floor":[111,186,200,214,214,214,245,275,350,350,350,350,363,383,383,482,482,497,509,509,509,540,552,552],"floor_reached":23,"playtime":618,"items_purged":[],"score":229,"play_id":"b6fd7279-544a-4090-b930-2f733f3cfd4e","local_time":"20210104183407","is_ascension_mode":true,"campfire_choices":[{"data":"Skewer","floor":6,"key":"SMITH"},{"floor":10,"key":"REST"},{"data":"Doppelganger","floor":12,"key":"SMITH"},{"data":"Riddle With Holes","floor":15,"key":"SMITH"}],"circlet_count":0,"master_deck":["Strike_G","Strike_G","Strike_G+1","Strike_G","Strike_G","Defend_G","Defend_G","Defend_G","Defend_G+1","Defend_G","Survivor","Neutralize","Skewer+1","Dagger Spray","Dagger Spray","Doppelganger+1","Regret","Riddle With Holes+1","Deadly Poison","Corpse Explosion","Deadly Poison","Bane+1","Pride"],"relics":["Velvet Choker","Snake Skull","Odd Mushroom","Bottled Flame","Sundial","Runic Pyramid","GreatHeart","MawBank"],"acts_visited":["Exordium","TheCity"],"potions_floor_usage":[],"damage_taken":[{"damage":0,"enemies":"Jaw Worm","floor":1,"turns":4},{"damage":3,"enemies":"Small Slimes","floor":3,"turns":3},{"damage":2,"enemies":"2 Louse","floor":4,"turns":2},{"damage":12,"enemies":"3 Sentries","floor":7,"turns":5},{"damage":9,"enemies":"The Mushroom Lair","floor":8,"turns":2},{"damage":0,"enemies":"2 Fungi Beasts","floor":13,"turns":3},{"damage":0,"enemies":"Exordium Wildlife","floor":14,"turns":3},{"damage":27,"enemies":"Hexaghost","floor":16,"turns":9},{"damage":20,"enemies":"2 Thieves","floor":18,"turns":4},{"damage":6,"enemies":"Spheric Guardian","floor":19,"turns":3},{"damage":24,"enemies":"Snake Plant","floor":22,"turns":3},{"damage":12,"enemies":"Gremlin Leader","floor":23,"turns":1}],"seed_played":"6944410958499380730","potions_obtained":[{"floor":1,"key":"DistilledChaos"},{"floor":4,"key":"FairyPotion"},{"floor":16,"key":"SneckoOil"}],"is_trial":false,"path_per_floor":["M","?","M","M","?","R","E","?","T","R","?","R","M","M","R","B",null,"M","M","?","?","M","E"],"character_chosen":"THE_SILENT","items_purchased":[],"campfire_rested":1,"item_purchase_floors":[],"current_hp_per_floor":[70,59,56,54,40,40,28,19,19,40,40,40,40,40,40,13,70,50,44,44,44,20,8,8],"gold":552,"neow_bonus":"BOSS_RELIC","is_daily":false,"chose_seed":false,"campfire_upgraded":3,"win_rate":0.0,"timestamp":1609752847,"path_taken":["M","?","M","M","?","R","E","?","T","R","?","R","M","M","R","BOSS","M","M","?","?","M","E"],"items_purchased_type":[],"build_version":"2020-12-22","purchased_purges":0,"victory":false,"max_hp_per_floor":[70,70,70,70,70,70,70,70,70,70,70,70,70,70,70,70,70,70,70,70,70,70,70,70],"card_choices":[{"not_picked":["Slice","Blade Dance"],"picked":"Skewer","floor":1},{"not_picked":["Slice","PiercingWail"],"picked":"Dagger Spray","floor":3},{"not_picked":["Deflect","All Out Attack"],"picked":"Dagger Spray","floor":4},{"not_picked":["Dodge and Roll","Predator"],"picked":"Doppelganger","floor":7},{"not_picked":["Reflex","Slice"],"picked":"Riddle With Holes","floor":13},{"not_picked":["All Out Attack","PiercingWail"],"picked":"Deadly Poison","floor":14},{"not_picked":["Wraith Form v2","Grand Finale"],"picked":"Corpse Explosion","floor":16},{"not_picked":["Blade Dance","Setup+1"],"picked":"Deadly Poison","floor":18},{"not_picked":["Skewer","Heel Hook"],"picked":"Bane+1","floor":19},{"not_picked":["Outmaneuver","Flechettes","Slice"],"picked":"SKIP","floor":22}],"player_experience":806171,"relics_obtained":[{"floor":7,"key":"Snake Skull"},{"floor":8,"key":"Odd Mushroom"},{"floor":9,"key":"Bottled Flame"}],"event_choices":[{"damage_healed":0,"gold_gain":75,"player_choice":"Gather Gold","damage_taken":11,"max_hp_gain":0,"max_hp_loss":0,"event_name":"World of Goop","floor":2,"gold_loss":0},{"damage_healed":0,"gold_gain":0,"player_choice":"Entered Light","damage_taken":14,"max_hp_gain":0,"max_hp_loss":0,"event_name":"Shining Light","floor":5,"gold_loss":0,"cards_upgraded":["Strike_G","Defend_G"]},{"damage_healed":0,"gold_gain":0,"player_choice":"Fought Mushrooms","damage_taken":0,"max_hp_gain":0,"max_hp_loss":0,"event_name":"Mushrooms","floor":8,"gold_loss":0},{"damage_healed":0,"gold_gain":0,"player_choice":"Box","damage_taken":0,"relics_obtained":["Sundial"],"max_hp_gain":0,"max_hp_loss":0,"event_name":"Big Fish","floor":11,"gold_loss":0,"cards_obtained":["Regret"]},{"damage_healed":0,"gold_gain":0,"player_choice":"Opened","damage_taken":0,"relics_obtained":["MawBank"],"max_hp_gain":0,"max_hp_loss":0,"event_name":"The Mausoleum","floor":21,"gold_loss":0}],"is_beta":false,"boss_relics":[{"not_picked":["Sozu","Cursed Key"],"picked":"Runic Pyramid"}],"items_purged_floors":[],"is_endless":false,"potions_floor_spawned":[1,4,16,19],"killed_by":"Gremlin Leader","ascension_level":4}}