{"host":"dhyczjm99amxd3qx","time":1609771602,"event":{"mods":["BaseMod","Colored Map","Googly Eyes","Highlight Path","Minty Spire (QoL Compilation)","Quick Restart","StSLib"],"gold_per_floor":[360,57,57,82,107,119,158,181,193,205,231,255,302,192,192,291,291,309,325,104,117,129,159,159,159,159,194,194,207,207,207,207,306,356,367,379,230,242,52,80,80,91,91,126,36,55,88,103,103,103],"floor_reached":51,"playtime":3621,"items_purged":["Strike_G","Strike_G","Strike_G","Strike_G","Strike_G"],"score":1517,"play_id":"c9b041dd-d1be-447f-83c7-86e473e7d5f5","local_time":"20210104094642","is_ascension_mode":true,"campfire_choices":[{"data":"Dash","floor":6.0,"key":"SMITH"},{"data":"Catalyst","floor":10.0,"key":"SMITH"},{"data":"Deadly Poison","floor":15.0,"key":"SMITH"},{"data":"Catalyst","floor":24.0,"key":"SMITH"},{"data":"Noxious Fumes","floor":32.0,"key":"SMITH"},{"data":"Adrenaline","floor":41.0,"key":"SMITH"},{"data":"Prepared","floor":49.0,"key":"SMITH"}],"circlet_count":0,"master_deck":["Defend_G+1","Defend_G+1","Defend_G","Defend_G+1","Survivor","Neutralize","Dash+1","Deadly Poison+1","Catalyst+1","Prepared","Burst+1","Bouncing Flask","Catalyst+1","Escape Plan","Malaise","Deadly Poison","Noxious Fumes+1","Catalyst+1","Adrenaline+1","Noxious Fumes","Leg Sweep+1","Prepared+1","Escape Plan"],"relics":["Ring of the Snake","Membership Card","War Paint","MawBank","Snake Skull","Question Card","Anchor","Ancient Tea Set","Runic Pyramid","Meat on the Bone","Eternal Feather","Letter Opener","Kunai","Tiny House","Oddly Smooth Stone","Lee\u0027s Waffle","Girya","Darkstone Periapt","Smiling Mask","Happy Flower"],"acts_visited":["Exordium","TheCity","TheBeyond"],"potions_floor_usage":[50,50,50,50,50],"damage_taken":[{"damage":1.0,"enemies":"2 Louse","floor":1.0,"turns":4.0},{"damage":0.0,"enemies":"Jaw Worm","floor":5.0,"turns":4.0},{"damage":12.0,"enemies":"3 Sentries","floor":7.0,"turns":12.0},{"damage":0.0,"enemies":"Cultist","floor":8.0,"turns":4.0},{"damage":0.0,"enemies":"Blue Slaver","floor":11.0,"turns":3.0},{"damage":4.0,"enemies":"2 Fungi Beasts","floor":12.0,"turns":3.0},{"damage":2.0,"enemies":"Gremlin Nob","floor":13.0,"turns":4.0},{"damage":0.0,"enemies":"Hexaghost","floor":16.0,"turns":4.0},{"damage":7.0,"enemies":"Spheric Guardian","floor":18.0,"turns":4.0},{"damage":0.0,"enemies":"3 Byrds","floor":19.0,"turns":6.0},{"damage":8.0,"enemies":"Snecko","floor":21.0,"turns":4.0},{"damage":0.0,"enemies":"Shelled Parasite and Fungi","floor":22.0,"turns":4.0},{"damage":1.0,"enemies":"Book of Stabbing","floor":23.0,"turns":4.0},{"damage":24.0,"enemies":"Slavers","floor":27.0,"turns":9.0},{"damage":1.0,"enemies":"3 Cultists","floor":29.0,"turns":5.0},{"damage":0.0,"enemies":"Champ","floor":33.0,"turns":3.0},{"damage":2.0,"enemies":"Orb Walker","floor":35.0,"turns":3.0},{"damage":0.0,"enemies":"3 Shapes","floor":36.0,"turns":4.0},{"damage":6.0,"enemies":"3 Darklings","floor":38.0,"turns":5.0},{"damage":0.0,"enemies":"Giant Head","floor":40.0,"turns":3.0},{"damage":0.0,"enemies":"Transient","floor":42.0,"turns":4.0},{"damage":13.0,"enemies":"Reptomancer","floor":44.0,"turns":5.0},{"damage":0.0,"enemies":"Writhing Mass","floor":46.0,"turns":3.0},{"damage":0.0,"enemies":"Nemesis","floor":47.0,"turns":3.0},{"damage":0.0,"enemies":"Sphere and 2 Shapes","floor":48.0,"turns":4.0},{"damage":0,"enemies":"Donu and Deca","floor":50,"turns":5}],"seed_played":"-1860094294233423039","potions_obtained":[{"floor":1.0,"key":"Block Potion"},{"floor":8.0,"key":"DuplicationPotion"},{"floor":16.0,"key":"Fire Potion"},{"floor":19.0,"key":"Strength Potion"},{"floor":27.0,"key":"Weak Potion"},{"floor":33.0,"key":"ColorlessPotion"},{"floor":34.0,"key":"EntropicBrew"},{"floor":35.0,"key":"BlessingOfTheForge"},{"floor":44.0,"key":"Strength Potion"},{"floor":46.0,"key":"GamblersBrew"},{"floor":47.0,"key":"SkillPotion"}],"is_trial":false,"path_per_floor":["M","$","?","T","M","R","E","M","T","R","M","M","E","$","R","B",null,"M","M","$","M","M","E","R","?","T","E","?","M","?","?","R","B",null,"M","M","$","M","$","E","R","M","T","E","?","M","E","M","R","B",null],"character_chosen":"THE_SILENT","items_purchased":["Membership Card","Dash","War Paint","Ancient Tea Set","Catalyst","Meat on the Bone","Oddly Smooth Stone","Prepared","Lee\u0027s Waffle"],"campfire_rested":0,"item_purchase_floors":[2,2,2,14,20,20,37,39,39],"current_hp_per_floor":[62,62,67,67,67,67,55,55,55,55,55,51,49,49,49,49,63,56,56,56,48,48,47,56,44,44,32,32,43,67,67,73,73,78,76,76,76,70,85,85,85,85,85,72,72,72,72,72,84,84],"gold":103,"neow_bonus":"TWO_FIFTY_GOLD","is_daily":false,"chose_seed":false,"campfire_upgraded":7,"win_rate":0.0,"timestamp":1609771602,"path_taken":["M","$","?","?","M","R","E","M","T","R","M","M","E","?","R","BOSS","M","M","$","M","M","E","R","?","T","E","?","?","?","?","R","BOSS","M","M","?","?","$","E","R","M","T","E","?","M","E","?","R","BOSS"],"items_purchased_type":["Relic","Card","Relic","Relic","Card","Relic","Relic","Card","Relic"],"build_version":"2020-12-22","purchased_purges":5,"victory":true,"max_hp_per_floor":[63,63,68,68,68,68,68,68,68,68,68,68,68,68,68,68,68,68,68,68,68,68,68,68,73,73,73,73,73,73,73,73,73,78,78,78,78,78,85,85,85,85,85,85,85,85,85,85,85,85],"card_choices":[{"not_picked":["Acrobatics","Concentrate","Flying Knee"],"picked":"SKIP","floor":1.0},{"not_picked":["Underhanded Strike","Sucker Punch"],"picked":"Deadly Poison","floor":5.0},{"not_picked":["Underhanded Strike","Dagger Spray"],"picked":"Catalyst","floor":7.0},{"not_picked":["Quick Slash","Setup","Infinite Blades"],"picked":"SKIP","floor":8.0},{"not_picked":["Deflect","Outmaneuver","Cloak And Dagger"],"picked":"Prepared","floor":11.0},{"not_picked":["Blade Dance","Terror","Unload","Cloak And Dagger"],"picked":"SKIP","floor":12.0},{"not_picked":["All Out Attack","Outmaneuver","Acrobatics","Bane"],"picked":"SKIP","floor":13.0},{"not_picked":["Glass Knife","After Image","Grand Finale"],"picked":"Burst","floor":16.0},{"not_picked":["Quick Slash+1","Prepared","Acrobatics+1","Bane"],"picked":"SKIP","floor":18.0},{"not_picked":["Choke","Dash","Acrobatics+1"],"picked":"Bouncing Flask","floor":19.0},{"not_picked":["Sucker Punch","Expertise+1","Setup+1"],"picked":"Escape Plan","floor":21.0},{"not_picked":["Eviscerate","All Out Attack+1","Sucker Punch"],"picked":"Malaise","floor":22.0},{"not_picked":["Dagger Spray","Sucker Punch+1","Masterful Stab+1","Deflect"],"picked":"SKIP","floor":23.0},{"not_picked":["Acrobatics+1","Sucker Punch","Reflex"],"picked":"Deadly Poison","floor":27.0},{"not_picked":["Backflip","Deflect","Bane"],"picked":"Noxious Fumes","floor":29.0},{"not_picked":["Glass Knife","Venomology","Die Die Die"],"picked":"Adrenaline","floor":33.0},{"not_picked":["Poisoned Stab+1","Flying Knee","Eviscerate+1"],"picked":"Noxious Fumes","floor":35.0},{"not_picked":["Outmaneuver+1","Deflect","Choke","Sucker Punch"],"picked":"SKIP","floor":36.0},{"not_picked":["Noxious Fumes","Dodge and Roll","Acrobatics+1"],"picked":"Leg Sweep+1","floor":38.0},{"not_picked":["Dagger Spray+1","Bouncing Flask+1","Tactician+1"],"picked":"Escape Plan","floor":40.0},{"not_picked":["Flechettes","Quick Slash+1","Poisoned Stab","Reflex+1"],"picked":"SKIP","floor":42.0},{"not_picked":["Quick Slash+1","Phantasmal Killer","Accuracy+1","Underhanded Strike"],"picked":"SKIP","floor":44.0},{"not_picked":["Outmaneuver+1","Sucker Punch","Backflip","Dagger Spray"],"picked":"SKIP","floor":46.0},{"not_picked":["Quick Slash+1","Dash+1","Phantasmal Killer","Reflex+1"],"picked":"SKIP","floor":47.0},{"not_picked":["Bane+1","Flechettes","Underhanded Strike","Dagger Throw+1"],"picked":"SKIP","floor":48.0}],"player_experience":316308,"relics_obtained":[{"floor":4.0,"key":"MawBank"},{"floor":7.0,"key":"Snake Skull"},{"floor":9.0,"key":"Question Card"},{"floor":13.0,"key":"Anchor"},{"floor":23.0,"key":"Eternal Feather"},{"floor":26.0,"key":"Letter Opener"},{"floor":27.0,"key":"Kunai"},{"floor":40.0,"key":"Girya"},{"floor":43.0,"key":"Darkstone Periapt"},{"floor":44.0,"key":"Smiling Mask"},{"floor":47.0,"key":"Happy Flower"}],"event_choices":[{"damage_healed":0.0,"max_hp_gain":5.0,"max_hp_loss":0.0,"gold_gain":0.0,"event_name":"Big Fish","player_choice":"Donut","floor":3.0,"gold_loss":0.0,"damage_taken":0.0},{"damage_healed":0.0,"max_hp_gain":5.0,"max_hp_loss":0.0,"gold_gain":0.0,"event_name":"Forgotten Altar","player_choice":"Shed Blood","floor":25.0,"gold_loss":0.0,"damage_taken":17.0},{"damage_healed":0.0,"max_hp_gain":0.0,"max_hp_loss":0.0,"gold_gain":0.0,"event_name":"The Woman in Blue","player_choice":"Bought 0 Potions","floor":28.0,"gold_loss":0.0,"damage_taken":0.0},{"damage_healed":24.0,"max_hp_gain":0.0,"max_hp_loss":0.0,"gold_gain":0.0,"event_name":"The Library","player_choice":"Heal","floor":30.0,"gold_loss":0.0,"damage_taken":0.0},{"damage_healed":0.0,"max_hp_gain":0.0,"max_hp_loss":0.0,"gold_gain":0.0,"event_name":"Duplicator","player_choice":"Copied","floor":31.0,"gold_loss":0.0,"damage_taken":0.0,"cards_obtained":["Catalyst"]},{"cards_removed":["Defend_G"],"damage_healed":0.0,"max_hp_gain":0.0,"max_hp_loss":0.0,"gold_gain":0.0,"event_name":"Designer","player_choice":"Upgrade and Remove","floor":45.0,"gold_loss":90.0,"damage_taken":0.0,"cards_upgraded":["Burst"]}],"is_beta":false,"boss_relics":[{"not_picked":["Philosopher\u0027s Stone","Black Star"],"picked":"Runic Pyramid"},{"not_picked":["Fusion Hammer","Snecko Eye"],"picked":"Tiny House"}],"items_purged_floors":[2,14,20,37,39],"is_endless":false,"potions_floor_spawned":[1,8,16,19,27,33,35,38,42,44,46,47],"ascension_level":9}}