{"host":"981nlwu0905dw1bz","time":1609780505,"event":{"mods":["AchievementEnabler","BaseMod","DeckTracker","Minty Spire (QoL Compilation)","Rare Cards Sparkle","SuperFastMode"],"gold_per_floor":[115,115,115,129,129,129,161,4,30,42,42,42,58,68,68,164,164,181,31,31,43,59,59,0,0,0,0,0,29,41,41,41],"floor_reached":31,"playtime":841,"items_purged":[],"score":392,"play_id":"d68730d5-682a-4ace-8c5b-689c77348d8f","local_time":"20210105021505","is_ascension_mode":true,"campfire_choices":[{"data":"Bouncing Flask","floor":6.0,"key":"SMITH"},{"data":"Bane","floor":11.0,"key":"SMITH"},{"floor":15.0,"key":"REST"},{"floor":23.0,"key":"REST"},{"floor":25.0,"key":"REST"},{"data":"Catalyst","floor":28.0,"key":"SMITH"}],"circlet_count":0,"master_deck":["AscendersBane","Strike_G","Strike_G","Strike_G","Strike_G","Strike_G","Defend_G","Defend_G","Defend_G","Defend_G","Defend_G","Survivor","Neutralize","Cloak And Dagger+1","Well Laid Plans","Bouncing Flask+1","Backflip","Bane+1","Terror","Acrobatics","Corpse Explosion","Poisoned Stab","Blade Dance","Catalyst+1","Noxious Fumes","Choke+1"],"relics":["Ring of the Snake","Pocketwatch","Regal Pillow","Lantern","SacredBark","Omamori","Blue Candle","Bag of Marbles"],"acts_visited":["Exordium","TheCity"],"potions_floor_usage":[],"damage_taken":[{"damage":1.0,"enemies":"Jaw Worm","floor":1.0,"turns":6.0},{"damage":8.0,"enemies":"Small Slimes","floor":4.0,"turns":5.0},{"damage":11.0,"enemies":"Gremlin Nob","floor":7.0,"turns":4.0},{"damage":2.0,"enemies":"2 Louse","floor":10.0,"turns":3.0},{"damage":10.0,"enemies":"Blue Slaver","floor":13.0,"turns":4.0},{"damage":13.0,"enemies":"Exordium Thugs","floor":14.0,"turns":3.0},{"damage":11.0,"enemies":"Hexaghost","floor":16.0,"turns":7.0},{"damage":3.0,"enemies":"Shell Parasite","floor":18.0,"turns":5.0},{"damage":2.0,"enemies":"3 Byrds","floor":21.0,"turns":3.0},{"damage":50.0,"enemies":"Centurion and Healer","floor":22.0,"turns":7.0},{"damage":20.0,"enemies":"Book of Stabbing","floor":29.0,"turns":3.0},{"damage":18.0,"enemies":"Snecko","floor":30.0,"turns":4.0},{"damage":34,"enemies":"Sentry and Sphere","floor":31,"turns":3}],"seed_played":"930453424131000633","potions_obtained":[{"floor":1.0,"key":"GhostInAJar"},{"floor":7.0,"key":"SpeedPotion"},{"floor":10.0,"key":"PowerPotion"},{"floor":21.0,"key":"EssenceOfSteel"},{"floor":22.0,"key":"SteroidPotion"},{"floor":29.0,"key":"DuplicationPotion"},{"floor":30.0,"key":"CultistPotion"}],"is_trial":false,"path_per_floor":["M","?","?","M","?","R","E","$","T","M","R","?","M","M","R","B",null,"M","$","?","M","M","R","?","R","T","$","R","E","M","M"],"character_chosen":"THE_SILENT","items_purchased":["Regal Pillow","Omamori"],"campfire_rested":3,"item_purchase_floors":[8,19],"current_hp_per_floor":[62,62,62,54,54,54,43,43,43,41,41,41,31,18,54,43,63,60,60,60,58,8,44,44,70,70,70,70,50,32,0,0],"gold":41,"neow_bonus":"THREE_CARDS","is_daily":false,"chose_seed":false,"campfire_upgraded":3,"win_rate":0.0,"timestamp":1609780505,"path_taken":["M","?","?","M","?","R","E","?","T","?","R","?","M","M","R","BOSS","M","?","?","?","M","R","?","R","T","$","R","E","M","M"],"items_purchased_type":["Relic","Relic"],"build_version":"2020-12-22","purchased_purges":0,"victory":false,"max_hp_per_floor":[70,70,70,70,70,70,70,70,70,70,70,70,70,70,70,70,70,70,70,70,70,70,70,70,70,70,70,70,70,70,70,70],"card_choices":[{"not_picked":["Sucker Punch","Poisoned Stab"],"picked":"Cloak And Dagger","floor":0.0},{"not_picked":["Deflect","Setup"],"picked":"Well Laid Plans","floor":1.0},{"not_picked":["Bane","PiercingWail"],"picked":"Bouncing Flask","floor":4.0},{"not_picked":["Setup","Finisher"],"picked":"Backflip","floor":7.0},{"not_picked":["Acrobatics","Calculated Gamble"],"picked":"Bane","floor":10.0},{"not_picked":["Cloak And Dagger","Night Terror"],"picked":"Terror","floor":13.0},{"not_picked":["Backflip","Prepared"],"picked":"Acrobatics","floor":14.0},{"not_picked":["After Image","Storm of Steel"],"picked":"Corpse Explosion","floor":16.0},{"not_picked":["Endless Agony","Dagger Throw+1"],"picked":"Poisoned Stab","floor":18.0},{"not_picked":["Cloak And Dagger","Caltrops+1"],"picked":"Catalyst","floor":21.0},{"not_picked":["Dagger Spray","Blade Dance"],"picked":"Noxious Fumes","floor":22.0},{"not_picked":["Flechettes+1","Underhanded Strike+1"],"picked":"Choke+1","floor":29.0},{"not_picked":["Heel Hook","Cloak And Dagger+1","Outmaneuver+1"],"picked":"SKIP","floor":30.0}],"player_experience":531920,"relics_obtained":[{"floor":7.0,"key":"Pocketwatch"},{"floor":9.0,"key":"Lantern"},{"floor":26.0,"key":"Blue Candle"},{"floor":29.0,"key":"Bag of Marbles"}],"event_choices":[{"damage_healed":0.0,"max_hp_gain":0.0,"max_hp_loss":0.0,"gold_gain":0.0,"event_name":"Golden Wing","player_choice":"Ignored","floor":2.0,"gold_loss":0.0,"damage_taken":0.0},{"damage_healed":0.0,"max_hp_gain":0.0,"max_hp_loss":0.0,"gold_gain":0.0,"event_name":"Shining Light","player_choice":"Ignored","floor":3.0,"gold_loss":0.0,"damage_taken":0.0},{"damage_healed":0.0,"max_hp_gain":0.0,"max_hp_loss":0.0,"gold_gain":0.0,"event_name":"The Cleric","player_choice":"Leave","floor":5.0,"gold_loss":0.0,"damage_taken":0.0},{"damage_healed":0.0,"max_hp_gain":0.0,"max_hp_loss":0.0,"gold_gain":0.0,"event_name":"Accursed Blacksmith","player_choice":"Forge","floor":12.0,"gold_loss":0.0,"damage_taken":0.0,"cards_upgraded":["Cloak And Dagger"]},{"damage_healed":0.0,"max_hp_gain":0.0,"max_hp_loss":0.0,"gold_gain":0.0,"event_name":"Match and Keep!","player_choice":"1 cards matched","floor":20.0,"gold_loss":0.0,"damage_taken":0.0,"cards_obtained":["Blade Dance"]},{"damage_healed":0.0,"max_hp_gain":0.0,"max_hp_loss":0.0,"gold_gain":0.0,"event_name":"Masked Bandits","player_choice":"Paid Fearfully","floor":24.0,"gold_loss":59.0,"damage_taken":0.0}],"is_beta":false,"boss_relics":[{"not_picked":["Runic Pyramid","Cursed Key"],"picked":"SacredBark"}],"items_purged_floors":[],"is_endless":false,"potions_floor_spawned":[1,7,10,21,22,29,30],"killed_by":"Sentry and Sphere","ascension_level":11}}