{"host":"61xbmbtf5zrn7rzc","time":1609755425,"event":{"mods":["BaseMod","Challenge The Spire","Hubris","Minty Spire (QoL Compilation)","Replay The Spire","StSLib","SuperFastMode","The Marked"],"gold_per_floor":[113,63,77,77,77,111,111,142,142,167,167,199,230,245,245,340,340,360,360,387,407,438,438,471,481,506,506,534,549,577,591,591,686,786,804,817,817,834,834,860,860,891,916,933,953,809,825,854,854,956,956,975,986,748,767,781,881,881,912,912,943,943,957,983,1011,1011,1111,1111,1127,1127,1141,1152,1181,1213,1213,1246,1273,1273,1299,1299,1299],"floor_reached":80,"playtime":3496,"items_purged":[],"score":1963,"play_id":"0aa38358-ca13-46ff-9b2b-ba797677e6de","local_time":"20210104051705","daily_mods":["SealedDeck","Heirloom","Flight","DeadlyEvents","Elite Swarm"],"is_ascension_mode":true,"campfire_choices":[{"data":"theMarked:ComboAttacks","floor":7,"key":"SMITH"},{"data":"theMarked:MagicAdept","floor":11,"key":"SMITH"},{"data":"theMarked:SelfDefenseTraining","floor":15,"key":"SMITH"},{"data":"theMarked:Panic","floor":23,"key":"SMITH"},{"floor":27,"key":"REST"},{"data":"theMarked:AttractMetal","floor":32,"key":"SMITH"},{"data":"theMarked:Abjuration","floor":41,"key":"SMITH"},{"data":"theMarked:ComboAttacks","floor":49,"key":"SMITH"},{"data":"theMarked:Abjuration","floor":58,"key":"SMITH"},{"floor":66,"key":"REST"},{"data":"theMarked:SoldierForm","floor":75,"key":"SMITH"},{"floor":78,"key":"REST"}],"circlet_count":0,"master_deck":["theMarked:ResourceFulStrike","theMarked:ResourceFulStrike","theMarked:Seal","theMarked:BanishingStrike","theMarked:TakeCover","theMarked:BanishingWave","theMarked:SelfDefenseTraining+1","theMarked:TakeCover","theMarked:Panic+1","theMarked:ComboAttacks+1","theMarked:ElementalBlade","theMarked:SwordAndMagic+1","theMarked:MagicAdept+1","theMarked:BindingBlade+1","theMarked:Levitate","theMarked:WardOff+1","theMarked:SummonStrength","theMarked:SoldierForm+1","theMarked:EmpowerWeapon+1","theMarked:AttractMetal+1","theMarked:BindingBlade+1","theMarked:HeightenedSenses+1","theMarked:Abjuration+1","theMarked:WardOff","theMarked:Indomitable+1","theMarked:WardOff+1","theMarked:ComboAttacks+1","theMarked:ParalyzingBlade+1","theMarked:Abjuration+1","theMarked:ReduceFriction+1","theMarked:SummonStrength","theMarked:WastefulAttack","theMarked:TurnInvisible"],"relics":["theMarked:ArtifactOfAir","hubris:CuriousFeather","ReplayTheSpireMod:TigerMarble","Mango","Dream Catcher","Lantern","Prayer Wheel","theMarked:Eyepatch","Nloth\u0027s Gift","CaptainsWheel","hubris:Zylophone","Kunai","Toy Ornithopter","theMarked:DemonDagger","Bronze Scales","Replay:Wanted Poster","hubris:Icosahedron","Bottled Tornado","Akabeko","hubris:TenFootPole","MealTicket","Gremlin Food","Mirror","Black Star","hubris:Reverence","Replay:Bottled Eggs"],"acts_visited":["Exordium","TheCity","TheBeyond","Exordium","TheCity"],"potions_floor_usage":[8,16,16,16,25,28,33,44,48,50,50,50,50,50,50,61,67,67,69,73,73,74,76],"damage_taken":[{"damage":0,"enemies":"2 Louse","floor":1,"turns":2},{"damage":1,"enemies":"Jaw Worm","floor":3,"turns":3},{"damage":9,"enemies":"3 Sentries","floor":6,"turns":6},{"damage":14,"enemies":"Gremlin Nob","floor":8,"turns":3},{"damage":8,"enemies":"3 Sentries","floor":10,"turns":6},{"damage":4,"enemies":"Gremlin Nob","floor":12,"turns":3},{"damage":0,"enemies":"3 Sentries","floor":13,"turns":2},{"damage":0,"enemies":"Cultist","floor":14,"turns":2},{"damage":8,"enemies":"The Guardian","floor":16,"turns":7},{"damage":10,"enemies":"Spheric Guardian","floor":18,"turns":3},{"damage":9,"enemies":"Gremlin Leader","floor":20,"turns":5},{"damage":0,"enemies":"3 Byrds","floor":21,"turns":4},{"damage":32,"enemies":"Book of Stabbing","floor":22,"turns":6},{"damage":10,"enemies":"Slavers","floor":24,"turns":3},{"damage":9,"enemies":"Snake Plant","floor":25,"turns":3},{"damage":8,"enemies":"Book of Stabbing","floor":28,"turns":4},{"damage":0,"enemies":"Centurion and Healer","floor":29,"turns":4},{"damage":3,"enemies":"Gremlin Leader","floor":30,"turns":5},{"damage":0,"enemies":"3 Cultists","floor":31,"turns":3},{"damage":31,"enemies":"Pondfish","floor":33,"turns":8},{"damage":0,"enemies":"3 Shapes","floor":35,"turns":3},{"damage":0,"enemies":"Orb Walker","floor":36,"turns":2},{"damage":0,"enemies":"Spire Growth","floor":38,"turns":2},{"damage":0,"enemies":"Nemesis","floor":40,"turns":5},{"damage":20,"enemies":"Giant Head","floor":42,"turns":6},{"damage":10,"enemies":"3 Darklings","floor":44,"turns":4},{"damage":0,"enemies":"4 Shapes","floor":45,"turns":4},{"damage":16,"enemies":"Maw","floor":47,"turns":4},{"damage":0,"enemies":"Nemesis","floor":48,"turns":3},{"damage":8,"enemies":"Replay:Hell Engine","floor":50,"turns":5},{"damage":0,"enemies":"2 Louse","floor":52,"turns":1},{"damage":0,"enemies":"Cultist","floor":53,"turns":2},{"damage":0,"enemies":"Small Slimes","floor":55,"turns":1},{"damage":0,"enemies":"3 Louse","floor":56,"turns":2},{"damage":0,"enemies":"Gremlin Nob","floor":59,"turns":3},{"damage":0,"enemies":"Lagavulin","floor":61,"turns":3},{"damage":0,"enemies":"Lots of Slimes","floor":63,"turns":1},{"damage":0,"enemies":"Gremlin Nob","floor":64,"turns":1},{"damage":18,"enemies":"3 Sentries","floor":65,"turns":3},{"damage":0,"enemies":"The Guardian","floor":67,"turns":3},{"damage":9,"enemies":"Shell Parasite","floor":69,"turns":2},{"damage":0,"enemies":"Spheric Guardian","floor":71,"turns":1},{"damage":0,"enemies":"Snecko","floor":72,"turns":3},{"damage":19,"enemies":"Book of Stabbing","floor":73,"turns":2},{"damage":3,"enemies":"Gremlin Leader","floor":74,"turns":4},{"damage":10,"enemies":"Slavers","floor":76,"turns":5},{"damage":15,"enemies":"Book of Stabbing","floor":77,"turns":3},{"damage":55,"enemies":"Slavers","floor":79,"turns":3},{"damage":23,"enemies":"Gremlin Leader","floor":80,"turns":1}],"seed_played":"-5549898601997195376","potions_obtained":[{"floor":1,"key":"PowerPotion"},{"floor":3,"key":"SpeedPotion"},{"floor":10,"key":"EntropicBrew"},{"floor":14,"key":"Block Potion"},{"floor":18,"key":"SteroidPotion"},{"floor":22,"key":"Energy Potion"},{"floor":25,"key":"Swift Potion"},{"floor":29,"key":"theMarked:ChargePotion"},{"floor":30,"key":"Dexterity Potion"},{"floor":33,"key":"Explosive Potion"},{"floor":38,"key":"SpeedPotion"},{"floor":40,"key":"Energy Potion"},{"floor":47,"key":"EntropicBrew"},{"floor":48,"key":"LiquidBronze"},{"floor":52,"key":"Fire Potion"},{"floor":53,"key":"Energy Potion"},{"floor":59,"key":"Venom Potion"},{"floor":62,"key":"Energy Potion"},{"floor":64,"key":"AttackPotion"},{"floor":67,"key":"PowerPotion"},{"floor":69,"key":"Milkshake"},{"floor":71,"key":"Adrenaline Potion"},{"floor":73,"key":"Block Potion"},{"floor":74,"key":"LifebloodPotion"}],"is_trial":true,"path_per_floor":["M","$","M","?","?","E","R","E","T","E","R","E","E","M","R","B",null,"M","?","E","M","E","R","E","M","T","R","E","M","E","M","R","B",null,"M","M","?","M","T","E","R","E","T","M","M","$","M","E","R","B",null,"M","M","$","M","M","?","R","E","T","E","?","M","E","E","R","B",null,"M","$","M","M","E","E","R","E","E","R","E","E"],"character_chosen":"THE_DEFAULT","items_purchased":["theMarked:SwordAndMagic","Gremlin Food","hubris:Reverence"],"campfire_rested":3,"item_purchase_floors":[2,46,54],"current_hp_per_floor":[70,70,69,69,69,60,60,46,60,52,52,48,48,48,48,40,84,74,74,65,65,33,33,23,14,14,39,40,40,37,37,37,11,84,84,84,84,84,84,84,84,64,64,59,59,74,58,63,63,76,84,84,84,84,84,84,84,84,84,84,84,84,84,84,66,84,84,84,75,84,84,84,65,67,67,62,47,72,17,0,0],"gold":1299,"neow_bonus":"","is_daily":false,"chose_seed":false,"campfire_upgraded":9,"win_rate":0.0,"timestamp":1609755425,"path_taken":["M","$","M","?","?","E","R","E","T","E","R","?","E","M","R","BOSS","M","?","?","M","?","R","E","M","T","R","E","M","E","M","R","BOSS","M","M","?","M","?","E","R","?","T","M","M","$","?","E","R","BOSS","M","M","$","M","M","?","R","?","T","E","?","M","E","?","R","BOSS","M","$","?","M","?","E","R","E","E","R","E","?"],"items_purchased_type":["Card","Relic","Relic"],"build_version":"2020-12-22","purchased_purges":0,"victory":false,"max_hp_per_floor":[70,70,70,70,70,70,70,70,84,84,84,84,84,84,84,84,84,84,84,84,84,84,84,84,84,84,84,84,84,84,84,84,84,84,84,84,84,84,84,84,84,84,84,84,84,84,84,84,84,84,84,84,84,84,84,84,84,84,84,84,84,84,84,84,84,84,84,84,84,84,84,84,84,84,84,84,84,84,84,84,84],"card_choices":[{"not_picked":["theMarked:BanishingStrike","theMarked:Polarize"],"picked":"theMarked:ElementalBlade","floor":1},{"not_picked":["theMarked:ChainLightning","theMarked:DeterminationOfTheMarked","theMarked:Seal"],"picked":"SKIP","floor":3},{"not_picked":["theMarked:Defy","theMarked:MagicAdept","theMarked:ChannelForce"],"picked":"SKIP","floor":6},{"not_picked":["theMarked:FavorableWinds","theMarked:Defy","theMarked:ChannelForce"],"picked":"SKIP","floor":8},{"not_picked":["theMarked:Snap","theMarked:EternalStudent"],"picked":"theMarked:MagicAdept","floor":10},{"not_picked":["theMarked:Challenge","theMarked:SummonStrength"],"picked":"theMarked:BindingBlade","floor":12},{"not_picked":["theMarked:MagicAdept","theMarked:Challenge"],"picked":"theMarked:Levitate","floor":13},{"not_picked":["theMarked:RepellingDischarge","theMarked:MaelstromOfLightning","theMarked:WastefulDefense"],"picked":"SKIP","floor":14},{"not_picked":["theMarked:HeightenedSenses","theMarked:Generate","theMarked:BanishingStrike"],"picked":"SKIP","floor":14},{"not_picked":["theMarked:BanishingStrike","theMarked:WastefulDefense+1"],"picked":"theMarked:WardOff+1","floor":18},{"not_picked":["theMarked:Parry+1","theMarked:LightningStrikesTwice","theMarked:BanishingStrike"],"picked":"SKIP","floor":18},{"not_picked":["theMarked:Challenge","theMarked:FavorableWinds"],"picked":"theMarked:SummonStrength","floor":20},{"not_picked":["theMarked:DeterminationOfTheMarked","theMarked:LightningStrikesTwice","theMarked:Improvise"],"picked":"SKIP","floor":21},{"not_picked":["theMarked:TunnelVision","theMarked:ContemptForTheProud","theMarked:KeepCalmAndFightOn"],"picked":"SKIP","floor":21},{"not_picked":["theMarked:EternalStudent","theMarked:Challenge"],"picked":"theMarked:SoldierForm","floor":22},{"not_picked":["theMarked:Vacuum","theMarked:SuspiciousRaven","theMarked:EternalStudent"],"picked":"SKIP","floor":24},{"not_picked":["theMarked:ContemptForTheProud+1","theMarked:Aftermath"],"picked":"theMarked:EmpowerWeapon+1","floor":25},{"not_picked":["theMarked:ChainLightning","theMarked:EmpowerWeapon","theMarked:Static+1"],"picked":"SKIP","floor":25},{"not_picked":["theMarked:Electrocute+1","theMarked:TurnInvisible"],"picked":"theMarked:AttractMetal","floor":27},{"not_picked":["theMarked:ThrowWeapon","theMarked:Levitate"],"picked":"theMarked:BindingBlade","floor":28},{"not_picked":["theMarked:Improvise","theMarked:TwofoldDefense"],"picked":"theMarked:HeightenedSenses","floor":29},{"not_picked":["theMarked:EmpowerWeapon","theMarked:LightningStrikesTwice","theMarked:BindingBlade"],"picked":"SKIP","floor":29},{"not_picked":["theMarked:UnarmedFury","theMarked:SoldierForm"],"picked":"theMarked:Abjuration","floor":30},{"not_picked":["theMarked:Abjuration","theMarked:Opportunist"],"picked":"theMarked:WardOff","floor":31},{"not_picked":["theMarked:EnhanceMovement+1","theMarked:BanishingStrike+1","theMarked:ElectricStrings"],"picked":"SKIP","floor":31},{"not_picked":["theMarked:WastefulAttack","theMarked:Generate"],"picked":"theMarked:Indomitable+1","floor":35},{"not_picked":["theMarked:WastefulDefense","theMarked:UnarmedFury","theMarked:HeritageOfTheMarked+1"],"picked":"SKIP","floor":35},{"not_picked":["theMarked:Aftermath+1","theMarked:SwordAndMagic+1"],"picked":"theMarked:WardOff+1","floor":36},{"not_picked":["theMarked:EmpowerWeapon","theMarked:HeightenedSenses","theMarked:WastefulDefense"],"picked":"SKIP","floor":36},{"not_picked":["theMarked:TwofoldDefense","theMarked:Frustration+1"],"picked":"theMarked:ComboAttacks","floor":38},{"not_picked":["theMarked:SwordAndMagic+1","theMarked:BanishingStrike+1","theMarked:Static"],"picked":"SKIP","floor":38},{"not_picked":["theMarked:SoldierForm","theMarked:SuspiciousRaven","theMarked:UnarmedFury"],"picked":"SKIP","floor":40},{"not_picked":["theMarked:DispelDoubt","theMarked:ThrowWeapon","theMarked:TakeOffHeels"],"picked":"SKIP","floor":42},{"not_picked":["theMarked:EmpowerWeapon","theMarked:Parry+1","theMarked:Overthink+1"],"picked":"SKIP","floor":44},{"not_picked":["theMarked:ReduceFriction","theMarked:Parkour+1","theMarked:SwordAndMagic+1"],"picked":"SKIP","floor":44},{"not_picked":["theMarked:Frustration+1","theMarked:BanishingStrike","theMarked:Aftermath"],"picked":"SKIP","floor":45},{"not_picked":["theMarked:RepellingDischarge","theMarked:TwofoldDefense","theMarked:TunnelVision+1"],"picked":"SKIP","floor":45},{"not_picked":["theMarked:AttractMetal+1","theMarked:WastefulDefense"],"picked":"theMarked:ParalyzingBlade+1","floor":47},{"not_picked":["theMarked:BanishingStrike","theMarked:Frustration+1","theMarked:Reabsorb"],"picked":"SKIP","floor":47},{"not_picked":["theMarked:Levitate","theMarked:SoldierForm"],"picked":"theMarked:Abjuration","floor":48},{"not_picked":["theMarked:BanishingWave","theMarked:EmpowerWeapon","theMarked:ElectricStrings"],"picked":"SKIP","floor":52},{"not_picked":["theMarked:BanishingWave","theMarked:EmpowerWeapon","theMarked:AttractMetal"],"picked":"SKIP","floor":52},{"not_picked":["theMarked:WastefulDefense","theMarked:RepellingDischarge"],"picked":"theMarked:ReduceFriction","floor":53},{"not_picked":["theMarked:Electrify","theMarked:BanishingStrike","theMarked:SwordAndMagic"],"picked":"SKIP","floor":53},{"not_picked":["theMarked:ElectricStrings","theMarked:HeightenedSenses","theMarked:TakeCover"],"picked":"SKIP","floor":55},{"not_picked":["theMarked:RepellingDischarge","theMarked:WastefulAttack","theMarked:HeritageOfTheMarked"],"picked":"SKIP","floor":55},{"not_picked":["theMarked:Static","theMarked:TunnelVision","theMarked:HeightenedSenses"],"picked":"SKIP","floor":56},{"not_picked":["theMarked:Aftermath","theMarked:ThrowWeapon","theMarked:ContemptForTheProud"],"picked":"SKIP","floor":56},{"not_picked":["theMarked:EternalStudent","theMarked:SoldierForm","theMarked:UnarmedFury"],"picked":"SKIP","floor":59},{"not_picked":["theMarked:Challenge","theMarked:EternalStudent","theMarked:SuspiciousRaven"],"picked":"SKIP","floor":61},{"not_picked":["theMarked:ElectricStrings","theMarked:Panic","theMarked:BanishingStrike"],"picked":"SKIP","floor":63},{"not_picked":["theMarked:Polarize","theMarked:WastefulDefense","theMarked:WastefulAttack"],"picked":"SKIP","floor":63},{"not_picked":["theMarked:DispelDoubt","theMarked:Abjuration","theMarked:MagicAdept"],"picked":"SKIP","floor":64},{"not_picked":["theMarked:ThrowWeapon","theMarked:BindingBlade","theMarked:ChannelForce"],"picked":"SKIP","floor":65},{"not_picked":["theMarked:ThrowWeapon","theMarked:EternalStudent"],"picked":"theMarked:SummonStrength","floor":67},{"not_picked":["theMarked:ChainLightning","theMarked:Parkour"],"picked":"theMarked:WastefulAttack","floor":69},{"not_picked":["theMarked:Frustration","theMarked:ResourceFulStrike","theMarked:ElectricStrings"],"picked":"SKIP","floor":69},{"not_picked":["theMarked:SoldierForm","theMarked:WastefulDefense","theMarked:Improvise"],"picked":"SKIP","floor":71},{"not_picked":["theMarked:GodGivenPower","theMarked:TakeOffHeels","theMarked:HeightenedSenses"],"picked":"SKIP","floor":71},{"not_picked":["theMarked:Parkour","theMarked:Aftermath+1","theMarked:GodGivenPower"],"picked":"SKIP","floor":72},{"not_picked":["theMarked:Aftermath+1","theMarked:TunnelVision","theMarked:WastefulDefense"],"picked":"SKIP","floor":72},{"not_picked":["theMarked:DispelDoubt","theMarked:BindingBlade","theMarked:TakeOffHeels"],"picked":"SKIP","floor":73},{"not_picked":["theMarked:SummonStrength","theMarked:Snap","theMarked:UnarmedFury"],"picked":"SKIP","floor":74},{"not_picked":["theMarked:TurnInvisible","theMarked:MagicAdept","theMarked:EternalStudent"],"picked":"SKIP","floor":76},{"not_picked":["theMarked:Challenge","theMarked:FavorableWinds","theMarked:Abjuration"],"picked":"SKIP","floor":77},{"not_picked":["theMarked:MagicAdept","theMarked:Defy"],"picked":"theMarked:TurnInvisible","floor":79}],"player_experience":93044,"relics_obtained":[{"floor":6,"key":"hubris:CuriousFeather"},{"floor":8,"key":"ReplayTheSpireMod:TigerMarble"},{"floor":9,"key":"Mango"},{"floor":10,"key":"Dream Catcher"},{"floor":12,"key":"Lantern"},{"floor":13,"key":"Prayer Wheel"},{"floor":20,"key":"CaptainsWheel"},{"floor":22,"key":"hubris:Zylophone"},{"floor":24,"key":"Kunai"},{"floor":26,"key":"Toy Ornithopter"},{"floor":28,"key":"theMarked:DemonDagger"},{"floor":30,"key":"Bronze Scales"},{"floor":39,"key":"Bottled Tornado"},{"floor":40,"key":"Akabeko"},{"floor":42,"key":"hubris:TenFootPole"},{"floor":43,"key":"MealTicket"},{"floor":48,"key":"Mirror"},{"floor":60,"key":"Replay:Bottled Eggs"}],"event_choices":[{"damage_healed":0,"gold_gain":0,"player_choice":"0 cards matched","damage_taken":0,"max_hp_gain":0,"max_hp_loss":0,"event_name":"Match and Keep!","floor":5,"gold_loss":0,"cards_obtained":[]},{"damage_healed":0,"gold_gain":0,"player_choice":"Traded Relic","damage_taken":0,"relics_obtained":["Nloth\u0027s Gift"],"max_hp_gain":0,"max_hp_loss":0,"event_name":"N\u0027loth","floor":19,"relics_lost":["Replay:PocketPolymizer"],"gold_loss":0},{"damage_healed":0,"gold_gain":100,"player_choice":"Pray","damage_taken":0,"max_hp_gain":0,"max_hp_loss":0,"event_name":"Golden Shrine","floor":57,"gold_loss":0},{"damage_healed":0,"gold_gain":0,"player_choice":"Got Potions","damage_taken":0,"max_hp_gain":0,"max_hp_loss":0,"event_name":"Lab","floor":62,"gold_loss":0}],"is_beta":false,"boss_relics":[{"not_picked":["ReplayTheSpireMod:DimensionalGlitch","SlaversCollar"],"picked":"theMarked:Eyepatch"},{"not_picked":["Snecko Heart","Philosopher\u0027s Stone"],"picked":"Replay:Wanted Poster"},{"not_picked":["Replay:Grab Bag","Honey Jar"],"picked":"Black Star"},{"not_picked":["hubris:GrandSneckoEye","Velvet Choker","ReplayTheSpireMod:DimensionalGlitch"]}],"items_purged_floors":[],"is_endless":true,"potions_floor_spawned":[1,3,10,14,18,22,25,29,30,33,36,38,40,47,48,52,53,59,64,65,67,69,71,73,74],"killed_by":"Gremlin Leader","ascension_level":1}}