{"host":"56ghxnzsglgdq727","time":1609760281,"event":{"mods":["AchievementEnabler","BaseMod","Downfall","Minty Spire (QoL Compilation)","StSLib"],"gold_per_floor":[0,14,24,24,9,9,88,102,102,119,569,569,569,594,613,715,715,715,728,746,234,234,234,234],"floor_reached":22,"playtime":725,"items_purged":["Slimebound:Icky"],"score":184,"play_id":"c2cd4142-df0d-40a8-9b28-851fd39bdcdd","local_time":"20210104063801","is_ascension_mode":false,"campfire_choices":[{"data":"Sadistic Nature","floor":1,"key":"SMITH"},{"data":"hexamod:RainOfEmbers","floor":9,"key":"SMITH"},{"data":"hexamod:Float","floor":13,"key":"SMITH"},{"data":"1","floor":18,"key":"LIFT"}],"circlet_count":0,"master_deck":["hexamod:Strike","hexamod:Strike","hexamod:Strike","hexamod:Defend","hexamod:Defend","hexamod:Defend","hexamod:Defend","hexamod:Sear","hexamod:Float+1","Sadistic Nature+1","hexamod:RainOfEmbers+1","hexamod:RadiantFlame","hexamod:WildfireWeapon","Slimebound:Icky","hexamod:ChargedBarrage","hexamod:FlamesFromBeyond+1","hexamod:FifthSeal","hexamod:SixthSeal","hexamod:HeatCrush","hexamod:SixthSeal","hexamod:Hexaguard","hexamod:SecondSeal"],"relics":["hexamod:SpiritBrand","Ornamental Fan","Girya","SacredBark","Membership Card","hexamod:InflammatoryLetter","Sundial"],"acts_visited":["Exordium","TheCity"],"potions_floor_usage":[15,16,22],"damage_taken":[{"damage":4,"enemies":"Small Slimes","floor":2,"turns":3},{"damage":0,"enemies":"Cultist","floor":3,"turns":3},{"damage":5,"enemies":"downfall:FleeingMerchant","floor":5,"turns":4},{"damage":0,"enemies":"2 Louse","floor":8,"turns":1},{"damage":0,"enemies":"Large Slime","floor":10,"turns":3},{"damage":18,"enemies":"3 Sentries","floor":14,"turns":5},{"damage":10,"enemies":"3 Louse","floor":15,"turns":3},{"damage":31,"enemies":"downfall:Ironclad","floor":16,"turns":6},{"damage":6,"enemies":"Chosen","floor":19,"turns":3},{"damage":29,"enemies":"Snecko","floor":20,"turns":6},{"damage":9,"enemies":"downfall:FleeingMerchant","floor":21,"turns":4},{"damage":26,"enemies":"Centurion and Healer","floor":22,"turns":4}],"seed_played":"7405510889001557397","potions_obtained":[{"floor":8,"key":"FearPotion"},{"floor":14,"key":"Fire Potion"}],"is_trial":false,"path_per_floor":["R","M","M","?","$","?","T","M","R","M","?","?","R","E","M","B",null,"R","M","M","$","M"],"character_chosen":"THE_SPIRIT","items_purchased":["Membership Card","hexamod:InflammatoryLetter","Sundial","hexamod:SecondSeal","SkillPotion"],"campfire_rested":0,"item_purchase_floors":[21,21,21,21,21],"current_hp_per_floor":[70,66,66,66,61,66,66,66,66,66,66,66,66,48,38,7,75,75,69,40,31,5,5,5],"gold":234,"neow_bonus":"RANDOM_COLORLESS_2","is_daily":false,"chose_seed":false,"campfire_upgraded":3,"win_rate":0.0,"timestamp":1609760281,"path_taken":["R","M","M","?","?","?","T","M","R","M","?","?","R","E","M","BOSS","R","M","M","$","M"],"items_purchased_type":["Relic","Relic","Relic","Card","Potion"],"build_version":"2020-12-22","purchased_purges":1,"victory":false,"max_hp_per_floor":[70,70,70,70,70,75,75,75,75,75,75,75,75,75,75,75,75,75,75,75,75,75,75,75],"card_choices":[{"not_picked":["Apotheosis","Secret Technique"],"picked":"Sadistic Nature","floor":0},{"not_picked":["hexamod:AdvancingGuard","hexamod:FourthSeal"],"picked":"hexamod:RainOfEmbers","floor":2},{"not_picked":["hexamod:RainOfEmbers","hexamod:SpectersWail","hexamod:RetreatToShadows"],"picked":"SKIP","floor":3},{"not_picked":["hexamod:SpectersWail","hexamod:EmpoweredFlame"],"picked":"hexamod:WildfireWeapon","floor":5},{"not_picked":["hexamod:FastForward","hexamod:BacktrackSmack","hexamod:Haunt"],"picked":"SKIP","floor":8},{"not_picked":["hexamod:Again","hexamod:SpectersWail","hexamod:HauntingEcho"],"picked":"SKIP","floor":10},{"not_picked":["hexamod:AdvancingGuard","hexamod:RainOfEmbers"],"picked":"hexamod:ChargedBarrage","floor":14},{"not_picked":["hexamod:RecurringNightmare","hexamod:CrushingStance"],"picked":"hexamod:FlamesFromBeyond","floor":15},{"not_picked":["hexamod:TurnItUp","hexamod:Toasty"],"picked":"hexamod:FifthSeal","floor":16},{"not_picked":["hexamod:CatchUp","hexamod:GhostLash","hexamod:Firestarter"],"picked":"SKIP","floor":19},{"not_picked":["hexamod:FourthSeal","hexamod:FirstSeal"],"picked":"hexamod:SixthSeal","floor":20},{"not_picked":["hexamod:AdvancingGuard","hexamod:GhostLash"],"picked":"hexamod:HeatCrush","floor":20},{"not_picked":["hexamod:ThirdSeal","hexamod:SecondSeal"],"picked":"hexamod:SixthSeal","floor":21},{"not_picked":["hexamod:HauntingEcho","hexamod:ThermalTransfer"],"picked":"hexamod:Hexaguard","floor":21}],"player_experience":133462,"relics_obtained":[{"floor":7,"key":"Ornamental Fan"},{"floor":14,"key":"Girya"}],"event_choices":[{"damage_healed":0,"gold_gain":0,"cards_transformed":["hexamod:Strike"],"player_choice":"Transformed","damage_taken":0,"max_hp_gain":0,"max_hp_loss":0,"event_name":"Transmorgrifier","floor":4,"gold_loss":0,"cards_obtained":["hexamod:RadiantFlame"]},{"damage_healed":0,"gold_gain":0,"player_choice":"Donut","damage_taken":0,"max_hp_gain":5,"max_hp_loss":0,"event_name":"Big Fish","floor":6,"gold_loss":0},{"cards_removed":["Slimebound:Icky"],"damage_healed":0,"gold_gain":0,"player_choice":"Forget","damage_taken":0,"max_hp_gain":0,"max_hp_loss":0,"event_name":"Living Wall","floor":12,"gold_loss":0}],"is_beta":false,"boss_relics":[{"not_picked":["hexamod:IceCube","Runic Pyramid"],"picked":"SacredBark"}],"items_purged_floors":[21],"is_endless":false,"potions_floor_spawned":[8,14],"killed_by":"Centurion and Healer","ascension_level":0}}