{"host":"wwmqne3dwir10erh","time":1609725661,"event":{"mods":["BaseMod","Better Note","Hubris","Mimic Mod","Minty Spire (QoL Compilation)","Replay The Spire","StSLib","The Bladedancer"],"gold_per_floor":[110,110,126,141,141,176,195,195,235,62,80,114,73,91,91,192,192,209,209,86,106,125,125,150,150,187,187,221,221,238,178,178,280,280,300,575,593,593,619,619,633,662,697,713,161,195,195,232,232,232],"floor_reached":51,"playtime":3116,"items_purged":["Strike_G","Strike_G","Regret"],"score":820,"play_id":"6473a432-227e-4e04-862d-6cf8341f7a97","local_time":"20210103210101","is_ascension_mode":true,"campfire_choices":[{"floor":8.0,"key":"REST"},{"data":"ReplayTheSpireMod:Scrap Shanks","floor":15.0,"key":"SMITH"},{"data":"Replay:Bag of Tricks","floor":23.0,"key":"SMITH"},{"floor":25.0,"key":"REST"},{"data":"Noxious Fumes","floor":27.0,"key":"SMITH"},{"floor":32.0,"key":"REST"},{"floor":40.0,"key":"REST"},{"floor":47,"key":"REST"},{"floor":49,"key":"REST"}],"circlet_count":0,"master_deck":["Strike_G","Strike_G","Defend_G","Defend_G","Defend_G","Defend_G","Defend_G","Survivor","Dodge and Roll","Poisoned Stab","Deflect","Tools of the Trade","Underhanded Strike","Blade Dance","ReplayTheSpireMod:Scrap Shanks+1","Underhanded Strike","Underhanded Strike","Reflex","Reflex","Replay:Bag of Tricks+1","Apotheosis+1","Noxious Fumes+1","ReplayTheSpireMod:Scrap Shanks","ReplayTheSpireMod:From All Sides","Calculated Gamble+1","hubris:DuctTapeCard","Terror+1","hubris:Greed","ReplayTheSpireMod:Brewmster"],"relics":["Ring of the Snake","Tingsha","hubris:BottledRain","Blue Doll","hubris:Metronome","Darkstone Periapt","hubris:DuctTape","Bronze Scales","Replay:Bronze Core","Replay:Mystery Machine","Replay:Rubber Ducky","Replay:Multitool","ReplayTheSpireMod:CursedCoin","HornCleat","Lantern","Question Card","Meat on the Bone"],"acts_visited":["Exordium","TheCity","TheBeyond"],"potions_floor_usage":[44,46,48,48,48,50,50],"damage_taken":[{"damage":0.0,"enemies":"Cultist","floor":1.0,"turns":4.0},{"damage":0.0,"enemies":"2 Louse","floor":3.0,"turns":2.0},{"damage":2.0,"enemies":"Small Slimes","floor":4.0,"turns":4.0},{"damage":42.0,"enemies":"Gremlin Nob","floor":6.0,"turns":5.0},{"damage":2.0,"enemies":"Red Slaver","floor":7.0,"turns":5.0},{"damage":0.0,"enemies":"Blue Slaver","floor":9.0,"turns":7.0},{"damage":0.0,"enemies":"Blue Slaver","floor":11.0,"turns":4.0},{"damage":0.0,"enemies":"Replay:BlueRogue","floor":12.0,"turns":4.0},{"damage":7.0,"enemies":"Large Slime","floor":14.0,"turns":3.0},{"damage":0.0,"enemies":"Slime Boss","floor":16.0,"turns":4.0},{"damage":8.0,"enemies":"Shell Parasite","floor":18.0,"turns":3.0},{"damage":0.0,"enemies":"3 Byrds","floor":21.0,"turns":4.0},{"damage":0.0,"enemies":"Centurion and Healer","floor":22.0,"turns":4.0},{"damage":26.0,"enemies":"Slavers","floor":24.0,"turns":5.0},{"damage":2.0,"enemies":"Snecko","floor":26.0,"turns":4.0},{"damage":18.0,"enemies":"Gremlin Leader","floor":28.0,"turns":6.0},{"damage":16.0,"enemies":"Snecko","floor":30.0,"turns":6.0},{"damage":0.0,"enemies":"Pondfish","floor":33.0,"turns":4.0},{"damage":7.0,"enemies":"Orb Walker","floor":35.0,"turns":4.0},{"damage":15.0,"enemies":"3 Shapes","floor":37.0,"turns":6.0},{"damage":11.0,"enemies":"3 Darklings","floor":41.0,"turns":4.0},{"damage":40.0,"enemies":"Nemesis","floor":42.0,"turns":7.0},{"damage":0,"enemies":"Jaw Worm Horde","floor":43,"turns":7},{"damage":16,"enemies":"Jaw Worm Horde","floor":44,"turns":4},{"damage":0,"enemies":"Giant Head","floor":46,"turns":4},{"damage":4,"enemies":"Nemesis","floor":48,"turns":5},{"damage":4,"enemies":"Replay:Hell Engine","floor":50,"turns":6}],"seed_played":"8560801571945235796","potions_obtained":[{"floor":1.0,"key":"EssenceOfSteel"},{"floor":4.0,"key":"Toxic Potion"},{"floor":7.0,"key":"CunningPotion"},{"floor":21.0,"key":"SneckoOil"},{"floor":24.0,"key":"Dexterity Potion"},{"floor":30.0,"key":"Weak Potion"},{"floor":33.0,"key":"Dexterity Potion"},{"floor":41.0,"key":"AttackPotion"},{"floor":44,"key":"Strength Potion"}],"is_trial":false,"path_per_floor":["M","?","M","M","?","E","M","R","MIM","$","M","E","$","M","R","B",null,"M","?","$","M","M","R","E","R","MIM","R","E","?","M","?","R","B",null,"M","?","M","?","T","R","M","E","MIM","M","$","E","R","E","R","B",null],"character_chosen":"THE_SILENT","items_purchased":["ReplayTheSpireMod:Scrap Shanks","Underhanded Strike","Reflex","Noxious Fumes","ReplayTheSpireMod:CursedCoin","ReplayTheSpireMod:Brewmster","HornCleat","Lantern"],"campfire_rested":6,"item_purchase_floors":[10,10,13,20,45,45,45,45],"current_hp_per_floor":[70,70,70,68,68,26,24,45,45,45,45,45,45,38,38,38,70,62,62,62,62,62,62,36,57,55,55,37,60,44,44,65,65,70,63,69,54,54,54,76,65,25,25,9,15,15,39,35,59,55],"gold":232,"neow_bonus":"ONE_RARE_RELIC","is_daily":false,"chose_seed":false,"campfire_upgraded":3,"win_rate":0.0,"timestamp":1609725661,"path_taken":["M","?","M","M","?","E","?","R","MIM","?","M","E","$","M","R","BOSS","M","?","$","M","M","R","E","R","MIM","R","E","?","M","?","R","BOSS","M","?","?","?","?","R","M","E","MIM","M","?","E","R","E","R","BOSS"],"items_purchased_type":["Card","Card","Card","Card","Relic","Card","Relic","Relic"],"build_version":"2020-12-22","purchased_purges":3,"victory":true,"max_hp_per_floor":[70,70,70,70,70,70,70,70,70,70,70,70,70,70,70,70,70,70,70,70,70,70,70,70,70,70,70,70,70,70,70,70,70,70,70,76,76,76,76,76,76,76,76,76,82,82,82,82,82,82],"card_choices":[{"not_picked":["Backflip","Acrobatics"],"picked":"Dodge and Roll","floor":1.0},{"not_picked":["Prepared","Bane"],"picked":"Poisoned Stab","floor":3.0},{"not_picked":["Outmaneuver","Predator"],"picked":"Deflect","floor":4.0},{"not_picked":["Endless Agony","Predator"],"picked":"Underhanded Strike","floor":6.0},{"not_picked":["Deflect","Dagger Throw"],"picked":"Prepared","floor":7.0},{"not_picked":["Tactician","Bane"],"picked":"Blade Dance","floor":9.0},{"not_picked":["Phantasmal Killer","Blade Dance"],"picked":"Dagger Spray","floor":11.0},{"not_picked":["Flechettes","Finisher","Eviscerate"],"picked":"SKIP","floor":12.0},{"not_picked":["Accuracy","Reflex","Acrobatics"],"picked":"SKIP","floor":14.0},{"not_picked":["Grand Finale","Malaise"],"picked":"Replay:Bag of Tricks","floor":16.0},{"not_picked":["Slice","Crippling Poison","Sucker Punch"],"picked":"SKIP","floor":18.0},{"not_picked":["Noxious Fumes","Prepared","Footwork"],"picked":"SKIP","floor":21.0},{"not_picked":["Distraction","Backflip+1","Leg Sweep"],"picked":"SKIP","floor":22.0},{"not_picked":["Leg Sweep+1","Dagger Spray+1","ReplayTheSpireMod:Speed Training"],"picked":"SKIP","floor":24.0},{"not_picked":["hubris:SlightOfHand+1","Quick Slash","hubris:Sniper"],"picked":"SKIP","floor":28.0},{"not_picked":["Accuracy+1","Outmaneuver"],"picked":"ReplayTheSpireMod:Scrap Shanks","floor":30.0},{"not_picked":["Storm of Steel","Die Die Die"],"picked":"ReplayTheSpireMod:From All Sides","floor":33.0},{"not_picked":["Poisoned Stab","Finisher+1","Footwork+1"],"picked":"SKIP","floor":35.0},{"not_picked":["Bouncing Flask+1","Deflect+1","Dagger Throw+1"],"picked":"SKIP","floor":37.0},{"not_picked":["PiercingWail","Flechettes+1","Underhanded Strike"],"picked":"SKIP","floor":41.0},{"not_picked":["Deflect","Riddle With Holes"],"picked":"Calculated Gamble+1","floor":42.0},{"not_picked":["Deflect+1","Blade Dance"],"picked":"Terror+1","floor":44},{"not_picked":["Dagger Throw+1","Underhanded Strike+1","Night Terror"],"picked":"SKIP","floor":46},{"not_picked":["Poisoned Stab","All Out Attack","Sucker Punch","Hidden Blade"],"picked":"SKIP","floor":48}],"player_experience":2249185,"relics_obtained":[{"floor":6.0,"key":"hubris:BottledRain"},{"floor":9.0,"key":"Blue Doll"},{"floor":12.0,"key":"hubris:Metronome"},{"floor":24.0,"key":"Darkstone Periapt"},{"floor":26.0,"key":"hubris:DuctTape"},{"floor":28.0,"key":"Bronze Scales"},{"floor":39.0,"key":"Replay:Mystery Machine"},{"floor":42.0,"key":"Replay:Rubber Ducky"},{"floor":43,"key":"Replay:Multitool"},{"floor":46,"key":"Question Card"},{"floor":48,"key":"Meat on the Bone"}],"event_choices":[{"cards_removed":["CommonCold"],"damage_healed":0.0,"max_hp_gain":0.0,"max_hp_loss":0.0,"gold_gain":0.0,"event_name":"Living Wall","player_choice":"Forget","floor":2.0,"gold_loss":0.0,"damage_taken":0.0},{"damage_healed":0.0,"max_hp_gain":0.0,"max_hp_loss":0.0,"gold_gain":0.0,"cards_transformed":["Strike_G"],"event_name":"Transmorgrifier","player_choice":"Transformed","floor":5.0,"gold_loss":0.0,"damage_taken":0.0,"cards_obtained":["Tools of the Trade"]},{"cards_removed":["Apotheosis"],"damage_healed":0.0,"max_hp_gain":0.0,"max_hp_loss":0.0,"gold_gain":0.0,"event_name":"betterNote:BetterNote","player_choice":"Take \u0026 Give","floor":19.0,"gold_loss":0.0,"damage_taken":0.0,"cards_obtained":["Apotheosis"]},{"damage_healed":23.0,"max_hp_gain":0.0,"max_hp_loss":0.0,"gold_gain":0.0,"event_name":"The Library","player_choice":"Heal","floor":29.0,"gold_loss":0.0,"damage_taken":0.0},{"damage_healed":0.0,"max_hp_gain":0.0,"max_hp_loss":0.0,"gold_gain":275.0,"event_name":"Golden Shrine","player_choice":"Desecrate","floor":36.0,"gold_loss":0.0,"damage_taken":0.0,"cards_obtained":["Regret"]},{"cards_removed":["Dagger Spray"],"damage_healed":0.0,"max_hp_gain":0.0,"max_hp_loss":0.0,"gold_gain":0.0,"event_name":"Falling","player_choice":"Removed Attack","floor":38.0,"gold_loss":0.0,"damage_taken":0.0}],"is_beta":false,"boss_relics":[{"not_picked":["hubris:BlackHole","Replay:Wanted Poster","Coffee Dripper"]},{"not_picked":["Astrolabe","hubris:Stopwatch"],"picked":"Replay:Bronze Core"}],"items_purged_floors":[10,20,45],"is_endless":false,"potions_floor_spawned":[1,4,7,12,21,24,30,33,41,42,44],"ascension_level":1}}