{"host":"2lo6hma6kymb0g9i","time":1609739137,"event":{"mods":["BaseMod","Colored Map","DeckTracker","Minty Spire (QoL Compilation)"],"gold_per_floor":[117,117,117,117,117,117,151,170,170,170,209,233,253,273,273,393,393,393,167,167,122,50,50,50,50,50,50,50,50,50,50,50,50,50,50,50,50,50,50,50,50,50,50,50,50,50,50,50,50,50,50],"floor_reached":50,"playtime":3756,"items_purged":["Strike_B"],"score":654,"play_id":"53b471f2-4520-4cca-b190-e282716cb544","local_time":"20210104144537","is_ascension_mode":true,"campfire_choices":[{"data":"Dualcast","floor":6.0,"key":"SMITH"},{"data":"Streamline","floor":10.0,"key":"SMITH"},{"data":"Hologram","floor":15.0,"key":"SMITH"},{"data":"Defragment","floor":23.0,"key":"SMITH"},{"floor":32.0,"key":"REST"},{"data":"Buffer","floor":40,"key":"SMITH"},{"data":"Auto Shields","floor":44,"key":"SMITH"},{"data":"Leap","floor":46,"key":"SMITH"},{"floor":49,"key":"REST"}],"circlet_count":0,"master_deck":["Strike_B+1","Strike_B+1","Strike_B","Defend_B+1","Defend_B","Defend_B+1","Defend_B","Zap+1","Dualcast+1","Self Repair","Streamline+1","Undo","Hologram+1","Core Surge","Machine Learning","Redo+1","Defragment+1","Defragment+1","Beam Cell+1","Leap+1","Melter","Buffer+1","Auto Shields+1","Loop+1","Loop+1","Force Field+1"],"relics":["Cracked Core","Gremlin Horn","Golden Idol","Symbiotic Virus","Lantern","Darkstone Periapt","Whetstone","Ectoplasm","Bag of Preparation","Pear","War Paint","Cursed Key","Oddly Smooth Stone","Bag of Marbles"],"acts_visited":["Exordium","TheCity","TheBeyond"],"potions_floor_usage":[37,50,50,50],"damage_taken":[{"damage":0.0,"enemies":"Small Slimes","floor":1.0,"turns":2.0},{"damage":8.0,"enemies":"Gremlin Nob","floor":7.0,"turns":3.0},{"damage":7.0,"enemies":"Jaw Worm","floor":8.0,"turns":2.0},{"damage":15.0,"enemies":"3 Sentries","floor":11.0,"turns":4.0},{"damage":1.0,"enemies":"2 Louse","floor":12.0,"turns":2.0},{"damage":1.0,"enemies":"Looter","floor":13.0,"turns":3.0},{"damage":0.0,"enemies":"2 Fungi Beasts","floor":14.0,"turns":2.0},{"damage":21.0,"enemies":"Slime Boss","floor":16.0,"turns":6.0},{"damage":0.0,"enemies":"Chosen","floor":18.0,"turns":3.0},{"damage":17.0,"enemies":"2 Thieves","floor":21.0,"turns":3.0},{"damage":16.0,"enemies":"Centurion and Healer","floor":24.0,"turns":4.0},{"damage":28.0,"enemies":"Snake Plant","floor":25.0,"turns":3.0},{"damage":28.0,"enemies":"Shelled Parasite and Fungi","floor":27.0,"turns":4.0},{"damage":19.0,"enemies":"Centurion and Healer","floor":28.0,"turns":3.0},{"damage":0.0,"enemies":"Snecko","floor":29.0,"turns":3.0},{"damage":0.0,"enemies":"Cultist and Chosen","floor":30.0,"turns":4.0},{"damage":14.0,"enemies":"Centurion and Healer","floor":31.0,"turns":3.0},{"damage":28.0,"enemies":"Automaton","floor":33.0,"turns":8.0},{"damage":0,"enemies":"3 Shapes","floor":35,"turns":2},{"damage":1,"enemies":"Orb Walker","floor":36,"turns":3},{"damage":17,"enemies":"Writhing Mass","floor":37,"turns":5},{"damage":13,"enemies":"Spire Growth","floor":38,"turns":4},{"damage":4,"enemies":"Transient","floor":41,"turns":5},{"damage":38,"enemies":"Reptomancer","floor":42,"turns":6},{"damage":0,"enemies":"4 Shapes","floor":45,"turns":4},{"damage":45,"enemies":"Nemesis","floor":47,"turns":7},{"damage":40,"enemies":"Time Eater","floor":50,"turns":6}],"seed_played":"8244306079077933037","potions_obtained":[{"floor":1.0,"key":"Dexterity Potion"},{"floor":8.0,"key":"Strength Potion"},{"floor":11.0,"key":"PotionOfCapacity"},{"floor":16.0,"key":"LiquidBronze"},{"floor":21.0,"key":"EssenceOfSteel"},{"floor":28.0,"key":"Explosive Potion"},{"floor":29.0,"key":"Weak Potion"},{"floor":31.0,"key":"Fire Potion"},{"floor":33,"key":"ColorlessPotion"},{"floor":35,"key":"Dexterity Potion"},{"floor":38,"key":"SpeedPotion"},{"floor":41,"key":"Weak Potion"},{"floor":47,"key":"Strength Potion"}],"is_trial":false,"path_per_floor":["M","?","?","?","T","R","E","M","T","R","E","M","M","M","R","B",null,"M","$","?","M","$","R","M","M","T","M","M","M","M","M","R","B",null,"M","M","M","M","?","R","M","E","T","R","M","R","E","?","R","B"],"character_chosen":"DEFECT","items_purchased":["Bag of Preparation","Defragment"],"campfire_rested":2,"item_purchase_floors":[19,22],"current_hp_per_floor":[75,50,32,32,32,32,31,31,31,31,23,29,35,42,42,28,75,75,75,85,75,75,75,66,45,45,24,12,12,19,12,37,16,85,85,84,74,68,68,68,71,40,40,40,47,47,9,9,34,0,0],"gold":50,"neow_bonus":"UPGRADE_CARD","is_daily":false,"chose_seed":false,"campfire_upgraded":7,"win_rate":0.0,"timestamp":1609739137,"path_taken":["M","?","?","?","?","R","E","M","T","R","E","M","M","M","R","BOSS","M","$","?","M","?","R","M","M","T","M","M","M","M","M","R","BOSS","BOSS","M","M","M","?","?","R","?","E","T","R","M","R","E","?","R","BOSS"],"items_purchased_type":["Relic","Card"],"build_version":"2020-12-22","purchased_purges":1,"victory":false,"max_hp_per_floor":[75,75,75,75,75,75,75,75,75,75,75,75,75,75,75,75,75,75,75,85,85,85,85,85,85,85,85,85,85,85,85,85,85,85,85,85,85,85,85,85,85,85,85,85,85,85,85,85,85,85,85],"card_choices":[{"not_picked":["Recycle","Stack"],"picked":"Self Repair","floor":1.0},{"not_picked":["Aggregate","Fission","Stack"],"picked":"SKIP","floor":7.0},{"not_picked":["Stack","Compile Driver"],"picked":"Streamline","floor":8.0},{"not_picked":["Darkness","Chaos"],"picked":"Undo","floor":11.0},{"not_picked":["Streamline","Scrape","Aggregate"],"picked":"SKIP","floor":12.0},{"not_picked":["Leap","Glacier"],"picked":"Hologram","floor":13.0},{"not_picked":["Compile Driver","Stack"],"picked":"Core Surge","floor":14.0},{"not_picked":["Seek","Thunder Strike"],"picked":"Machine Learning","floor":16.0},{"not_picked":["Doom and Gloom","BootSequence+1","Beam Cell+1"],"picked":"SKIP","floor":18.0},{"not_picked":["Undo","Turbo"],"picked":"Redo+1","floor":21.0},{"not_picked":["Cold Snap","Coolheaded"],"picked":"Defragment+1","floor":24.0},{"not_picked":["Gash+1","Rip and Tear","Darkness"],"picked":"SKIP","floor":25.0},{"not_picked":["Rainbow","Gash"],"picked":"Beam Cell+1","floor":27.0},{"not_picked":["Go for the Eyes","Steam","Ball Lightning"],"picked":"SKIP","floor":28.0},{"not_picked":["Fusion+1","Rebound"],"picked":"Leap","floor":29.0},{"not_picked":["Coolheaded","Darkness","Go for the Eyes"],"picked":"SKIP","floor":30.0},{"not_picked":["Gash","Darkness"],"picked":"Melter","floor":31.0},{"not_picked":["Reboot","Biased Cognition"],"picked":"Buffer","floor":33},{"not_picked":["Coolheaded","Streamline+1","Conserve Battery"],"picked":"SKIP","floor":35},{"not_picked":["Stack+1","Doom and Gloom+1"],"picked":"Auto Shields","floor":36},{"not_picked":["Gash+1","Sweeping Beam"],"picked":"Loop+1","floor":37},{"not_picked":["Beam Cell+1","Capacitor+1","Turbo+1"],"picked":"SKIP","floor":38},{"not_picked":["Cold Snap+1","Aggregate+1","Barrage"],"picked":"SKIP","floor":41},{"not_picked":["Ball Lightning+1","Barrage+1"],"picked":"Force Field+1","floor":42},{"not_picked":["Rainbow","Static Discharge+1","Blizzard+1"],"picked":"SKIP","floor":45},{"not_picked":["Rip and Tear","Chill+1"],"picked":"Heatsinks+1","floor":47}],"player_experience":923426,"relics_obtained":[{"floor":5.0,"key":"Symbiotic Virus"},{"floor":7.0,"key":"Lantern"},{"floor":9.0,"key":"Darkstone Periapt"},{"floor":11.0,"key":"Whetstone"},{"floor":26.0,"key":"War Paint"},{"floor":42,"key":"Oddly Smooth Stone"},{"floor":47,"key":"Bag of Marbles"}],"event_choices":[{"damage_healed":0.0,"max_hp_gain":0.0,"max_hp_loss":0.0,"gold_gain":0.0,"event_name":"Scrap Ooze","player_choice":"Success","floor":2.0,"gold_loss":0.0,"damage_taken":25.0,"relics_obtained":["Gremlin Horn"]},{"damage_healed":0.0,"max_hp_gain":0.0,"max_hp_loss":0.0,"gold_gain":0.0,"event_name":"Golden Idol","player_choice":"Take Damage","floor":3.0,"gold_loss":0.0,"damage_taken":18.0,"relics_obtained":["Golden Idol"]},{"damage_healed":0.0,"max_hp_gain":0.0,"max_hp_loss":0.0,"gold_gain":0.0,"event_name":"Liars Game","player_choice":"Ignored","floor":4.0,"gold_loss":0.0,"damage_taken":0.0},{"damage_healed":0.0,"max_hp_gain":0.0,"max_hp_loss":0.0,"gold_gain":0.0,"event_name":"WeMeetAgain","player_choice":"Gave Potion","floor":20.0,"gold_loss":0.0,"damage_taken":0.0,"relics_obtained":["Pear"]},{"damage_healed":0,"gold_gain":0,"player_choice":"Copied","damage_taken":0,"max_hp_gain":0,"max_hp_loss":0,"event_name":"Duplicator","floor":39,"gold_loss":0,"cards_obtained":["Loop"]},{"cards_removed":["Heatsinks"],"damage_healed":0,"gold_gain":0,"player_choice":"Removed Power","damage_taken":0,"max_hp_gain":0,"max_hp_loss":0,"event_name":"Falling","floor":48,"gold_loss":0}],"is_beta":false,"boss_relics":[{"not_picked":["SacredBark","Runic Pyramid"],"picked":"Ectoplasm"},{"not_picked":["Black Star","Pandora\u0027s Box"],"picked":"Cursed Key"}],"items_purged_floors":[19],"is_endless":false,"potions_floor_spawned":[1,8,11,16,21,28,29,31,33,35,38,41,45,47],"killed_by":"Time Eater","ascension_level":4}}