{"host":"rmsq46plbpwfbxcc","time":1609769370,"event":{"mods":["AchievementEnabler","BaseMod","Colored Map","Colored Powertips","DeckTracker","KOR Keyword Fix","Minty Spire (QoL Compilation)","Permanent Neow","Quick Restart","SuperFastMode"],"gold_per_floor":[116,134,134,134,148,148,175,185,185,185,198,229,0,0,0,97,97,112,112,12,29,29,58,70,83,83,83,97,97,130,148,148,249,249,264,264,104,124,142,170,170,205,205,205,223,223,250,279,291,303,315,327,36,36,36],"floor_reached":54,"playtime":2116,"items_purged":["Defend_G","Pain","Strike_G","All Out Attack+1"],"score":1127,"play_id":"a09fc762-7528-4c7f-93b4-881201d29c38","local_time":"20210104230930","is_ascension_mode":true,"campfire_choices":[{"data":"Neutralize","floor":6.0,"key":"SMITH"},{"data":"Survivor","floor":10.0,"key":"SMITH"},{"floor":15.0,"key":"RECALL"},{"data":"Accuracy","floor":27.0,"key":"SMITH"},{"data":"Footwork","floor":29.0,"key":"SMITH"},{"data":"Die Die Die","floor":32.0,"key":"SMITH"},{"floor":41.0,"key":"REST"},{"floor":44.0,"key":"REST"},{"data":"All Out Attack","floor":49.0,"key":"SMITH"},{"data":"Defend_G","floor":52,"key":"SMITH"}],"circlet_count":0,"master_deck":["Strike_G","Defend_G+1","Defend_G","Defend_G","Survivor+1","Neutralize+1","CurseOfTheBell","Escape Plan+1","Acrobatics+1","PiercingWail+1","Blade Dance+1","Die Die Die+1","Accuracy+1","Footwork+1","Terror+1","Cloak And Dagger+1","Blur+1","Envenom+1","Choke+1","Accuracy+1","PiercingWail+1","Backflip+1","Adrenaline+1"],"relics":["Calling Bell","Happy Flower","Toxic Egg 2","Ice Cream","Mercury Hourglass","Tingsha","Bag of Preparation","WarpedTongs","SacredBark","White Beast Statue","InkBottle","Frozen Egg 2","MealTicket","Empty Cage","Blood Vial","Strawberry","MawBank","Nunchaku"],"acts_visited":["Exordium","TheCity","TheBeyond","TheEnding"],"potions_floor_usage":[50],"damage_taken":[{"damage":2.0,"enemies":"2 Louse","floor":1.0,"turns":3.0},{"damage":6.0,"enemies":"Jaw Worm","floor":2.0,"turns":6.0},{"damage":2.0,"enemies":"Small Slimes","floor":5.0,"turns":5.0},{"damage":9.0,"enemies":"3 Sentries","floor":7.0,"turns":9.0},{"damage":0.0,"enemies":"Red Slaver","floor":8.0,"turns":4.0},{"damage":0.0,"enemies":"Exordium Thugs","floor":11.0,"turns":4.0},{"damage":7.0,"enemies":"Gremlin Nob","floor":12.0,"turns":3.0},{"damage":3.0,"enemies":"Slime Boss","floor":16.0,"turns":7.0},{"damage":8.0,"enemies":"2 Thieves","floor":18.0,"turns":4.0},{"damage":0.0,"enemies":"Spheric Guardian","floor":21.0,"turns":3.0},{"damage":0.0,"enemies":"Gremlin Leader","floor":23.0,"turns":4.0},{"damage":8.0,"enemies":"Snecko","floor":24.0,"turns":5.0},{"damage":2.0,"enemies":"Shelled Parasite and Fungi","floor":25.0,"turns":3.0},{"damage":5.0,"enemies":"Centurion and Healer","floor":28.0,"turns":3.0},{"damage":3.0,"enemies":"Book of Stabbing","floor":30.0,"turns":5.0},{"damage":0.0,"enemies":"Snake Plant","floor":31.0,"turns":3.0},{"damage":19.0,"enemies":"Automaton","floor":33.0,"turns":10.0},{"damage":0.0,"enemies":"Orb Walker","floor":35.0,"turns":4.0},{"damage":18.0,"enemies":"3 Darklings","floor":38.0,"turns":5.0},{"damage":3.0,"enemies":"Transient","floor":39.0,"turns":5.0},{"damage":38.0,"enemies":"Reptomancer","floor":40.0,"turns":4.0},{"damage":14.0,"enemies":"Giant Head","floor":42.0,"turns":8.0},{"damage":13.0,"enemies":"Spire Growth","floor":45.0,"turns":6.0},{"damage":2.0,"enemies":"Reptomancer","floor":47.0,"turns":5.0},{"damage":0.0,"enemies":"Sphere and 2 Shapes","floor":48.0,"turns":4.0},{"damage":31,"enemies":"Time Eater","floor":50,"turns":13},{"damage":83,"enemies":"Shield and Spear","floor":54,"turns":6}],"seed_played":"-4360794846437484745","potions_obtained":[{"floor":1.0,"key":"ColorlessPotion"},{"floor":5.0,"key":"DistilledChaos"},{"floor":7.0,"key":"Fire Potion"},{"floor":12.0,"key":"EssenceOfSteel"},{"floor":23.0,"key":"Poison Potion"},{"floor":24.0,"key":"Fire Potion"},{"floor":25.0,"key":"SmokeBomb"},{"floor":28.0,"key":"SkillPotion"},{"floor":30.0,"key":"SkillPotion"},{"floor":31.0,"key":"LiquidBronze"},{"floor":33.0,"key":"ColorlessPotion"},{"floor":35.0,"key":"Ancient Potion"},{"floor":38.0,"key":"SkillPotion"},{"floor":39.0,"key":"DuplicationPotion"},{"floor":40.0,"key":"DuplicationPotion"},{"floor":42.0,"key":"Block Potion"},{"floor":45.0,"key":"SteroidPotion"},{"floor":47.0,"key":"SmokeBomb"},{"floor":48.0,"key":"SpeedPotion"}],"is_trial":false,"path_per_floor":["M","M","?","?","M","R","E","M","T","R","M","E","$","?","R","B",null,"M","?","$","M","T","E","M","M","T","R","M","R","E","M","R","B",null,"M","?","$","M","M","E","R","E","T","R","M","?","E","M","R","B",null,"R","$","E"],"character_chosen":"THE_SILENT","items_purchased":["Bag of Preparation","Accuracy+1","Nunchaku"],"campfire_rested":2,"item_purchase_floors":[13,37,53],"current_hp_per_floor":[61,55,55,55,53,53,44,44,44,44,44,37,37,37,37,34,61,53,53,53,53,53,53,45,43,43,43,38,38,35,35,35,16,57,57,57,70,52,49,11,32,27,27,50,39,39,39,41,41,12,61,61,76,0,0],"gold":36,"neow_bonus":"BOSS_RELIC","is_daily":false,"chose_seed":false,"campfire_upgraded":7,"win_rate":0.0,"timestamp":1609769370,"path_taken":["M","M","?","?","M","R","E","M","T","R","M","E","?","?","R","BOSS","M","?","?","M","?","E","M","M","T","R","?","R","E","M","R","BOSS","M","?","$","M","M","E","R","E","T","R","M","?","E","M","R","BOSS","R","$","E"],"items_purchased_type":["Relic","Card","Relic"],"build_version":"2020-12-22","purchased_purges":4,"victory":false,"max_hp_per_floor":[70,70,70,70,70,70,70,70,70,70,70,70,70,70,70,70,70,70,70,70,70,70,70,70,70,70,70,70,70,70,70,70,70,70,70,70,70,70,70,70,70,77,77,77,77,77,77,77,77,77,77,77,77,77,77],"card_choices":[{"not_picked":["Outmaneuver+1","Bouncing Flask+1"],"picked":"Escape Plan+1","floor":1.0},{"not_picked":["Masterful Stab","Infinite Blades"],"picked":"Acrobatics+1","floor":2.0},{"not_picked":["Dagger Throw","Noxious Fumes"],"picked":"Blade Dance+1","floor":5.0},{"not_picked":["PiercingWail+1","Dash","Bane"],"picked":"SKIP","floor":7.0},{"not_picked":["Poisoned Stab","Quick Slash","Endless Agony"],"picked":"SKIP","floor":8.0},{"not_picked":["Deflect+1","Unload","Dash"],"picked":"SKIP","floor":11.0},{"not_picked":["Prepared+1","Blade Dance+1","Skewer"],"picked":"SKIP","floor":12.0},{"not_picked":["Unload","Grand Finale"],"picked":"Die Die Die","floor":16.0},{"not_picked":["Quick Slash","Catalyst+1"],"picked":"Accuracy","floor":18.0},{"not_picked":["Dagger Throw+1","Slice"],"picked":"Footwork","floor":21.0},{"not_picked":["Flying Knee","Riddle With Holes"],"picked":"Terror+1","floor":23.0},{"not_picked":["Backflip+1","Choke+1"],"picked":"Cloak And Dagger+1","floor":24.0},{"not_picked":["Deflect+1","Concentrate+1","Underhanded Strike"],"picked":"SKIP","floor":25.0},{"not_picked":["Poisoned Stab+1","Bane"],"picked":"Blur+1","floor":28.0},{"not_picked":["Catalyst+1","Prepared+1","Deflect+1"],"picked":"SKIP","floor":30.0},{"not_picked":["Dagger Throw","Slice","Corpse Explosion+1"],"picked":"SKIP","floor":31.0},{"not_picked":["Tools of the Trade+1","Bullet Time+1"],"picked":"Envenom+1","floor":33.0},{"not_picked":["Dagger Throw+1","Blade Dance+1"],"picked":"Choke+1","floor":35.0},{"not_picked":["Distraction+1","Infinite Blades+1","Skewer+1"],"picked":"SKIP","floor":38.0},{"not_picked":["Poisoned Stab","Setup+1"],"picked":"PiercingWail+1","floor":39.0},{"not_picked":["Flechettes","Dagger Throw","Quick Slash+1"],"picked":"SKIP","floor":40.0},{"not_picked":["Expertise+1","Skewer+1"],"picked":"Backflip+1","floor":42.0},{"not_picked":["Accuracy+1","Flying Knee","Acrobatics+1"],"picked":"SKIP","floor":45.0},{"not_picked":["Endless Agony+1","Unload","Expertise+1"],"picked":"SKIP","floor":47.0},{"not_picked":["Infinite Blades+1","Acrobatics+1","Prepared+1"],"picked":"SKIP","floor":48.0}],"player_experience":654282,"relics_obtained":[{"floor":0.0,"key":"Happy Flower"},{"floor":0.0,"key":"Toxic Egg 2"},{"floor":0.0,"key":"Ice Cream"},{"floor":7.0,"key":"Mercury Hourglass"},{"floor":9.0,"key":"Tingsha"},{"floor":22.0,"key":"White Beast Statue"},{"floor":23.0,"key":"InkBottle"},{"floor":26.0,"key":"Frozen Egg 2"},{"floor":30.0,"key":"MealTicket"},{"floor":40.0,"key":"Blood Vial"},{"floor":42.0,"key":"Strawberry"},{"floor":47.0,"key":"MawBank"}],"event_choices":[{"damage_healed":0.0,"max_hp_gain":0.0,"max_hp_loss":0.0,"gold_gain":0.0,"cards_transformed":["Strike_G"],"event_name":"Living Wall","player_choice":"Change","floor":3.0,"gold_loss":0.0,"damage_taken":0.0,"cards_obtained":["PiercingWail"]},{"damage_healed":0.0,"max_hp_gain":0.0,"max_hp_loss":0.0,"gold_gain":0.0,"event_name":"Liars Game","player_choice":"Ignored","floor":4.0,"gold_loss":0.0,"damage_taken":0.0},{"damage_healed":0.0,"max_hp_gain":0.0,"max_hp_loss":0.0,"gold_gain":0.0,"event_name":"Accursed Blacksmith","player_choice":"Rummage","floor":14.0,"gold_loss":0.0,"damage_taken":0.0,"relics_obtained":["WarpedTongs"],"cards_obtained":["Pain"]},{"damage_healed":0.0,"max_hp_gain":0.0,"max_hp_loss":0.0,"gold_gain":0.0,"cards_transformed":["Strike_G"],"event_name":"Transmorgrifier","player_choice":"Transformed","floor":19.0,"gold_loss":0.0,"damage_taken":0.0,"cards_obtained":["All Out Attack"]},{"damage_healed":0.0,"max_hp_gain":0.0,"max_hp_loss":0.0,"gold_gain":0.0,"event_name":"Tomb of Lord Red Mask","player_choice":"Ignored","floor":36.0,"gold_loss":0.0,"damage_taken":0.0},{"damage_healed":0.0,"max_hp_gain":0.0,"max_hp_loss":0.0,"gold_gain":0.0,"event_name":"Match and Keep!","player_choice":"1 cards matched","floor":46.0,"gold_loss":0.0,"damage_taken":0.0,"cards_obtained":["Adrenaline"]}],"is_beta":false,"boss_relics":[{"not_picked":["Philosopher\u0027s Stone","Tiny House"],"picked":"SacredBark"},{"not_picked":["Sozu","Fusion Hammer"],"picked":"Empty Cage"}],"items_purged_floors":[13,20,37,53],"is_endless":false,"potions_floor_spawned":[1,5,7,12,23,24,25,28,30,31,33,35,38,39,40,42,45,47,48],"killed_by":"Shield and Spear","ascension_level":9}}