{"host":"6r4na9dgjsffx65e","time":1609769006,"event":{"mods":["BaseMod","Colored Map","Colored Powertips","Minty Spire (QoL Compilation)","Relic Stats","ojb\u0027s Info Mod"],"gold_per_floor":[109,121,134,134,134,134,9,9,9],"floor_reached":8,"playtime":296,"items_purged":["Injury"],"score":62,"play_id":"bb7ad0a3-99fa-458c-ae99-8975bb2d740c","local_time":"20210104150326","is_ascension_mode":true,"campfire_choices":[{"data":"Dualcast","floor":6,"key":"SMITH"}],"circlet_count":0,"master_deck":["Strike_B","Strike_B","Strike_B","Strike_B","Defend_B","Defend_B","Defend_B","Defend_B","Zap","Dualcast+1","Coolheaded+1","Ball Lightning","Reinforced Body","Cold Snap"],"relics":["Cracked Core","Regal Pillow","Golden Idol"],"acts_visited":["Exordium"],"potions_floor_usage":[],"damage_taken":[{"damage":3,"enemies":"2 Louse","floor":1,"turns":4},{"damage":8,"enemies":"Small Slimes","floor":2,"turns":4},{"damage":4,"enemies":"Cultist","floor":3,"turns":3},{"damage":1,"enemies":"3 Sentries","floor":8,"turns":2}],"seed_played":"-3440224415813515091","potions_obtained":[{"floor":1,"key":"Regen Potion"},{"floor":2,"key":"EssenceOfSteel"}],"is_trial":false,"path_per_floor":["M","M","M","?","?","R","$","E"],"character_chosen":"DEFECT","items_purchased":["Cold Snap"],"campfire_rested":0,"item_purchase_floors":[7],"current_hp_per_floor":[65,57,53,53,53,53,53,52,52],"gold":9,"neow_bonus":"RANDOM_COMMON_RELIC","is_daily":false,"chose_seed":false,"campfire_upgraded":1,"win_rate":0.0,"timestamp":1609769006,"path_taken":["M","M","M","?","?","R","$","E"],"items_purchased_type":["Card"],"build_version":"2020-12-22","purchased_purges":1,"victory":false,"max_hp_per_floor":[75,75,75,75,75,75,75,75,75],"relic_stats":{"Regal Pillow":0,"counters":[4,13],"Golden Idol":0,"obtain_stats":[{"Regal Pillow":0,"Golden Idol":4,"Cracked Core":0},{"Regal Pillow":0,"Golden Idol":3,"Cracked Core":0},{"Regal Pillow":0,"Golden Idol":11,"Cracked Core":0}]},"card_choices":[{"not_picked":["Skim","Steam"],"picked":"Coolheaded","floor":1},{"not_picked":["FTL","Conserve Battery"],"picked":"Ball Lightning","floor":2},{"not_picked":["Ball Lightning","Hello World"],"picked":"Reinforced Body","floor":3}],"player_experience":506618,"relics_obtained":[],"event_choices":[{"damage_healed":0,"gold_gain":0,"player_choice":"Take Wound","damage_taken":0,"relics_obtained":["Golden Idol"],"max_hp_gain":0,"max_hp_loss":0,"event_name":"Golden Idol","floor":4,"gold_loss":0,"cards_obtained":["Injury"]},{"damage_healed":0,"gold_gain":0,"player_choice":"Upgraded","damage_taken":0,"max_hp_gain":0,"max_hp_loss":0,"event_name":"Upgrade Shrine","floor":5,"gold_loss":0,"cards_upgraded":["Coolheaded"]}],"is_beta":false,"boss_relics":[],"items_purged_floors":[7],"is_endless":false,"potions_floor_spawned":[1,2],"killed_by":"3 Sentries","ascension_level":7}}