{"host":"a3oe3gstxz77c7qu","time":1609768088,"event":{"mods":["2.2 Compatiblity","Act Like it!","BaseMod","Bestiary","Better Altar","Better Match","Better Note","Better Skull","Better Third Choice","Block Reminder","Curses Come First","Custom Start","Friendly Minions","GifTheSpireLib","Infinite Spire","Lobotomy","LobotomyExtend","Minty Spire (QoL Compilation)","Permanent Neow","Puzzle Mod","Quick Restart","Relic Stats","Replay The Spire","StSLib","Uncapped","Wandering Minibosses"],"gold_per_floor":[118,129,129,216,232,232,250,250,250,250,250],"floor_reached":10,"playtime":445,"items_purged":[],"score":78,"play_id":"42ef1250-5104-4247-b640-cf3767a11042","local_time":"20210104134808","is_ascension_mode":true,"campfire_choices":[],"circlet_count":0,"master_deck":["SpecialBullet","SpecialBullet","SpecialBullet","SpecialBullet","SpecialBullet","SpecialBullet","SpecialBullet","InformationCode","CentralCode","ExtractionCode","GalaxyChild","ScreamingWedge+1","ScreamingWedge","DreamingCurrent"],"relics":["CogitoBucket","RabbitCall","LetterFromLob","infinitespire:WardingShard"],"acts_visited":["Exordium"],"potions_floor_usage":[10,10],"damage_taken":[{"damage":12,"enemies":"Jaw Worm","floor":1,"turns":4},{"damage":0,"enemies":"Cultist","floor":2,"turns":3},{"damage":6,"enemies":"Small Slimes","floor":4,"turns":7},{"damage":13,"enemies":"Red Slaver","floor":5,"turns":4},{"damage":12,"enemies":"Exordium Thugs","floor":7,"turns":9},{"damage":79,"enemies":"Gremlin Nob","floor":10,"turns":5}],"seed_played":"2318336126035175671","potions_obtained":[{"floor":0,"key":"FearPotion"},{"floor":0,"key":"infinitespire:BlackPotion"},{"floor":0,"key":"Fruit Juice"}],"is_trial":false,"path_per_floor":["M","M","?","M","M","R","M","?","T","E"],"character_chosen":"Angela","items_purchased":[],"campfire_rested":0,"item_purchase_floors":[],"current_hp_per_floor":[51,51,51,45,32,32,20,20,20,0,0],"gold":250,"neow_bonus":"THREE_SMALL_POTIONS","is_daily":false,"chose_seed":false,"campfire_upgraded":0,"win_rate":0.0,"timestamp":1609768088,"path_taken":["M","M","?","M","M","R","?","?","T","E"],"items_purchased_type":[],"build_version":"2020-12-22","purchased_purges":0,"victory":false,"max_hp_per_floor":[70,70,70,70,70,70,70,70,70,70,70],"relic_stats":{"counters":[6,32],"obtain_stats":[{"RabbitCall":0,"CogitoBucket":0,"infinitespire:WardingShard":9,"LetterFromLob":1},{"RabbitCall":0,"CogitoBucket":0,"infinitespire:WardingShard":5,"LetterFromLob":1},{"RabbitCall":0,"CogitoBucket":0,"infinitespire:WardingShard":27,"LetterFromLob":4}]},"card_choices":[{"not_picked":["Galaxy","SomewhereSpear"],"picked":"SKIP","floor":1},{"not_picked":["Diffraction","Logging"],"picked":"SKIP","floor":1},{"not_picked":["Bloodbath","HeroicMonk"],"picked":"GalaxyChild","floor":2},{"not_picked":["CUTE","Discord"],"picked":"SKIP","floor":2},{"not_picked":["RedEyes","Christmas"],"picked":"SKIP","floor":2},{"not_picked":["SolemnVow"],"picked":"ScreamingWedge","floor":4},{"not_picked":["BearPaw","Horn"],"picked":"SKIP","floor":4},{"not_picked":["Twilight"],"picked":"ScreamingWedge","floor":5},{"not_picked":["Reverberation","Harvest"],"picked":"SKIP","floor":5},{"not_picked":["ShyLook","MHz","CrumblingArmor"],"picked":"Singing Bowl","floor":7},{"not_picked":["QueenOfHatred","Laetitia"],"picked":"DreamingCurrent","floor":7},{"not_picked":["Beak","Wingbeat","Regret_ego"],"picked":"SKIP","floor":7},{"not_picked":["Logging","GrinderMk4","FourthMatchFlame"],"picked":"SKIP","floor":7}],"player_experience":705516,"relics_obtained":[{"floor":1,"key":"LetterFromLob"},{"floor":9,"key":"infinitespire:WardingShard"}],"event_choices":[{"cards_removed":["SpecialBullet"],"damage_healed":0,"gold_gain":0,"player_choice":"Offered Basic","damage_taken":0,"max_hp_gain":0,"max_hp_loss":0,"event_name":"Bonfire Elementals","floor":3,"gold_loss":0}],"is_beta":false,"boss_relics":[],"items_purged_floors":[],"is_endless":false,"potions_floor_spawned":[],"killed_by":"Gremlin Nob","ascension_level":6}}