{"host":"w9yruvs4bqht6bhw","time":1609727455,"event":{"mods":["BaseMod","Colored Powertips","Minty Spire (QoL Compilation)"],"gold_per_floor":[10,26,36,36,36,36,48,83,83,83,116,66,66,77,77,172,172,190,39,51,151,22,22,42,42,68,68,102,102,1,100,100,204,204,219,129,28,44,44,76,94,144,144,71,71,83,100,112,112,112],"floor_reached":51,"playtime":1770,"items_purged":["Strike_R","Perfected Strike","Strike_R","Strike_R"],"score":1033,"play_id":"86c8b3fc-23b4-41c3-a2a0-3475422dc93a","local_time":"20210103213055","is_ascension_mode":true,"campfire_choices":[{"data":"Anger","floor":6,"key":"SMITH"},{"data":"Rage","floor":10,"key":"SMITH"},{"data":"Flex","floor":13,"key":"SMITH"},{"data":"Uppercut","floor":15,"key":"SMITH"},{"data":"Clash","floor":23,"key":"SMITH"},{"data":"Clash","floor":25,"key":"SMITH"},{"data":"Spot Weakness","floor":27,"key":"SMITH"},{"data":"Bash","floor":29,"key":"SMITH"},{"floor":32,"key":"REST"},{"data":"Good Instincts","floor":45,"key":"SMITH"},{"floor":49,"key":"REST"}],"circlet_count":0,"master_deck":["Strike_R+1","Defend_R","Defend_R","Defend_R","Defend_R","Bash+1","Anger+1","Rage+1","Thunderclap","Battle Trance","Clash+1","Clash+1","Flex+1","Spot Weakness+1","Uppercut+1","Reaper","Anger+1","Good Instincts+1","Limit Break"],"relics":["Burning Blood","Prayer Wheel","Smiling Mask","Red Skull","Shuriken","Black Star","HandDrill","Pen Nib","Darkstone Periapt","Blood Vial","SlaversCollar","Unceasing Top","Ice Cream","Charon\u0027s Ashes","Molten Egg 2","Eternal Feather"],"acts_visited":["Exordium","TheCity","TheBeyond"],"potions_floor_usage":[7,8,8,16,24,28,33,33,41,41,50,50,50],"damage_taken":[{"damage":8,"enemies":"Jaw Worm","floor":1,"turns":5},{"damage":0,"enemies":"Cultist","floor":2,"turns":4},{"damage":3,"enemies":"Small Slimes","floor":3,"turns":4},{"damage":19,"enemies":"Exordium Thugs","floor":7,"turns":5},{"damage":0,"enemies":"3 Sentries","floor":8,"turns":4},{"damage":10,"enemies":"Gremlin Nob","floor":11,"turns":3},{"damage":0,"enemies":"Large Slime","floor":14,"turns":4},{"damage":0,"enemies":"Slime Boss","floor":16,"turns":4},{"damage":24,"enemies":"Shell Parasite","floor":18,"turns":5},{"damage":3,"enemies":"Chosen","floor":20,"turns":4},{"damage":12,"enemies":"Centurion and Healer","floor":24,"turns":3},{"damage":42,"enemies":"Book of Stabbing","floor":28,"turns":5},{"damage":46,"enemies":"Champ","floor":33,"turns":8},{"damage":52,"enemies":"3 Darklings","floor":35,"turns":4},{"damage":24,"enemies":"Orb Walker","floor":38,"turns":4},{"damage":12,"enemies":"Giant Head","floor":40,"turns":5},{"damage":30,"enemies":"3 Darklings","floor":41,"turns":6},{"damage":16,"enemies":"Mind Bloom Boss Battle","floor":42,"turns":7},{"damage":8,"enemies":"Spire Growth","floor":46,"turns":4},{"damage":38,"enemies":"Maw","floor":47,"turns":6},{"damage":34,"enemies":"Jaw Worm Horde","floor":48,"turns":3},{"damage":36,"enemies":"Time Eater","floor":50,"turns":6}],"seed_played":"-4404479284979917928","potions_obtained":[{"floor":1,"key":"Weak Potion"},{"floor":2,"key":"AttackPotion"},{"floor":7,"key":"DistilledChaos"},{"floor":14,"key":"LiquidMemories"},{"floor":16,"key":"ElixirPotion"},{"floor":28,"key":"Block Potion"},{"floor":33,"key":"CultistPotion"},{"floor":40,"key":"Fire Potion"},{"floor":42,"key":"Strength Potion"},{"floor":48,"key":"BlessingOfTheForge"}],"is_trial":false,"path_per_floor":["M","M","M","$","?","R","M","E","T","R","E","$","R","M","R","B",null,"M","$","M","?","$","R","M","R","T","R","E","R","$","?","R","B",null,"M","?","$","M","?","E","M","?","T","?","R","M","M","M","R","B",null],"character_chosen":"IRONCLAD","items_purchased":["HandDrill","DistilledChaos","Block Potion","Strength Potion"],"campfire_rested":2,"item_purchase_floors":[19,22,30,37],"current_hp_per_floor":[70,76,79,79,79,79,66,72,72,72,68,68,68,74,74,80,80,62,62,77,77,77,77,71,71,71,71,35,35,35,35,59,21,65,34,34,34,29,29,60,56,57,57,57,66,66,63,37,70,74],"gold":112,"neow_bonus":"ONE_RARE_RELIC","is_daily":false,"chose_seed":false,"campfire_upgraded":9,"win_rate":0.0,"timestamp":1609727455,"path_taken":["M","M","M","$","?","R","M","E","T","R","E","?","R","M","R","BOSS","M","$","M","?","$","R","M","R","T","R","E","R","?","?","R","BOSS","M","?","$","?","?","E","M","?","T","?","R","M","?","M","R","BOSS"],"items_purchased_type":["Relic","Potion","Potion","Potion"],"build_version":"2020-12-22","purchased_purges":4,"victory":true,"max_hp_per_floor":[80,80,80,80,80,80,80,80,80,80,80,80,80,80,80,80,80,80,80,80,80,80,80,80,80,80,80,80,80,80,80,80,80,80,80,80,80,80,80,80,80,80,80,80,80,80,80,80,80,80],"card_choices":[{"not_picked":["Seeing Red","Blood for Blood"],"picked":"Anger","floor":1},{"not_picked":["Wild Strike","Anger"],"picked":"Rage","floor":1},{"not_picked":["Pommel Strike","Burning Pact"],"picked":"Thunderclap","floor":2},{"not_picked":["Sword Boomerang","Heavy Blade"],"picked":"Battle Trance","floor":2},{"not_picked":["Demon Form","Cleave"],"picked":"Perfected Strike","floor":3},{"not_picked":["Combust","Havoc"],"picked":"Clash","floor":3},{"not_picked":["Carnage","Body Slam"],"picked":"Clash","floor":7},{"not_picked":["Carnage","Perfected Strike","Pommel Strike"],"picked":"SKIP","floor":7},{"not_picked":["Seeing Red","Rupture","Bloodletting"],"picked":"SKIP","floor":8},{"not_picked":["Evolve","Battle Trance"],"picked":"Flex","floor":11},{"not_picked":["Twin Strike","Carnage"],"picked":"Spot Weakness","floor":14},{"not_picked":["Searing Blow","Feed"],"picked":"Uppercut","floor":14},{"not_picked":["Demon Form","Offering"],"picked":"Reaper","floor":16},{"not_picked":["Hemokinesis+1","Shockwave","Sword Boomerang"],"picked":"SKIP","floor":18},{"not_picked":["Havoc","True Grit","Whirlwind+1"],"picked":"SKIP","floor":18},{"not_picked":["Armaments","Wild Strike+1","Havoc"],"picked":"SKIP","floor":20},{"not_picked":["Body Slam","Perfected Strike","Uppercut+1"],"picked":"SKIP","floor":20},{"not_picked":["Headbutt","Bloodletting","Evolve+1"],"picked":"SKIP","floor":24},{"not_picked":["Impervious","Shockwave","Anger"],"picked":"SKIP","floor":24},{"not_picked":["Hemokinesis","Demon Form","Wild Strike"],"picked":"SKIP","floor":28},{"not_picked":["Thunderclap","Clash","Pommel Strike+1"],"picked":"SKIP","floor":35},{"not_picked":["Power Through","Thunderclap","Cleave"],"picked":"SKIP","floor":35},{"not_picked":["Clothesline+1","Heavy Blade"],"picked":"Anger+1","floor":38},{"not_picked":["Anger","Second Wind","Seeing Red+1"],"picked":"SKIP","floor":38},{"not_picked":["Metamorphosis","HandOfGreed"],"picked":"Good Instincts","floor":39},{"not_picked":["Pommel Strike","Perfected Strike","Warcry+1"],"picked":"SKIP","floor":40},{"not_picked":["Second Wind+1","Iron Wave","Fire Breathing+1"],"picked":"SKIP","floor":41},{"not_picked":["Anger+1","Thunderclap","Clothesline+1"],"picked":"SKIP","floor":41},{"not_picked":["Clothesline+1","Reckless Charge+1","Anger+1"],"picked":"SKIP","floor":46},{"not_picked":["Ghostly Armor","Wild Strike+1","Sword Boomerang+1"],"picked":"SKIP","floor":46},{"not_picked":["Armaments+1","Shockwave+1"],"picked":"Limit Break","floor":47},{"not_picked":["Pommel Strike+1","Anger+1","Shrug It Off+1"],"picked":"SKIP","floor":47},{"not_picked":["Headbutt+1","Wild Strike+1","Havoc"],"picked":"SKIP","floor":48},{"not_picked":["Clothesline+1","Thunderclap+1","True Grit+1"],"picked":"SKIP","floor":48}],"player_experience":315403,"relics_obtained":[{"floor":8,"key":"Smiling Mask"},{"floor":9,"key":"Red Skull"},{"floor":11,"key":"Shuriken"},{"floor":26,"key":"Pen Nib"},{"floor":28,"key":"Darkstone Periapt"},{"floor":28,"key":"Blood Vial"},{"floor":40,"key":"Unceasing Top"},{"floor":40,"key":"Ice Cream"},{"floor":42,"key":"Charon\u0027s Ashes"},{"floor":43,"key":"Molten Egg 2"}],"event_choices":[{"damage_healed":0,"gold_gain":0,"player_choice":"0 cards matched","damage_taken":0,"max_hp_gain":0,"max_hp_loss":0,"event_name":"Match and Keep!","floor":5,"gold_loss":0,"cards_obtained":[]},{"damage_healed":0,"gold_gain":100,"player_choice":"Pray","damage_taken":0,"max_hp_gain":0,"max_hp_loss":0,"event_name":"Golden Shrine","floor":21,"gold_loss":0},{"damage_healed":0,"gold_gain":99,"player_choice":"Stole From Cult","damage_taken":0,"max_hp_gain":0,"max_hp_loss":0,"event_name":"Nest","floor":31,"gold_loss":0},{"cards_removed":["Strike_R"],"damage_healed":0,"gold_gain":0,"player_choice":"Upgrade and Remove","damage_taken":0,"max_hp_gain":0,"max_hp_loss":0,"event_name":"Designer","floor":36,"gold_loss":90,"cards_upgraded":["Strike_R"]},{"damage_healed":0,"gold_gain":0,"player_choice":"Memory 1","damage_taken":0,"max_hp_gain":0,"max_hp_loss":0,"event_name":"SensoryStone","floor":39,"gold_loss":0},{"damage_healed":0,"gold_gain":0,"player_choice":"Fight","damage_taken":0,"max_hp_gain":0,"max_hp_loss":0,"event_name":"MindBloom","floor":42,"gold_loss":0},{"damage_healed":0,"gold_gain":0,"player_choice":"Paid Gold","damage_taken":0,"relics_obtained":["Eternal Feather"],"max_hp_gain":0,"max_hp_loss":0,"event_name":"WeMeetAgain","floor":44,"gold_loss":73}],"is_beta":false,"boss_relics":[{"not_picked":["Sozu","Astrolabe"],"picked":"Black Star"},{"not_picked":["Philosopher\u0027s Stone","Runic Cube"],"picked":"SlaversCollar"}],"items_purged_floors":[12,22,30,37],"is_endless":false,"potions_floor_spawned":[1,2,7,14,16,28,33,40,42,48],"ascension_level":7}}