{"host":"5wznv0010959mrmz","time":1609731849,"event":{"mods":["BaseMod","Highlight Path","Minty Spire (QoL Compilation)"],"gold_per_floor":[365,375,375,131,150,181,200,219,294,294,294,294,308,79,79,79,79],"floor_reached":16,"playtime":530,"items_purged":[],"score":204,"play_id":"a8833d87-e9c7-46ac-a16d-8f4ed928b56d","local_time":"20210103214409","is_ascension_mode":true,"campfire_choices":[{"data":"Dash","floor":10,"key":"SMITH"},{"data":"Leg Sweep","floor":12,"key":"SMITH"},{"data":"Underhanded Strike","floor":15,"key":"SMITH"}],"circlet_count":0,"master_deck":["AscendersBane","Strike_G","Strike_G","Strike_G","Strike_G","Strike_G","Defend_G","Defend_G","Defend_G","Defend_G","Defend_G","Survivor","Neutralize","Dagger Spray","Underhanded Strike+1","Dash+1","Leg Sweep+1","Underhanded Strike+1","Dagger Throw+1","Underhanded Strike+1"],"relics":["Ring of the Snake","NlothsMask","Akabeko","Molten Egg 2","Dead Branch","DollysMirror"],"acts_visited":["Exordium"],"potions_floor_usage":[6,7,16,16],"damage_taken":[{"damage":4,"enemies":"Jaw Worm","floor":1,"turns":7},{"damage":1,"enemies":"Cultist","floor":2,"turns":3},{"damage":0,"enemies":"2 Louse","floor":5,"turns":2},{"damage":22,"enemies":"3 Sentries","floor":6,"turns":9},{"damage":0,"enemies":"Gremlin Gang","floor":7,"turns":5},{"damage":8,"enemies":"Blue Slaver","floor":8,"turns":4},{"damage":0,"enemies":"2 Fungi Beasts","floor":13,"turns":3},{"damage":25,"enemies":"Hexaghost","floor":16,"turns":9}],"seed_played":"-8132085445995812338","potions_obtained":[{"floor":5,"key":"SkillPotion"},{"floor":6,"key":"GamblersBrew"},{"floor":7,"key":"Dexterity Potion"}],"is_trial":false,"path_per_floor":["M","M","?","$","M","E","M","M","T","R","?","R","M","$","R","B"],"character_chosen":"THE_SILENT","items_purchased":["Akabeko","Dash","DollysMirror","Strength Potion"],"campfire_rested":0,"item_purchase_floors":[4,4,14,14],"current_hp_per_floor":[55,54,54,54,54,32,32,24,24,24,24,24,24,24,24,0,0],"gold":79,"neow_bonus":"TWO_FIFTY_GOLD","is_daily":false,"chose_seed":false,"campfire_upgraded":3,"win_rate":0.0,"timestamp":1609731849,"path_taken":["M","M","?","$","M","E","M","?","T","R","?","R","?","$","R","BOSS"],"items_purchased_type":["Relic","Card","Relic","Potion"],"build_version":"2020-12-22","purchased_purges":0,"victory":false,"max_hp_per_floor":[60,60,60,60,60,60,60,60,60,60,60,60,60,60,60,60,60],"card_choices":[{"not_picked":["Flying Knee","Bane"],"picked":"Dagger Spray","floor":1},{"not_picked":["Concentrate","Masterful Stab"],"picked":"Underhanded Strike","floor":2},{"not_picked":["Heel Hook","Catalyst"],"picked":"Leg Sweep","floor":5},{"not_picked":["Acrobatics","Flying Knee+1"],"picked":"Blade Dance","floor":6},{"not_picked":["Flying Knee+1","Backflip","Cloak And Dagger"],"picked":"SKIP","floor":7},{"not_picked":["Flying Knee+1","Cloak And Dagger"],"picked":"Underhanded Strike+1","floor":8},{"not_picked":["Leg Sweep","Distraction"],"picked":"Dagger Throw+1","floor":13}],"player_experience":395918,"relics_obtained":[{"floor":6,"key":"Molten Egg 2"}],"event_choices":[{"damage_healed":0,"gold_gain":0,"player_choice":"Trade","damage_taken":0,"relics_obtained":["NlothsMask"],"max_hp_gain":0,"max_hp_loss":0,"event_name":"FaceTrader","floor":3,"gold_loss":0},{"cards_removed":["Blade Dance"],"damage_healed":0,"gold_gain":0,"player_choice":"Gave Card","damage_taken":0,"relics_obtained":["Dead Branch"],"max_hp_gain":0,"max_hp_loss":0,"event_name":"WeMeetAgain","floor":11,"gold_loss":0}],"is_beta":false,"boss_relics":[],"items_purged_floors":[],"is_endless":false,"potions_floor_spawned":[5,6,7],"killed_by":"Hexaghost","ascension_level":20}}