{"host":"xtgfl0e7r8rfgbei","time":1609727660,"event":{"mods":["Arknights The Spire","BaseMod","Colored Map","Colored Powertips","Downfall","Infinite Spire","Marisa£®ÏF”Í°°ƒß¿Ì…≥£©","Minty Spire (QoL Compilation)","READ ME - Guardian Mod","Rare Cards Sparkle","Replay The Spire","StSLib","The Bug Knight","The Cursed","The Servant 0.9.4","≤–¡Ù÷ÆŒÔ"],"gold_per_floor":[109,109,202,40,40,40,81,94,119,69,69,8,8,24,24,145,145,170,185,185,185,185,185,200,219,219,34,50,68,68,68,68,192,192,229,229,263,596,596,556,556,556],"floor_reached":41,"playtime":7249,"items_purged":["infinitespire:Pacifist"],"score":717,"play_id":"bf73c6a5-e30d-40a9-b978-6a0458b07863","local_time":"20210104103420","is_ascension_mode":false,"campfire_choices":[{"data":"TheCursedMod:VoidForm","floor":6,"key":"SMITH"},{"data":"Mind Blast","floor":11,"key":"SMITH"},{"data":"TheCursedMod:AbyssShockwave","floor":13,"key":"SMITH"},{"data":"TheCursedMod:SpitefulStrike","floor":15,"key":"SMITH"},{"data":"TheCursedMod:Hemoplague","floor":23,"key":"SMITH"},{"data":"TheCursedMod:HellsGateOpen","floor":30,"key":"SMITH"},{"floor":32,"key":"REST"}],"circlet_count":0,"master_deck":["TheCursedMod:CursedWand","TheCursedMod:CleanUpWorkshop","TheCursedMod:Dregs","TheCursedMod:SpitefulStrike+1","Injury","ReplayTheSpireMod:Splinters","TheCursedMod:TroublousMinions","TheCursedMod:AbyssShockwave+1","Mind Blast+1","TheCursedMod:VoidForm+1","TheCursedMod:SaltUponWound+1","TheCursedMod:SurpriseAttack","TheCursedMod:Stigma","TheCursedMod:CircleOfBlood+1","TheCursedMod:SoulCrush","TheCursedMod:SurpriseAttack","TheCursedMod:Hemoplague+1","Hallucinations","infinitespire:Starlight","TheCursedMod:CircleOfFlame","TheCursedMod:HellsGateOpen+1","expansioncontent:BronzeBeam","TheCursedMod:SmokeScreen","TheCursedMod:CursedShiv","TheCursedMod:Grudge","TheCursedMod:OutForBlood","TheCursedMod:CursedRelics","TheCursedMod:CursedArmor","TheCursedMod:HellsGateOpen","TheCursedMod:SpreadPlague","TheCursedMod:DemonSword","TheCursedMod:CircleOfBlood","TheCursedMod:SpreadPlague","TheCursedMod:CircleOfWindfury","TheCursedMod:AbyssShockwave+1","infinitespire:DeathsTouch","TheCursedMod:RavingStaff+1","TheCursedMod:CursedBlade+1","Parasite"],"relics":["TheCursedMod:BlackMagic101","Toy Ornithopter","infinitespire:ShieldingShard","Replay:Baseball","Painkiller Herb","TheAbacus","infinitespire:Bottled Soul","infinitespire:EvilPickle","Pandora\u0027s Box","infinitespire:PuzzleCube"],"acts_visited":["Exordium","TheCity","TheBeyond"],"potions_floor_usage":[16,16,19,33,33,33,40],"damage_taken":[{"damage":1,"enemies":"Cultist","floor":1,"turns":4},{"damage":23,"enemies":"Lagavulin","floor":7,"turns":5},{"damage":0,"enemies":"Jaw Worm","floor":8,"turns":2},{"damage":4,"enemies":"Small Slimes","floor":14,"turns":3},{"damage":41,"enemies":"The Guardian","floor":16,"turns":7},{"damage":10,"enemies":"Chosen","floor":18,"turns":5},{"damage":33,"enemies":"3 Byrds","floor":19,"turns":4},{"damage":13,"enemies":"Snake Plant","floor":24,"turns":4},{"damage":19,"enemies":"Shelled Parasite and Fungi","floor":25,"turns":3},{"damage":25,"enemies":"Chosen and Byrds","floor":28,"turns":5},{"damage":8,"enemies":"3 Cultists","floor":29,"turns":3},{"damage":18,"enemies":"Pondfish","floor":33,"turns":10},{"damage":23,"enemies":"3 Darklings","floor":35,"turns":5},{"damage":0,"enemies":"3 Shapes","floor":37,"turns":4},{"damage":70,"enemies":"Nightmare","floor":40,"turns":6},{"damage":46,"enemies":"Writhing Mass","floor":41,"turns":3}],"seed_played":"7043439784607403473","potions_obtained":[{"floor":1,"key":"AttackPotion"},{"floor":7,"key":"SteroidPotion"},{"floor":18,"key":"Swift Potion"},{"floor":25,"key":"PlaceholderMod:PlaceholderPotion"},{"floor":28,"key":"Dexterity Potion"},{"floor":29,"key":"Explosive Potion"},{"floor":35,"key":"PlaceholderMod:PlaceholderPotion"},{"floor":40,"key":"Swift Potion"}],"is_trial":false,"path_per_floor":["M","?","?","$","?","R","E","M","T","?","R","$","R","M","R","B",null,"?","?","?","?","AVR","T","?","?","T","T","?","?","T","?","T","B",null,"?","AVR","?","?","?","NM","?"],"character_chosen":"THE_CURSED","items_purchased":["Mind Blast","TheCursedMod:VoidForm","TheCursedMod:CircleOfBlood+1","expansioncontent:BronzeBeam","TheCursedMod:SmokeScreen","TheCursedMod:CursedShiv"],"campfire_rested":1,"item_purchase_floors":[4,4,12,27,27,27],"current_hp_per_floor":[88,88,88,88,88,88,65,65,65,65,65,65,65,65,65,46,89,79,56,56,56,56,56,43,46,46,46,31,23,23,23,49,60,89,80,80,89,89,89,35,0,0],"gold":556,"neow_bonus":"TWENTY_PERCENT_HP_BONUS","is_daily":false,"chose_seed":false,"campfire_upgraded":6,"win_rate":0.0,"timestamp":1609727660,"path_taken":["M","?","?","$","?","R","E","M","T","?","R","?","R","M","R","BOSS","?","?","?","?","AVR","T","?","?","T","T","?","?","T","?","T","BOSS","?","AVR","?","?","?","NM","?"],"items_purchased_type":["Card","Card","Card","Card","Card","Card"],"build_version":"2020-12-22","purchased_purges":1,"victory":false,"max_hp_per_floor":[89,89,89,89,89,89,89,89,89,89,89,89,89,89,89,89,89,89,89,89,89,89,89,89,89,89,89,89,89,89,89,89,89,89,89,89,89,89,89,89,89,89],"card_choices":[{"not_picked":["TheCursedMod:RavingStaff","TheCursedMod:CircleOfCorruption"],"picked":"TheCursedMod:SpitefulStrike","floor":1},{"not_picked":["TheCursedMod:SpitefulStrike","TheCursedMod:CircleOfFlame"],"picked":"TheCursedMod:TroublousMinions","floor":3},{"not_picked":["TheCursedMod:SpreadPlague","TheCursedMod:SpitefulStrike"],"picked":"TheCursedMod:AbyssShockwave","floor":3},{"not_picked":["TheCursedMod:SpitefulStrike","TheCursedMod:Stigma"],"picked":"TheCursedMod:SurpriseAttack","floor":7},{"not_picked":["TheCursedMod:VitalStrike","TheCursedMod:CursedAmulet"],"picked":"TheCursedMod:Stigma","floor":8},{"not_picked":["TheCursedMod:CircleOfCorruption","TheCursedMod:UltimatePain"],"picked":"TheCursedMod:SoulCrush","floor":14},{"not_picked":["TheCursedMod:VoidForm","TheCursedMod:ForbiddenAlchemy"],"picked":"TheCursedMod:DemonicPact","floor":16},{"not_picked":["TheCursedMod:CursedAmulet","TheCursedMod:VitalStrike"],"picked":"TheCursedMod:SurpriseAttack","floor":18},{"not_picked":["TheCursedMod:PrepareRite","TheCursedMod:Torture"],"picked":"TheCursedMod:Hemoplague","floor":19},{"not_picked":["infinitespire:TheBestDefense","infinitespire:SealOfDarkness+"],"picked":"infinitespire:Starlight","floor":20},{"not_picked":["TheCursedMod:SoulCrush","TheCursedMod:SoulReap"],"picked":"TheCursedMod:CircleOfFlame","floor":24},{"not_picked":["TheCursedMod:CursedBlade+1","TheCursedMod:LuckyCharm"],"picked":"TheCursedMod:HellsGateOpen","floor":25},{"not_picked":["TheCursedMod:Stretching","TheCursedMod:VitalStrike"],"picked":"TheCursedMod:Grudge","floor":28},{"not_picked":["TheCursedMod:VitalStrike","TheCursedMod:TacticalStrike+1"],"picked":"TheCursedMod:OutForBlood","floor":29},{"not_picked":["TheCursedMod:Neurasthenia","TheCursedMod:OutForBlood"],"picked":"TheCursedMod:CursedRelics","floor":33},{"not_picked":["TheCursedMod:SurpriseAttack","TheCursedMod:DoubleShield"],"picked":"TheCursedMod:AbyssShockwave+1","floor":35},{"not_picked":["TheCursedMod:StingEye","TheCursedMod:DoubleShield"],"picked":"TheCursedMod:RavingStaff+1","floor":37},{"not_picked":["TheCursedMod:BlessingInDisguise+1","TheCursedMod:PrepareRite"],"picked":"TheCursedMod:CursedBlade+1","floor":40}],"player_experience":314761,"relics_obtained":[{"floor":3,"key":"Toy Ornithopter"},{"floor":7,"key":"infinitespire:ShieldingShard"},{"floor":9,"key":"Replay:Baseball"},{"floor":26,"key":"infinitespire:Bottled Soul"},{"floor":40,"key":"infinitespire:PuzzleCube"}],"event_choices":[{"damage_healed":0,"gold_gain":0,"player_choice":"Take Wound","damage_taken":0,"relics_obtained":["Golden Idol"],"max_hp_gain":0,"max_hp_loss":0,"event_name":"Golden Idol","floor":2,"gold_loss":0,"cards_obtained":["Injury"]},{"cards_removed":["TheCursedMod:Strike_TheCursed"],"damage_healed":0,"gold_gain":0,"player_choice":"Card Removal","damage_taken":0,"max_hp_gain":0,"max_hp_loss":0,"event_name":"The Cleric","floor":10,"gold_loss":50},{"damage_healed":0,"gold_gain":0,"player_choice":"Ignored","damage_taken":0,"max_hp_gain":0,"max_hp_loss":0,"event_name":"Ghosts","floor":21,"gold_loss":0},{"cards_removed":["PlaceholderMod:PoisonWhip"],"damage_healed":0,"gold_gain":0,"player_choice":"Offered Basic","damage_taken":0,"max_hp_gain":0,"max_hp_loss":0,"event_name":"Bonfire Elementals","floor":31,"gold_loss":0},{"damage_healed":0,"gold_gain":333,"player_choice":"Gave Idol","damage_taken":0,"max_hp_gain":0,"max_hp_loss":0,"event_name":"The Moai Head","floor":38,"relics_lost":["Golden Idol"],"gold_loss":0},{"cards_removed":["TheCursedMod:DemonicPact"],"damage_healed":0,"gold_gain":0,"player_choice":"Removed Power","damage_taken":0,"max_hp_gain":0,"max_hp_loss":0,"event_name":"Falling","floor":39,"gold_loss":0}],"is_beta":false,"boss_relics":[{"not_picked":["Velvet Choker","Philosopher\u0027s Stone"],"picked":"Painkiller Herb"},{"not_picked":["Ring of Chaos","ReplayTheSpireMod:DimensionalGlitch"],"picked":"Pandora\u0027s Box"}],"items_purged_floors":[22],"is_endless":true,"potions_floor_spawned":[1,7,18,25,28,29,35,40],"killed_by":"Writhing Mass","ascension_level":0}}