{"host":"rl55h36hts1vjtzv","time":1609782978,"event":{"mods":["BaseMod","Colored Powertips","Minty Spire (QoL Compilation)","Relic Stats"],"gold_per_floor":[114,128,138,157,172,172,201,211,211,225,253,253,264,294,294,395,395,406,406,406,406,423,451,451,478,528,539,539,584,606,634,646,760,772,804,827,839,26,26,53,64,90,117,145,95,95,125,144,144,144],"floor_reached":51,"playtime":7726,"items_purged":["Whirlwind","Strike_R+1"],"score":929,"play_id":"dc8a8b3e-baf8-4505-b9df-0902d5fb8f00","local_time":"20210105015618","is_ascension_mode":true,"campfire_choices":[{"floor":12.0,"key":"REST"},{"data":"Bloodletting","floor":15.0,"key":"SMITH"},{"floor":24.0,"key":"REST"},{"floor":32.0,"key":"REST"},{"floor":46,"key":"REST"},{"data":"Juggernaut","floor":49,"key":"SMITH"}],"circlet_count":0,"master_deck":["Strike_R+1","Strike_R+1","Strike_R+1","Defend_R+1","Defend_R+1","Defend_R+1","Bash","Shrug It Off","Pommel Strike","Bloodletting+1","Twin Strike","Shrug It Off","Blind","Impervious","Hemokinesis","Rampage","Pommel Strike","Metallicize","Juggernaut+1","Cleave","Shrug It Off+1","Body Slam+1","Combust","Demon Form","CurseOfTheBell","Anger+1","Panache","Pommel Strike+1","Cleave+1","Warcry+1"],"relics":["Burning Blood","Self Forming Clay","Shovel","Lantern","Ginger","Black Star","MutagenicStrength","Ornamental Fan","InkBottle","CaptainsWheel","Pear","Bag of Marbles","MawBank","Letter Opener","Shuriken","Calling Bell","Bronze Scales","Sundial","Pocketwatch","TungstenRod","Unceasing Top","Juzu Bracelet","Oddly Smooth Stone","Boot","Molten Egg 2","Regal Pillow","Vajra","Smiling Mask","Centennial Puzzle","MealTicket"],"acts_visited":["Exordium","TheCity","TheBeyond"],"potions_floor_usage":[50],"damage_taken":[{"damage":0.0,"enemies":"Small Slimes","floor":1.0,"turns":4.0},{"damage":0.0,"enemies":"Cultist","floor":2.0,"turns":3.0},{"damage":3.0,"enemies":"Jaw Worm","floor":3.0,"turns":4.0},{"damage":6.0,"enemies":"3 Louse","floor":4.0,"turns":3.0},{"damage":8.0,"enemies":"Blue Slaver","floor":5.0,"turns":4.0},{"damage":32.0,"enemies":"3 Sentries","floor":7.0,"turns":10.0},{"damage":1.0,"enemies":"Exordium Wildlife","floor":8.0,"turns":3.0},{"damage":4.0,"enemies":"Exordium Thugs","floor":10.0,"turns":6.0},{"damage":20.0,"enemies":"Lagavulin","floor":11.0,"turns":7.0},{"damage":6.0,"enemies":"Gremlin Gang","floor":13.0,"turns":5.0},{"damage":20.0,"enemies":"3 Sentries","floor":14.0,"turns":5.0},{"damage":18.0,"enemies":"Hexaghost","floor":16.0,"turns":12.0},{"damage":13.0,"enemies":"Spheric Guardian","floor":18.0,"turns":6.0},{"damage":19.0,"enemies":"Shell Parasite","floor":22.0,"turns":4.0},{"damage":14.0,"enemies":"Slavers","floor":23.0,"turns":7.0},{"damage":9.0,"enemies":"Gremlin Leader","floor":25.0,"turns":7.0},{"damage":14.0,"enemies":"Centurion and Healer","floor":27.0,"turns":4.0},{"damage":6.0,"enemies":"Book of Stabbing","floor":29.0,"turns":5.0},{"damage":5.0,"enemies":"3 Cultists","floor":30.0,"turns":4.0},{"damage":12.0,"enemies":"Cultist and Chosen","floor":31.0,"turns":4.0},{"damage":62.0,"enemies":"Collector","floor":33.0,"turns":8.0},{"damage":8.0,"enemies":"3 Shapes","floor":35.0,"turns":7.0},{"damage":14.0,"enemies":"Orb Walker","floor":36.0,"turns":2.0},{"damage":28.0,"enemies":"Reptomancer","floor":40.0,"turns":6.0},{"damage":26.0,"enemies":"Writhing Mass","floor":41.0,"turns":6.0},{"damage":2.0,"enemies":"Nemesis","floor":42.0,"turns":5.0},{"damage":25,"enemies":"Reptomancer","floor":44,"turns":5},{"damage":10,"enemies":"Nemesis","floor":47,"turns":5},{"damage":0,"enemies":"Spire Growth","floor":48,"turns":4},{"damage":77,"enemies":"Awakened One","floor":50,"turns":12}],"seed_played":"326647738033889660","potions_obtained":[{"floor":3.0,"key":"Fruit Juice"},{"floor":8.0,"key":"EssenceOfSteel"},{"floor":10.0,"key":"SkillPotion"},{"floor":13.0,"key":"AttackPotion"},{"floor":14.0,"key":"BloodPotion"},{"floor":25.0,"key":"ColorlessPotion"},{"floor":27.0,"key":"Swift Potion"},{"floor":30.0,"key":"DuplicationPotion"},{"floor":33.0,"key":"BloodPotion"},{"floor":39.0,"key":"FairyPotion"}],"is_trial":false,"path_per_floor":["M","M","M","M","M","?","E","M","T","M","E","R","M","E","R","B",null,"M","?","?","?","M","E","R","E","T","M","T","E","M","M","R","B",null,"M","M","?","$","?","E","M","E","T","E","$","R","E","M","R","B",null],"character_chosen":"IRONCLAD","items_purchased":["Panache","TungstenRod","Unceasing Top"],"campfire_rested":4,"item_purchase_floors":[38,38,38],"current_hp_per_floor":[72,72,77,77,75,75,49,54,54,56,42,65,65,51,51,39,77,70,70,56,56,43,35,59,66,66,58,58,58,59,53,80,24,92,90,82,82,82,82,60,40,44,44,25,25,67,63,69,69,16],"gold":144,"neow_bonus":"REMOVE_TWO","is_daily":false,"chose_seed":false,"campfire_upgraded":2,"win_rate":0.0,"timestamp":1609782978,"path_taken":["M","M","M","M","M","?","E","?","T","M","E","R","M","E","R","BOSS","M","?","?","?","M","E","R","E","T","?","?","E","M","M","R","BOSS","M","?","?","$","?","E","M","E","T","E","$","R","E","M","R","BOSS"],"items_purchased_type":["Card","Relic","Relic"],"build_version":"2020-12-22","purchased_purges":2,"victory":true,"max_hp_per_floor":[72,72,77,77,77,77,77,77,77,77,77,77,77,77,77,77,77,77,77,82,82,82,82,82,92,92,92,92,92,92,92,92,92,92,92,92,92,92,92,92,92,92,92,92,92,92,92,92,92,92],"relic_stats":{"Regal Pillow":15,"counters":[30,167],"Self Forming Clay":[285],"Juzu Bracelet":0,"Ginger":[8],"Letter Opener":[67],"MawBank":120,"Boot":[13],"Smiling Mask":50,"Burning Blood":165,"Centennial Puzzle":[3],"Shovel":0,"Ornamental Fan":[128],"Shuriken":[25],"Sundial":[6],"Bronze Scales":[173],"MealTicket":0,"Black Star":7,"obtain_stats":[{"Lantern":11,"Regal Pillow":43,"Vajra":44,"Juzu Bracelet":40,"Ginger":14,"Boot":42,"Smiling Mask":44,"Burning Blood":0,"Centennial Puzzle":47,"Shovel":9,"Sundial":34,"MealTicket":47,"InkBottle":23,"Pear":25,"Self Forming Clay":7,"Oddly Smooth Stone":40,"Letter Opener":29,"MawBank":28,"Calling Bell":34,"CaptainsWheel":25,"Ornamental Fan":23,"Shuriken":29,"MutagenicStrength":21,"Bronze Scales":34,"Molten Egg 2":42,"Black Star":17,"Bag of Marbles":26,"TungstenRod":38,"Unceasing Top":38,"Pocketwatch":34},{"Lantern":9,"Regal Pillow":26,"Vajra":27,"Juzu Bracelet":24,"Ginger":11,"Boot":26,"Smiling Mask":27,"Burning Blood":0,"Centennial Puzzle":28,"Shovel":7,"Sundial":21,"MealTicket":28,"InkBottle":15,"Pear":16,"Self Forming Clay":6,"Oddly Smooth Stone":24,"Letter Opener":18,"MawBank":17,"Calling Bell":21,"CaptainsWheel":16,"Ornamental Fan":15,"Shuriken":18,"MutagenicStrength":13,"Bronze Scales":21,"Molten Egg 2":26,"Black Star":12,"Bag of Marbles":16,"TungstenRod":23,"Unceasing Top":23,"Pocketwatch":21},{"Lantern":44,"Regal Pillow":141,"Vajra":146,"Juzu Bracelet":130,"Ginger":54,"Boot":141,"Smiling Mask":146,"Burning Blood":0,"Centennial Puzzle":151,"Shovel":31,"Sundial":115,"MealTicket":151,"InkBottle":83,"Pear":90,"Self Forming Clay":28,"Oddly Smooth Stone":130,"Letter Opener":99,"MawBank":94,"Calling Bell":115,"CaptainsWheel":90,"Ornamental Fan":83,"Shuriken":99,"MutagenicStrength":72,"Bronze Scales":115,"Molten Egg 2":141,"Black Star":66,"Bag of Marbles":90,"TungstenRod":124,"Unceasing Top":124,"Pocketwatch":115}],"InkBottle":[30],"TungstenRod":64,"Unceasing Top":[2],"Pocketwatch":[54]},"card_choices":[{"not_picked":["Burning Pact","Entrench"],"picked":"Shrug It Off","floor":1.0},{"not_picked":["Clash","Sword Boomerang"],"picked":"Pommel Strike","floor":2.0},{"not_picked":["Second Wind","Clothesline"],"picked":"Bloodletting","floor":3.0},{"not_picked":["Metallicize","Fire Breathing"],"picked":"Twin Strike","floor":4.0},{"not_picked":["True Grit","Sever Soul"],"picked":"Shrug It Off","floor":5.0},{"not_picked":["Hemokinesis","Iron Wave"],"picked":"Whirlwind","floor":7.0},{"not_picked":["True Grit","Thunderclap","Barricade"],"picked":"SKIP","floor":8.0},{"not_picked":["Wild Strike","Clash"],"picked":"Hemokinesis","floor":10.0},{"not_picked":["Double Tap","Wild Strike"],"picked":"Rampage","floor":11.0},{"not_picked":["Metallicize","Shockwave"],"picked":"Pommel Strike","floor":13.0},{"not_picked":["Berserk","Clash"],"picked":"Metallicize","floor":14.0},{"not_picked":["Bludgeon","Limit Break"],"picked":"Juggernaut","floor":16.0},{"not_picked":["Heavy Blade","Warcry+1"],"picked":"Cleave","floor":18.0},{"not_picked":["Clash","Dark Embrace","Dropkick"],"picked":"SKIP","floor":22.0},{"not_picked":["Rupture","Fiend Fire","Thunderclap"],"picked":"SKIP","floor":23.0},{"not_picked":["Perfected Strike","Sword Boomerang+1"],"picked":"Shrug It Off+1","floor":25.0},{"not_picked":["Fire Breathing+1","Anger"],"picked":"Body Slam+1","floor":27.0},{"not_picked":["True Grit","Anger"],"picked":"Combust","floor":29.0},{"not_picked":["Dropkick","Iron Wave","Second Wind"],"picked":"SKIP","floor":30.0},{"not_picked":["Berserk","Thunderclap","Shrug It Off"],"picked":"SKIP","floor":31.0},{"not_picked":["Barricade","Feed"],"picked":"Demon Form","floor":33.0},{"not_picked":["Rage","True Grit","Thunderclap+1"],"picked":"SKIP","floor":35.0},{"not_picked":["Burning Pact+1","Wild Strike"],"picked":"Anger+1","floor":36.0},{"not_picked":["Carnage+1","Pommel Strike","Brutality"],"picked":"SKIP","floor":40.0},{"not_picked":["Power Through","Sword Boomerang","Uppercut"],"picked":"SKIP","floor":41.0},{"not_picked":["Uppercut+1","Immolate+1"],"picked":"Pommel Strike+1","floor":42.0},{"not_picked":["Evolve+1","Shockwave+1"],"picked":"Cleave+1","floor":44},{"not_picked":["Wild Strike+1","Flex+1","True Grit"],"picked":"SKIP","floor":47},{"not_picked":["Heavy Blade+1","Battle Trance"],"picked":"Warcry+1","floor":48}],"player_experience":73899,"relics_obtained":[{"floor":7.0,"key":"Self Forming Clay"},{"floor":9.0,"key":"Shovel"},{"floor":11.0,"key":"Lantern"},{"floor":14.0,"key":"Ginger"},{"floor":23.0,"key":"Ornamental Fan"},{"floor":23.0,"key":"InkBottle"},{"floor":25.0,"key":"CaptainsWheel"},{"floor":25.0,"key":"Pear"},{"floor":26.0,"key":"Bag of Marbles"},{"floor":28.0,"key":"MawBank"},{"floor":29.0,"key":"Letter Opener"},{"floor":29.0,"key":"Shuriken"},{"floor":34.0,"key":"Bronze Scales"},{"floor":34.0,"key":"Sundial"},{"floor":34.0,"key":"Pocketwatch"},{"floor":40.0,"key":"Juzu Bracelet"},{"floor":40.0,"key":"Oddly Smooth Stone"},{"floor":42.0,"key":"Boot"},{"floor":42.0,"key":"Molten Egg 2"},{"floor":43.0,"key":"Regal Pillow"},{"floor":44,"key":"Vajra"},{"floor":44,"key":"Smiling Mask"},{"floor":47,"key":"Centennial Puzzle"},{"floor":47,"key":"MealTicket"}],"event_choices":[{"damage_healed":0.0,"max_hp_gain":0.0,"max_hp_loss":0.0,"gold_gain":0.0,"event_name":"Match and Keep!","player_choice":"2 cards matched","floor":6.0,"gold_loss":0.0,"damage_taken":0.0,"cards_obtained":["Blind","Impervious"]},{"damage_healed":0.0,"max_hp_gain":0.0,"max_hp_loss":0.0,"gold_gain":0.0,"event_name":"Back to Basics","player_choice":"Simplicity","floor":19.0,"gold_loss":0.0,"damage_taken":0.0,"cards_upgraded":["Strike_R","Strike_R","Strike_R","Strike_R","Defend_R","Defend_R","Defend_R"]},{"damage_healed":0.0,"max_hp_gain":5.0,"max_hp_loss":0.0,"gold_gain":0.0,"event_name":"Forgotten Altar","player_choice":"Shed Blood","floor":20.0,"gold_loss":0.0,"damage_taken":19.0},{"damage_healed":0.0,"max_hp_gain":0.0,"max_hp_loss":0.0,"gold_gain":0.0,"event_name":"Drug Dealer","player_choice":"Inject Mutagens","floor":21.0,"gold_loss":0.0,"damage_taken":0.0,"relics_obtained":["MutagenicStrength"]},{"damage_healed":0.0,"max_hp_gain":0.0,"max_hp_loss":0.0,"gold_gain":0.0,"event_name":"Tomb of Lord Red Mask","player_choice":"Ignored","floor":37.0,"gold_loss":0.0,"damage_taken":0.0},{"damage_healed":0.0,"max_hp_gain":0.0,"max_hp_loss":0.0,"gold_gain":0.0,"event_name":"Lab","player_choice":"Got Potions","floor":39.0,"gold_loss":0.0,"damage_taken":0.0}],"is_beta":false,"boss_relics":[{"not_picked":["Busted Crown","SlaversCollar"],"picked":"Black Star"},{"not_picked":["Mark of Pain","Cursed Key"],"picked":"Calling Bell"}],"items_purged_floors":[38,45],"is_endless":false,"potions_floor_spawned":[3,8,10,13,14,25,27,30,33,36,40,47],"ascension_level":2}}