{"host":"hxmfoq77054plnuw","time":1609788729,"event":{"mods":["BaseMod","Colored Map","Colored Powertips","Downfall","Highlight Path","Minty Spire (QoL Compilation)","Quick Restart","Replay The Spire","Shop Mod","StSLib","SuperFastMode","[功能]功能增强和修复MOD","vexMod","【遗物卡牌】REMEMod","篝火指南"],"gold_per_floor":[113,131,131,146,158,189,84,110,110,49,82,113,146,156,156,254,254,264,102,116,130,6,33,62,92,137,162,191,92,142,262,146,250,250,287,287,92,126,126,151,186,219,219,127,127],"floor_reached":44,"playtime":2847,"items_purged":["Deadly Poison","Deadly Poison","PiercingWail","PiercingWail","Prepared","Bouncing Flask","Tactician","Flash of Steel","Deflect+1","Prepared","Reflex","Doppelganger","Poisoned Stab","Languid","REME_GreenPollution","Dash","Backflip","ReplayTheSpireMod:From All Sides","Grand Finale"],"score":1120,"play_id":"69f31850-0cc9-4377-be37-386c419e86c3","local_time":"20210104203209","daily_mods":["SealedDeck","Flight"],"is_ascension_mode":false,"campfire_choices":[],"circlet_count":0,"master_deck":["Blur","Deflect+1","Poison Darts","Dagger Throw","Noxious Fumes","HandOfGreed","Malaise+1","Adrenaline+1","Dagger Throw","Replay:Bag of Tricks+1"],"relics":["Ring of the Snake","REME_ComplimentaryCards","vexMod:BarristanHead","MerchantsRug","The Courier","Snack Pack","PreservedInsect","REME_PoisonedDagger","Ring of Chaos","Darkstone Periapt","Tiny Chest","ReplayFunnel","vexMod:MemoryStick","ReplayTheSpireMod:Lightbulb","Toxic Egg 2","MealTicket","Oddly Smooth Stone","Ice Cream","ReplayTheSpireMod:Shallot","SlaversCollar","ReplayTheSpireMod:Ring of Exchange","vexMod:HeadHunter","Anchor","Bottled Tornado","CeramicFish","Sundial","Lee\u0027s Waffle"],"acts_visited":["Exordium","TheCity","TheBeyond"],"potions_floor_usage":[],"damage_taken":[{"damage":3,"enemies":"Small Slimes","floor":1,"turns":4},{"damage":0,"enemies":"Cultist","floor":2,"turns":1},{"damage":0,"enemies":"Jaw Worm","floor":4,"turns":1},{"damage":0,"enemies":"Exordium Thugs","floor":5,"turns":1},{"damage":11,"enemies":"Lagavulin","floor":6,"turns":7},{"damage":0,"enemies":"Gremlin Nob","floor":8,"turns":2},{"damage":0,"enemies":"Replay:BlueRogue","floor":11,"turns":4},{"damage":0,"enemies":"Lagavulin","floor":12,"turns":2},{"damage":0,"enemies":"Gremlin Nob","floor":13,"turns":3},{"damage":0,"enemies":"Exordium Wildlife","floor":14,"turns":3},{"damage":12,"enemies":"The Guardian","floor":16,"turns":8},{"damage":13,"enemies":"3 Byrds","floor":18,"turns":6},{"damage":0,"enemies":"Shell Parasite","floor":20,"turns":3},{"damage":0,"enemies":"3 Cultists","floor":21,"turns":2},{"damage":0,"enemies":"Slavers","floor":23,"turns":1},{"damage":14,"enemies":"Book of Stabbing","floor":24,"turns":5},{"damage":0,"enemies":"REME_1_Revenger","floor":25,"turns":2},{"damage":0,"enemies":"Gremlin Leader","floor":27,"turns":2},{"damage":3,"enemies":"Replay:Snechameleon","floor":28,"turns":2},{"damage":0,"enemies":"Book of Stabbing","floor":30,"turns":2},{"damage":19,"enemies":"Colosseum Slavers","floor":31,"turns":2},{"damage":0,"enemies":"Colosseum Nobs","floor":31,"turns":1},{"damage":0,"enemies":"Champ","floor":33,"turns":9},{"damage":0,"enemies":"3 Darklings","floor":35,"turns":1},{"damage":0,"enemies":"Orb Walker","floor":38,"turns":2},{"damage":13,"enemies":"R_Hoarder","floor":41,"turns":6},{"damage":16,"enemies":"Nemesis","floor":42,"turns":5}],"seed_played":"-646939044094387599","potions_obtained":[{"floor":2,"key":"Ancient Potion"},{"floor":4,"key":"Guardian:BlockOnCardUsePotion"},{"floor":5,"key":"Strength Potion"},{"floor":8,"key":"Swift Potion"},{"floor":14,"key":"Weak Potion"},{"floor":16,"key":"Adrenaline Potion"},{"floor":18,"key":"AttackPotion"},{"floor":21,"key":"AttackPotion"},{"floor":24,"key":"AttackPotion"},{"floor":27,"key":"ColorlessPotion"},{"floor":30,"key":"Slimebound:ThreeZeroPotion"},{"floor":31,"key":"REME_GoldPotion"},{"floor":38,"key":"Explosive Potion"},{"floor":41,"key":"Explosive Potion"}],"is_trial":true,"path_per_floor":["M","M","?","M","M","E","R","E","T","$","E","E","E","M","R_BF","B",null,"M","$","M","M","$","E","E","E","T","E","E","R","E","?","R_BF","B",null,"M","?","$","M","?","T","E","E","T","$"],"character_chosen":"THE_SILENT","items_purchased":["MerchantsRug","Flash of Steel","Darkstone Periapt","Tiny Chest","HandOfGreed","Orrery","vexMod:HeadHunter","Lee\u0027s Waffle"],"campfire_rested":0,"item_purchase_floors":[7,10,19,22,29,32,37,44],"current_hp_per_floor":[67,67,70,70,70,59,59,59,59,59,59,59,59,59,59,47,70,57,57,57,59,59,59,45,59,59,61,60,60,62,45,45,47,84,84,90,90,90,90,90,81,69,69,97,97],"gold":127,"neow_bonus":"","is_daily":false,"chose_seed":false,"campfire_upgraded":0,"win_rate":0.0,"timestamp":1609788729,"path_taken":["M","M","?","?","M","E","R","E","T","?","E","E","E","M","R_BF","BOSS","M","$","M","M","$","E","E","E","T","E","E","R","E","?","R_BF","BOSS","M","?","$","M","?","?","E","E","T","$"],"items_purchased_type":["Relic","Card","Relic","Relic","Card","Relic","Relic","Relic"],"build_version":"2020-12-22","purchased_purges":19,"victory":false,"max_hp_per_floor":[70,70,70,70,70,70,70,70,70,70,70,70,70,70,70,70,70,70,70,70,70,70,70,70,84,84,84,84,84,84,84,84,84,84,84,90,90,90,90,90,90,90,90,97,97],"card_choices":[{"not_picked":["Acrobatics","Hidden Blade"],"picked":"Prepared","floor":1},{"not_picked":["PiercingWail","Accuracy"],"picked":"Deadly Poison","floor":2},{"not_picked":["Acrobatics","All Out Attack"],"picked":"Poisoned Stab","floor":4},{"not_picked":["Bouncing Flask","Blade Dance"],"picked":"Deflect","floor":5},{"not_picked":["Bouncing Flask","Flying Knee"],"picked":"Tactician","floor":6},{"not_picked":["Toxin Wave","Cloak And Dagger","Finisher"],"picked":"SKIP","floor":8},{"not_picked":["Slice","Flying Knee"],"picked":"Poison Darts","floor":11},{"not_picked":["Dodge and Roll","Poisoned Stab","Sneak Up"],"picked":"SKIP","floor":12},{"not_picked":["Skewer","Quick Slash","Setup"],"picked":"SKIP","floor":13},{"not_picked":["Sneak Up","ReplayTheSpireMod:Shiv Toss","Blade Dance"],"picked":"SKIP","floor":14},{"not_picked":["Grand Finale","Phantasmal Killer"],"picked":"Doppelganger","floor":16},{"not_picked":["Sucker Punch","Cloak And Dagger","Dash"],"picked":"SKIP","floor":18},{"not_picked":["Blade Dance","Backflip"],"picked":"Dagger Throw","floor":20},{"not_picked":["Outmaneuver+1","ReplayTheSpireMod:Tripwire+1","Dagger Throw"],"picked":"SKIP","floor":21},{"not_picked":["REME_GrazeFinale","Dagger Spray"],"picked":"REME_GreenPollution","floor":23},{"not_picked":["Reflex","Finisher","Prepared"],"picked":"SKIP","floor":24},{"not_picked":["Bouncing Flask+1","Dagger Spray"],"picked":"Noxious Fumes","floor":25},{"not_picked":["Bane+1","Acrobatics+1","Choke+1"],"picked":"SKIP","floor":27},{"not_picked":["Bane","Dodge and Roll+1","Predator"],"picked":"SKIP","floor":28},{"not_picked":["Poisoned Stab","Flying Knee","Quick Slash"],"picked":"SKIP","floor":30},{"not_picked":["Hidden Blade+1","Cloak And Dagger+1"],"picked":"Malaise+1","floor":31},{"not_picked":["REME_ShadowForm","Tools of the Trade"],"picked":"Adrenaline+1","floor":33},{"not_picked":["Hidden Blade+1","Sucker Punch","Replay:Poison Smokescreen+1"],"picked":"SKIP","floor":35},{"not_picked":["Leg Sweep+1","Prepared+1"],"picked":"Dagger Throw","floor":38},{"not_picked":["Phantasmal Killer","ReplayTheSpireMod:Necrosis"],"picked":"Replay:Bag of Tricks","floor":41},{"not_picked":["Sucker Punch","Bouncing Flask+1","Underhanded Strike+1"],"picked":"SKIP","floor":41},{"not_picked":["Sucker Punch","Bouncing Flask+1","Underhanded Strike+1"],"picked":"SKIP","floor":41},{"not_picked":["Night Terror","REME_ShadowForm","REME_SpectralBlade"],"picked":"SKIP","floor":42},{"not_picked":["Poisoned Stab+1","Tactician+1","ReplayTheSpireMod:The Works+1"],"picked":"SKIP","floor":42}],"player_experience":297700,"relics_obtained":[{"floor":6,"key":"vexMod:BarristanHead"},{"floor":8,"key":"War Paint"},{"floor":9,"key":"The Courier"},{"floor":11,"key":"Snack Pack"},{"floor":12,"key":"PreservedInsect"},{"floor":13,"key":"REME_PoisonedDagger"},{"floor":23,"key":"ReplayFunnel"},{"floor":24,"key":"vexMod:MemoryStick"},{"floor":25,"key":"Mango"},{"floor":26,"key":"ReplayTheSpireMod:Lightbulb"},{"floor":27,"key":"Toxic Egg 2"},{"floor":28,"key":"MealTicket"},{"floor":30,"key":"Oddly Smooth Stone"},{"floor":31,"key":"Ice Cream"},{"floor":31,"key":"ReplayTheSpireMod:Shallot"},{"floor":36,"key":"ReplayTheSpireMod:Ring of Exchange"},{"floor":40,"key":"Anchor"},{"floor":41,"key":"Bottled Tornado"},{"floor":42,"key":"CeramicFish"},{"floor":43,"key":"Sundial"}],"event_choices":[{"damage_healed":3,"gold_gain":0,"player_choice":"Full Heal","damage_taken":0,"max_hp_gain":0,"max_hp_loss":0,"event_name":"Wheel of Change","floor":3,"gold_loss":0},{"damage_healed":0,"gold_gain":0,"player_choice":"Fight","damage_taken":0,"max_hp_gain":0,"max_hp_loss":0,"event_name":"Colosseum","floor":31,"gold_loss":0},{"damage_healed":0,"gold_gain":0,"player_choice":"Fought Nobs","damage_taken":0,"max_hp_gain":0,"max_hp_loss":0,"event_name":"Colosseum","floor":31,"gold_loss":0},{"damage_healed":0,"gold_gain":0,"player_choice":"1 cards matched","damage_taken":0,"max_hp_gain":0,"max_hp_loss":0,"event_name":"Match and Keep!","floor":39,"gold_loss":0,"cards_obtained":["ReplayTheSpireMod:From All Sides"]}],"is_beta":false,"boss_relics":[{"not_picked":["Runic Pyramid","REME_ChargedStone"],"picked":"Ring of Chaos"},{"not_picked":["WristBlade","HoveringKite"],"picked":"SlaversCollar"}],"items_purged_floors":[7,7,7,7,19,19,19,19,19,22,22,29,29,37,37,37,37,44,44],"is_endless":true,"potions_floor_spawned":[2,4,5,8,14,16,18,21,24,27,30,31,38,41],"ascension_level":0}}