{"host":"hyzxin88cl4apzyp","time":1609748524,"event":{"mods":["Act Like it!","Arknights The Spire","BaseMod","CapriCore","Friendly Minions","Gensokyo","Highlight Path","LagranYue(拉格朗・月)","Minty Spire (QoL Compilation)","Pale of the Ancients","RumiaBox-露米娅的神秘盒子","StSLib","SuperFastMode","Waifu the Spire","vexMod","【遗物卡牌】REMEMod"],"gold_per_floor":[111,111,286,96,112,144,144,114,140,153,180,200,211,239,239,339,339,349,349,361,10,28,28,28],"floor_reached":23,"playtime":1379,"items_purged":["Doubt","ats:Defend"],"score":236,"play_id":"48aa745e-5c1a-4549-9faa-89c97d9d0862","local_time":"20210104162204","is_ascension_mode":false,"campfire_choices":[{"data":"ats:Thorns","floor":7.0,"key":"SMITH"},{"floor":15.0,"key":"REST"}],"circlet_count":0,"master_deck":["ats:Strike S+1","ats:Strike V+1","ats:Armor Crushing Shot","ats:Defend","ats:Defend","ats:Emotion Absorption","After Image","ats:Thorns+1","ats:Overload","ats:Soul Absorption","ats:Shadow Assault","ats:Apocalypse","ats:Calcification","ats:Leaping Hammer"],"relics":["ats:Sanity","REME_ComplimentaryCards","LagranYue:RandomDrawCardRelic","NeowsBlessing","ats:Originium","Happy Flower","Anchor","Whetstone","Darkstone Periapt","Empty Cage","Eternal Feather"],"acts_visited":["Exordium","TheCity"],"potions_floor_usage":[22],"damage_taken":[{"damage":0.0,"enemies":"2 Louse","floor":1.0,"turns":1.0},{"damage":0.0,"enemies":"Jaw Worm","floor":5.0,"turns":1.0},{"damage":0.0,"enemies":"Gremlin Nob","floor":6.0,"turns":1.0},{"damage":5.0,"enemies":"Small Slimes","floor":10.0,"turns":3.0},{"damage":35.0,"enemies":"Lagavulin","floor":11.0,"turns":10.0},{"damage":13.0,"enemies":"Gremlin Gang","floor":12.0,"turns":3.0},{"damage":0.0,"enemies":"3 Louse","floor":13.0,"turns":1.0},{"damage":24.0,"enemies":"3 Sentries","floor":14.0,"turns":8.0},{"damage":14,"enemies":"The Guardian","floor":16,"turns":11},{"damage":34,"enemies":"Spheric Guardian","floor":18,"turns":7},{"damage":18,"enemies":"2 Thieves","floor":20,"turns":5},{"damage":25,"enemies":"Centurion and Healer","floor":22,"turns":11},{"damage":27,"enemies":"Book of Stabbing","floor":23,"turns":3}],"seed_played":"3824868615959155976","potions_obtained":[{"floor":6.0,"key":"Energy Potion"},{"floor":8.0,"key":"FearPotion"},{"floor":8.0,"key":"Regen Potion"},{"floor":14.0,"key":"AttackPotion"},{"floor":16,"key":"ats:Top Emergency Sanity Potion"}],"is_trial":false,"path_per_floor":["M","?","?","$","M","E","R","?","T","M","E","M","M","E","R","B",null,"M","?","M","$","M","E"],"character_chosen":"DOCTOR_CLASS","items_purchased":["ats:Thorns","ats:Overload","Eternal Feather"],"campfire_rested":1,"item_purchase_floors":[4,4,21],"current_hp_per_floor":[72,72,72,72,72,72,72,72,72,67,32,19,19,18,39,37,72,43,30,17,17,17,0,0],"gold":28,"neow_bonus":"THREE_ENEMY_KILL","is_daily":false,"chose_seed":false,"campfire_upgraded":1,"win_rate":0.0,"timestamp":1609748524,"path_taken":["M","?","?","$","M","E","R","?","T","M","E","M","?","E","R","BOSS","M","?","M","$","M","E"],"items_purchased_type":["Card","Card","Relic"],"build_version":"2020-12-22","purchased_purges":2,"victory":false,"max_hp_per_floor":[72,72,72,72,72,72,72,72,72,72,72,72,72,72,72,72,72,72,77,77,77,77,77,77],"card_choices":[{"not_picked":["ats:Cat Scratch","ats:Assault Order","ats:Childhood Dance"],"picked":"SKIP","floor":1.0},{"not_picked":["ats:Revitalization","ats:Composite Medical Shells","ats:Counter Healing Mode"],"picked":"SKIP","floor":5.0},{"not_picked":["ats:Powerful Strike","ats:Revitalization","ats:Support Order"],"picked":"SKIP","floor":6.0},{"not_picked":["ats:Very Hot Blade","ats:Collapsing Strike"],"picked":"ats:Soul Absorption","floor":10.0},{"not_picked":["ats:Shell Defense","ats:Curse Doll"],"picked":"ats:Shadow Assault","floor":11.0},{"not_picked":["ats:Support Order","ats:Cat Scratch","ats:Sword Rain"],"picked":"SKIP","floor":12.0},{"not_picked":["ats:Childhood Dance","ats:Hammer On"],"picked":"ats:Apocalypse","floor":13.0},{"not_picked":["ats:Beaten Up","ats:Ignite","ats:Flame Of Heaven"],"picked":"SKIP","floor":14.0},{"not_picked":["ats:Disruption Kick","ats:Nebulous Foxfire"],"picked":"ats:Calcification","floor":16},{"not_picked":["ats:Poison Spread+1","ats:Hook Shot","ats:Support Order+1"],"picked":"SKIP","floor":18},{"not_picked":["ats:Closed Bolt Burst Fire","ats:Mental Burst","ats:Revitalization"],"picked":"SKIP","floor":20},{"not_picked":["ats:Hammer On+1","ats:Ignite+1"],"picked":"ats:Leaping Hammer","floor":22}],"player_experience":93862,"relics_obtained":[{"floor":6.0,"key":"ats:Originium"},{"floor":6.0,"key":"Happy Flower"},{"floor":9.0,"key":"Anchor"},{"floor":11.0,"key":"ats:Originium"},{"floor":11.0,"key":"Whetstone"},{"floor":14.0,"key":"ats:Originium"},{"floor":14.0,"key":"Darkstone Periapt"}],"event_choices":[{"damage_healed":0.0,"max_hp_gain":0.0,"max_hp_loss":0.0,"gold_gain":175.0,"event_name":"Liars Game","player_choice":"AGREE","floor":3.0,"gold_loss":0.0,"damage_taken":0.0,"cards_obtained":["Doubt"]},{"damage_healed":0.0,"max_hp_gain":0.0,"max_hp_loss":0.0,"gold_gain":0.0,"event_name":"The Woman in Blue","player_choice":"Bought 2 Potions","floor":8.0,"gold_loss":0.0,"damage_taken":0.0},{"damage_healed":0,"gold_gain":0,"player_choice":"Shed Blood","damage_taken":18,"max_hp_gain":5,"max_hp_loss":0,"event_name":"Forgotten Altar","floor":19,"gold_loss":0}],"is_beta":false,"boss_relics":[{"not_picked":["vexMod:TanglingVine","LagranYue:ContractPerformanceRelic"],"picked":"Empty Cage"}],"items_purged_floors":[4,21],"is_endless":false,"potions_floor_spawned":[6,13,14,16,20],"killed_by":"Book of Stabbing","ascension_level":0}}