{"host":"873t0y8ybyo38pfq","time":1609798529,"event":{"mods":["BaseMod","Bestiary","Colored Map","Colored Powertips","Highlight Path","Minty Spire (QoL Compilation)","Quick Restart","RNG Fix","Rare Cards Sparkle","Relic Stats","StSLib"],"gold_per_floor":[15,15,15,0,18,18,18,37,37,37,37],"floor_reached":10,"playtime":180,"items_purged":[],"score":112,"play_id":"d5eb9655-8d7d-4698-9125-99b072b3cefc","local_time":"20210104171529","is_ascension_mode":true,"campfire_choices":[{"data":"Lockon","floor":6,"key":"SMITH"}],"circlet_count":0,"master_deck":["AscendersBane","Strike_B","Strike_B+1","Defend_B","Defend_B","Defend_B","Defend_B+1","Zap","Dualcast","Loop","Lockon+1","Genetic Algorithm","White Noise"],"relics":["Cracked Core","White Beast Statue"],"acts_visited":["Exordium"],"potions_floor_usage":[10],"damage_taken":[{"damage":7,"enemies":"Small Slimes","floor":1,"turns":3},{"damage":0,"enemies":"Cultist","floor":5,"turns":3},{"damage":3,"enemies":"2 Louse","floor":8,"turns":3},{"damage":34,"enemies":"3 Sentries","floor":10,"turns":6}],"seed_played":"5733103859582275161","potions_obtained":[{"floor":5,"key":"Weak Potion"},{"floor":8,"key":"Strength Potion"}],"is_trial":false,"path_per_floor":["M","?","$","?","M","R","?","M","T","E"],"character_chosen":"DEFECT","items_purchased":[],"campfire_rested":0,"item_purchase_floors":[],"current_hp_per_floor":[57,36,36,36,36,36,36,33,33,0,0],"gold":37,"neow_bonus":"TRANSFORM_TWO_CARDS","is_daily":false,"chose_seed":false,"campfire_upgraded":1,"win_rate":0.0,"timestamp":1609798529,"path_taken":["M","?","$","?","M","R","?","M","T","E"],"items_purchased_type":[],"build_version":"2020-12-22","purchased_purges":0,"victory":false,"max_hp_per_floor":[71,71,71,71,71,71,71,71,71,71,71],"relic_stats":{"counters":[4,15],"obtain_stats":[{"Cracked Core":0,"White Beast Statue":9},{"Cracked Core":0,"White Beast Statue":3},{"Cracked Core":0,"White Beast Statue":9}]},"card_choices":[{"not_picked":["Stack","Turbo"],"picked":"Genetic Algorithm","floor":1},{"not_picked":["Auto Shields","Beam Cell","Heatsinks"],"picked":"SKIP","floor":5},{"not_picked":["Reinforced Body","Blizzard"],"picked":"White Noise","floor":8}],"player_experience":1510121,"relics_obtained":[{"floor":9,"key":"White Beast Statue"}],"event_choices":[{"damage_healed":0,"gold_gain":0,"player_choice":"Entered Light","damage_taken":21,"max_hp_gain":0,"max_hp_loss":0,"event_name":"Shining Light","floor":2,"gold_loss":0,"cards_upgraded":["Defend_B","Strike_B"]},{"damage_healed":0,"gold_gain":0,"player_choice":"Left Gold","damage_taken":0,"max_hp_gain":0,"max_hp_loss":0,"event_name":"World of Goop","floor":4,"gold_loss":15},{"damage_healed":0,"gold_gain":0,"player_choice":"Ignored","damage_taken":0,"max_hp_gain":0,"max_hp_loss":0,"event_name":"Liars Game","floor":7,"gold_loss":0}],"is_beta":false,"boss_relics":[],"items_purged_floors":[],"is_endless":false,"potions_floor_spawned":[5,8],"killed_by":"3 Sentries","ascension_level":20}}