{"host":"b5k9dtspx1cjm4w0","time":1609790711,"event":{"mods":["AchievementEnabler","BaseMod","Better Third Choice","Colored Map","Colored Powertips","Highlight Path","Minty Spire (QoL Compilation)","Permanent Neow","Quick Restart","Relic Stats","StSLib"],"gold_per_floor":[121,153,183,212,237,249,289,301,359,381,393,424,449,491,503,515,515],"floor_reached":16,"playtime":901,"items_purged":[],"score":106,"play_id":"3df51474-4946-4551-9fae-345360dc7af7","local_time":"20210104200511","is_ascension_mode":false,"campfire_choices":[{"data":"Infernal Blade","floor":6.0,"key":"SMITH"},{"data":"Corruption","floor":8.0,"key":"SMITH"},{"data":"Heavy Blade","floor":11.0,"key":"SMITH"},{"data":"Feed","floor":15.0,"key":"SMITH"}],"circlet_count":0,"master_deck":["Strike_R","Strike_R","Strike_R","Strike_R","Strike_R","Defend_R","Defend_R","Defend_R","Defend_R","Bash","Heavy Blade+1","Shrug It Off","Infernal Blade+1","Battle Trance","Sword Boomerang","Corruption+1","Carnage","Feed+1"],"relics":["Burning Blood","MawBank","Singing Bowl","Blood Vial","Odd Mushroom"],"acts_visited":["Exordium"],"potions_floor_usage":[16,16],"damage_taken":[{"damage":18.0,"enemies":"Jaw Worm","floor":1.0,"turns":5.0},{"damage":2.0,"enemies":"2 Louse","floor":2.0,"turns":3.0},{"damage":7.0,"enemies":"Cultist","floor":3.0,"turns":4.0},{"damage":8.0,"enemies":"2 Fungi Beasts","floor":4.0,"turns":4.0},{"damage":7.0,"enemies":"Gremlin Gang","floor":5.0,"turns":5.0},{"damage":26.0,"enemies":"3 Sentries","floor":7.0,"turns":5.0},{"damage":6.0,"enemies":"Large Slime","floor":10.0,"turns":4.0},{"damage":22.0,"enemies":"Exordium Thugs","floor":12.0,"turns":7.0},{"damage":13.0,"enemies":"Lots of Slimes","floor":13.0,"turns":5.0},{"damage":4.0,"enemies":"The Mushroom Lair","floor":14.0,"turns":4.0},{"damage":18,"enemies":"Slime Boss","floor":16,"turns":7}],"seed_played":"-1319855539831646004","potions_obtained":[{"floor":3.0,"key":"Block Potion"},{"floor":5.0,"key":"AttackPotion"},{"floor":7.0,"key":"DistilledChaos"},{"floor":12.0,"key":"ElixirPotion"},{"floor":13.0,"key":"SneckoOil"}],"is_trial":false,"path_per_floor":["M","M","M","M","M","R","E","R","T","M","R","M","M","?","R","B"],"character_chosen":"IRONCLAD","items_purchased":[],"campfire_rested":0,"item_purchase_floors":[],"current_hp_per_floor":[68,72,71,69,68,68,48,48,48,52,52,40,35,39,39,23,23],"gold":515,"neow_bonus":"RANDOM_COMMON_RELIC","is_daily":false,"chose_seed":false,"campfire_upgraded":4,"win_rate":0.0,"timestamp":1609790711,"path_taken":["M","M","M","M","M","R","E","R","T","M","R","M","M","?","R","BOSS"],"items_purchased_type":[],"build_version":"2020-12-22","purchased_purges":0,"victory":false,"max_hp_per_floor":[80,80,80,80,80,80,80,80,80,82,82,84,84,84,84,84,84],"relic_stats":{"Blood Vial":10,"Singing Bowl":4,"counters":[11,53],"MawBank":192,"obtain_stats":[{"Blood Vial":9,"Singing Bowl":7,"Odd Mushroom":14,"MawBank":0,"Burning Blood":0},{"Blood Vial":6,"Singing Bowl":6,"Odd Mushroom":10,"MawBank":0,"Burning Blood":0},{"Blood Vial":26,"Singing Bowl":26,"Odd Mushroom":46,"MawBank":0,"Burning Blood":0}],"Burning Blood":60},"card_choices":[{"not_picked":["True Grit","Anger"],"picked":"Heavy Blade","floor":1.0},{"not_picked":["Intimidate","Headbutt"],"picked":"Shrug It Off","floor":2.0},{"not_picked":["Headbutt","Havoc"],"picked":"Infernal Blade","floor":3.0},{"not_picked":["Body Slam","Power Through"],"picked":"Battle Trance","floor":4.0},{"not_picked":["Rage","True Grit"],"picked":"Sword Boomerang","floor":5.0},{"not_picked":["Headbutt","Sword Boomerang"],"picked":"Corruption","floor":7.0},{"not_picked":["Body Slam","Heavy Blade","Warcry"],"picked":"Singing Bowl","floor":10.0},{"not_picked":["Warcry","Dual Wield","Pummel"],"picked":"Singing Bowl","floor":12.0},{"not_picked":["Burning Pact","True Grit"],"picked":"Carnage","floor":13.0},{"not_picked":["Pommel Strike","Shrug It Off"],"picked":"Feed","floor":14.0}],"player_experience":1625086,"relics_obtained":[{"floor":7.0,"key":"Singing Bowl"},{"floor":9.0,"key":"Blood Vial"},{"floor":14.0,"key":"Odd Mushroom"}],"event_choices":[{"damage_healed":0.0,"max_hp_gain":0.0,"max_hp_loss":0.0,"gold_gain":0.0,"event_name":"Mushrooms","player_choice":"Fought Mushrooms","floor":14.0,"gold_loss":0.0,"damage_taken":0.0}],"is_beta":false,"boss_relics":[],"items_purged_floors":[],"is_endless":false,"potions_floor_spawned":[3,5,7,12,13],"killed_by":"Slime Boss","ascension_level":0}}