{"host":"6gnv7me3tk2udb7q","time":1609777599,"event":{"mods":["BaseMod","Bestiary","Colored Map","Minty Spire (QoL Compilation)"],"gold_per_floor":[114,114,289,308,333,333,358,358,381,412,382,395,429,429,429,429,429],"floor_reached":16,"playtime":1816,"items_purged":[],"score":182,"play_id":"8b382181-7d28-4dae-86cf-3c43fb0340c9","local_time":"20210104112639","is_ascension_mode":true,"campfire_choices":[{"data":"Iron Wave","floor":6,"key":"SMITH"},{"data":"Wild Strike","floor":8,"key":"SMITH"},{"data":"Berserk","floor":15,"key":"SMITH"}],"circlet_count":0,"master_deck":["AscendersBane","Strike_R","Strike_R","Strike_R","Strike_R","Strike_R","Defend_R","Defend_R","Defend_R","Defend_R","Bash","Sword Boomerang","Flame Barrier","Doubt","Iron Wave+1","Wild Strike+1","Ghostly Armor","Berserk+1","Cleave","Pommel Strike"],"relics":["Burning Blood","Golden Idol","Lantern","Dream Catcher","Self Forming Clay","Gremlin Horn"],"acts_visited":["Exordium"],"potions_floor_usage":[10,10,12,13],"damage_taken":[{"damage":3,"enemies":"2 Louse","floor":1,"turns":3},{"damage":0,"enemies":"Small Slimes","floor":4,"turns":3},{"damage":6,"enemies":"Cultist","floor":5,"turns":5},{"damage":6,"enemies":"Blue Slaver","floor":7,"turns":2},{"damage":11,"enemies":"Lagavulin","floor":10,"turns":5},{"damage":5,"enemies":"Exordium Wildlife","floor":12,"turns":5},{"damage":13,"enemies":"3 Sentries","floor":13,"turns":9},{"damage":43,"enemies":"Hexaghost","floor":16,"turns":11}],"seed_played":"-979660751302011992","potions_obtained":[{"floor":1,"key":"Weak Potion"},{"floor":5,"key":"FearPotion"},{"floor":11,"key":"Energy Potion"},{"floor":11,"key":"Swift Potion"}],"is_trial":false,"path_per_floor":["M","?","?","M","M","R","M","R","T","E","?","M","E","?","R","B"],"character_chosen":"IRONCLAD","items_purchased":[],"campfire_rested":0,"item_purchase_floors":[],"current_hp_per_floor":[75,55,55,61,61,61,61,61,61,56,56,57,50,43,43,0,0],"gold":429,"neow_bonus":"THREE_CARDS","is_daily":false,"chose_seed":false,"campfire_upgraded":3,"win_rate":0.0,"timestamp":1609777599,"path_taken":["M","?","?","M","M","R","M","R","T","E","?","?","E","?","R","BOSS"],"items_purchased_type":[],"build_version":"2020-12-22","purchased_purges":0,"victory":false,"max_hp_per_floor":[80,80,80,80,80,80,80,80,80,80,80,80,80,80,80,80,80],"card_choices":[{"not_picked":["Havoc","Second Wind"],"picked":"Sword Boomerang","floor":0},{"not_picked":["Infernal Blade","True Grit"],"picked":"Flame Barrier","floor":1},{"not_picked":["Second Wind","Thunderclap"],"picked":"Iron Wave","floor":4},{"not_picked":["Pommel Strike","Heavy Blade"],"picked":"Wild Strike","floor":5},{"not_picked":["Combust","Twin Strike"],"picked":"Ghostly Armor","floor":7},{"not_picked":["Heavy Blade","Sword Boomerang"],"picked":"Berserk","floor":10},{"not_picked":["Flame Barrier","Battle Trance"],"picked":"Cleave","floor":12},{"not_picked":["Flame Barrier","Iron Wave"],"picked":"Pommel Strike","floor":13}],"player_experience":576682,"relics_obtained":[{"floor":9,"key":"Lantern"},{"floor":10,"key":"Dream Catcher"},{"floor":13,"key":"Self Forming Clay"}],"event_choices":[{"damage_healed":0,"gold_gain":0,"player_choice":"Take Damage","damage_taken":20,"relics_obtained":["Golden Idol"],"max_hp_gain":0,"max_hp_loss":0,"event_name":"Golden Idol","floor":2,"gold_loss":0},{"damage_healed":0,"gold_gain":175,"player_choice":"AGREE","damage_taken":0,"max_hp_gain":0,"max_hp_loss":0,"event_name":"Liars Game","floor":3,"gold_loss":0,"cards_obtained":["Doubt"]},{"damage_healed":0,"gold_gain":0,"player_choice":"Bought 2 Potions","damage_taken":0,"max_hp_gain":0,"max_hp_loss":0,"event_name":"The Woman in Blue","floor":11,"gold_loss":0},{"damage_healed":0,"gold_gain":0,"player_choice":"Success","damage_taken":7,"relics_obtained":["Gremlin Horn"],"max_hp_gain":0,"max_hp_loss":0,"event_name":"Scrap Ooze","floor":14,"gold_loss":0}],"is_beta":false,"boss_relics":[],"items_purged_floors":[],"is_endless":false,"potions_floor_spawned":[1,5,7],"killed_by":"Hexaghost","ascension_level":13}}