{"host":"t75twhtg6c476ygg","time":1609770981,"event":{"mods":["AchievementEnabler","BaseMod","Colored Powertips","Minty Spire (QoL Compilation)","Quick Restart","Relic Stats","StSLib","SuperFastMode"],"gold_per_floor":[144,94,169,269,314,314,314,359,359,359,408,457,95,193,193,518,518,567,567,612,562,607,607,697,742,817,916,518,572,572,626,635,935,1235,1289,1334,833,887,887,986,1022,1172,1197,780,780,412,412,466,466,466],"floor_reached":51,"playtime":2147,"items_purged":["Strike_R","Eruption","Noxious Fumes"],"score":840,"play_id":"02d9303a-30b6-4d0d-ba2b-35ff6d5f72be","local_time":"20210104143621","daily_mods":["Chimera","Diverse","Midas"],"is_ascension_mode":false,"campfire_choices":[{"floor":6.0,"key":"REST"},{"floor":15.0,"key":"REST"},{"floor":23.0,"key":"REST"},{"floor":32,"key":"REST"},{"floor":47,"key":"REST"},{"floor":49,"key":"REST"}],"circlet_count":0,"master_deck":["Survivor","Zap","Strike_G","Strike_B","Defend_R","Defend_G","Defend_P","EmptyFist","CutThroughFate","Consecrate","DeceiveReality+1","CarveReality","Reaper","Anger","Armaments+1","Ball Lightning","Omniscience+1","Blade Dance+1","Thunderclap","Coolheaded+1","Flex+1","Flex+1","Cloak And Dagger+1","Die Die Die","Flex+1","Beam Cell+1","Battle Trance+1","Shockwave+1","Rainbow+1","Consecrate+1","Fusion+1"],"relics":["Cracked Core","Happy Flower","Toxic Egg 2","Bloody Idol","Strawberry","Thread and Needle","Black Star","Oddly Smooth Stone","Dream Catcher","Darkstone Periapt","CeramicFish","Matryoshka","Membership Card","Orichalcum","Blood Vial","Blue Candle","Calling Bell","Boot","InkBottle","Old Coin","Singing Bowl","Ornamental Fan","Toolbox","Akabeko","Pen Nib","Gambling Chip","Lizard Tail","MawBank","Toy Ornithopter","Sling","Ice Cream","Meat on the Bone","Strange Spoon","Letter Opener","Molten Egg 2","Unceasing Top"],"acts_visited":["Exordium","TheCity","TheBeyond"],"potions_floor_usage":[29],"damage_taken":[{"damage":0.0,"enemies":"Cultist","floor":1.0,"turns":2.0},{"damage":0.0,"enemies":"Small Slimes","floor":5.0,"turns":3.0},{"damage":3.0,"enemies":"2 Louse","floor":8.0,"turns":2.0},{"damage":1.0,"enemies":"2 Fungi Beasts","floor":11.0,"turns":2.0},{"damage":0.0,"enemies":"Blue Slaver","floor":12.0,"turns":3.0},{"damage":5.0,"enemies":"Gremlin Nob","floor":14.0,"turns":3.0},{"damage":52.0,"enemies":"The Guardian","floor":16.0,"turns":9.0},{"damage":0.0,"enemies":"Spheric Guardian","floor":18.0,"turns":2.0},{"damage":16.0,"enemies":"2 Thieves","floor":20.0,"turns":4.0},{"damage":0.0,"enemies":"Snecko","floor":22.0,"turns":6.0},{"damage":4.0,"enemies":"Slavers","floor":24.0,"turns":2.0},{"damage":19.0,"enemies":"Cultist and Chosen","floor":25.0,"turns":7.0},{"damage":4.0,"enemies":"Book of Stabbing","floor":27.0,"turns":5.0},{"damage":15,"enemies":"Shelled Parasite and Fungi","floor":29,"turns":6},{"damage":0,"enemies":"Centurion and Healer","floor":31,"turns":7},{"damage":49,"enemies":"Collector","floor":33,"turns":8},{"damage":0,"enemies":"3 Darklings","floor":35,"turns":3},{"damage":0,"enemies":"Orb Walker","floor":36,"turns":2},{"damage":19,"enemies":"3 Darklings","floor":38,"turns":2},{"damage":2,"enemies":"Nemesis","floor":40,"turns":5},{"damage":7,"enemies":"2 Orb Walkers","floor":41,"turns":4},{"damage":8,"enemies":"Mind Bloom Boss Battle","floor":42,"turns":5},{"damage":9,"enemies":"Sphere and 2 Shapes","floor":48,"turns":2},{"damage":8,"enemies":"Time Eater","floor":50,"turns":2}],"seed_played":"-6631355389535803282","potions_obtained":[{"floor":11.0,"key":"Energy Potion"},{"floor":12.0,"key":"BlessingOfTheForge"},{"floor":20.0,"key":"EssenceOfSteel"},{"floor":25.0,"key":"LiquidMemories"},{"floor":27.0,"key":"AttackPotion"},{"floor":29,"key":"LiquidMemories"},{"floor":31,"key":"Block Potion"}],"is_trial":false,"path_per_floor":["M","?","?","?","M","R","?","M","T","?","M","M","$","E","R","B",null,"M","?","M","?","M","R","E","M","T","E","$","M","?","M","R","B",null,"M","M","$","M","?","E","?","?","T","$","?","$","R","M","R","B",null],"character_chosen":"DEFECT","items_purchased":["DeceiveReality+1","CarveReality","Strawberry","Membership Card","Orichalcum","Blood Vial","Blade Dance+1","Thunderclap","Coolheaded+1","Singing Bowl","Ornamental Fan","Toolbox","FairyPotion","Die Die Die","Sling","Ice Cream","Meat on the Bone","Battle Trance+1","PowerPotion","Shockwave+1","Strange Spoon","Letter Opener","Molten Egg 2","Rainbow+1","Consecrate+1"],"campfire_rested":6,"item_purchase_floors":[13,13,13,28,28,28,28,28,28,37,37,37,37,37,44,44,44,44,44,44,46,46,46,46,46],"current_hp_per_floor":[75,75,64,64,64,75,75,72,72,54,53,53,60,55,79,27,82,82,82,76,76,82,82,82,68,73,79,82,81,81,82,82,82,82,82,82,82,82,82,82,82,83,86,86,82,82,84,84,86,78],"gold":466,"neow_bonus":"","is_daily":true,"chose_seed":false,"campfire_upgraded":0,"win_rate":0.0,"timestamp":1609770981,"path_taken":["M","?","?","?","?","R","?","M","T","?","M","M","$","E","R","BOSS","M","?","M","?","M","R","E","M","T","E","$","?","?","M","R","BOSS","M","M","$","M","?","E","?","?","T","$","?","?","R","M","R","BOSS"],"items_purchased_type":["Card","Card","Relic","Relic","Relic","Relic","Card","Card","Card","Relic","Relic","Relic","Potion","Card","Relic","Relic","Relic","Card","Potion","Card","Relic","Relic","Relic","Card","Card"],"build_version":"2020-12-22","purchased_purges":3,"victory":true,"max_hp_per_floor":[75,75,75,75,75,75,75,75,75,75,75,75,82,82,82,82,82,82,82,82,82,82,82,82,82,82,82,82,82,82,82,82,82,82,82,82,82,82,82,82,84,86,86,86,82,82,84,84,86,86],"relic_stats":{"Darkstone Periapt":0,"Happy Flower":[30],"Singing Bowl":8,"counters":[24,96],"CeramicFish":144,"Blue Candle":[0],"Pen Nib":[5],"Letter Opener":[26],"Orichalcum":[36],"Boot":[37],"MawBank":12,"Blood Vial":3,"Strange Spoon":[5],"Dream Catcher":3,"Lizard Tail":0,"Ornamental Fan":[72],"Bloody Idol":73,"Gambling Chip":[7],"Black Star":3,"obtain_stats":[{"Darkstone Periapt":26,"Ice Cream":44,"Singing Bowl":37,"CeramicFish":27,"Boot":34,"Sling":44,"Old Coin":34,"Blood Vial":28,"Dream Catcher":24,"Lizard Tail":42,"Matryoshka":27,"Strawberry":13,"Gambling Chip":41,"Toolbox":37,"Toxic Egg 2":9,"Cracked Core":0,"InkBottle":34,"Happy Flower":7,"Golden Idol":10,"Blue Candle":30,"Oddly Smooth Stone":24,"Thread and Needle":14,"Pen Nib":40,"Letter Opener":46,"Orichalcum":28,"MawBank":43,"Akabeko":40,"Calling Bell":34,"Strange Spoon":46,"Ornamental Fan":37,"Bloody Idol":19,"Molten Egg 2":46,"Black Star":17,"Membership Card":28,"Toy Ornithopter":43,"Unceasing Top":50,"Meat on the Bone":44},{"Darkstone Periapt":12,"Ice Cream":22,"Singing Bowl":18,"CeramicFish":13,"Boot":16,"Sling":22,"Old Coin":16,"Blood Vial":13,"Dream Catcher":11,"Lizard Tail":22,"Matryoshka":13,"Strawberry":5,"Gambling Chip":21,"Toolbox":18,"Toxic Egg 2":3,"Cracked Core":0,"InkBottle":16,"Happy Flower":2,"Golden Idol":3,"Blue Candle":14,"Oddly Smooth Stone":11,"Thread and Needle":6,"Pen Nib":20,"Letter Opener":22,"Orichalcum":13,"MawBank":22,"Akabeko":20,"Calling Bell":16,"Strange Spoon":22,"Ornamental Fan":18,"Bloody Idol":8,"Molten Egg 2":22,"Black Star":7,"Membership Card":13,"Toy Ornithopter":22,"Unceasing Top":24,"Meat on the Bone":22},{"Darkstone Periapt":45,"Ice Cream":92,"Singing Bowl":76,"CeramicFish":50,"Boot":71,"Sling":92,"Old Coin":71,"Blood Vial":50,"Dream Catcher":38,"Lizard Tail":92,"Matryoshka":50,"Strawberry":12,"Gambling Chip":87,"Toolbox":76,"Toxic Egg 2":7,"Cracked Core":0,"InkBottle":71,"Happy Flower":5,"Golden Idol":7,"Blue Candle":56,"Oddly Smooth Stone":38,"Thread and Needle":15,"Pen Nib":83,"Letter Opener":92,"Orichalcum":50,"MawBank":92,"Akabeko":83,"Calling Bell":71,"Strange Spoon":92,"Ornamental Fan":76,"Bloody Idol":26,"Molten Egg 2":92,"Black Star":24,"Membership Card":50,"Toy Ornithopter":92,"Unceasing Top":95,"Meat on the Bone":92}],"InkBottle":[17],"Toy Ornithopter":0,"Unceasing Top":[1],"Meat on the Bone":0},"card_choices":[{"not_picked":["Halt","Feel No Pain"],"picked":"EmptyFist","floor":1.0},{"not_picked":["Flying Knee","Disarm"],"picked":"Cloak And Dagger","floor":5.0},{"not_picked":["Rupture","PathToVictory"],"picked":"CutThroughFate","floor":8.0},{"not_picked":["Dagger Throw","Acrobatics+1","Iron Wave"],"picked":"SKIP","floor":11.0},{"not_picked":["Steam+1","Evaluate+1"],"picked":"Consecrate","floor":12.0},{"not_picked":["Poisoned Stab","Grand Finale","Go for the Eyes"],"picked":"SKIP","floor":14.0},{"not_picked":["Fission+1","Vault+1"],"picked":"Reaper","floor":16.0},{"not_picked":["Rupture","Coolheaded+1","Metallicize"],"picked":"SKIP","floor":18.0},{"not_picked":["Quick Slash","Crippling Poison+1"],"picked":"Anger","floor":20.0},{"not_picked":["Stack+1","Clothesline+1","CrushJoints"],"picked":"SKIP","floor":22.0},{"not_picked":["PathToVictory+1","Caltrops"],"picked":"Armaments+1","floor":24.0},{"not_picked":["Go for the Eyes+1","Rebound"],"picked":"Ball Lightning","floor":25.0},{"not_picked":["Havoc+1","Sweeping Beam"],"picked":"Omniscience+1","floor":27.0},{"not_picked":["Prepared+1","Prostrate+1"],"picked":"Noxious Fumes","floor":29},{"not_picked":["Finisher","Perfected Strike"],"picked":"Flex+1","floor":31},{"not_picked":["Omniscience+1","Slice"],"picked":"Flex+1","floor":32},{"not_picked":["Calculated Gamble+1","Defragment+1"],"picked":"Cloak And Dagger+1","floor":35},{"not_picked":["Leg Sweep+1","Battle Trance+1","PiercingWail+1"],"picked":"SKIP","floor":36},{"not_picked":["Poisoned Stab","Shrug It Off+1"],"picked":"Flex+1","floor":38},{"not_picked":["SashWhip+1","SandsOfTime+1"],"picked":"Beam Cell+1","floor":40},{"not_picked":["Sanctity+1","CrushJoints","Quick Slash+1"],"picked":"Singing Bowl","floor":41},{"not_picked":["Seeing Red+1","Searing Blow+1","Barricade"],"picked":"Singing Bowl","floor":42},{"not_picked":["Thunderclap+1","EmptyBody+1","Ball Lightning+1"],"picked":"Singing Bowl","floor":47},{"not_picked":["Force Field+1","Beam Cell+1"],"picked":"Fusion+1","floor":48},{"not_picked":["Dodge and Roll+1","Thunderclap+1","Clothesline+1"],"picked":"Singing Bowl","floor":49}],"player_experience":215048,"relics_obtained":[{"floor":9.0,"key":"Toxic Egg 2"},{"floor":14.0,"key":"Thread and Needle"},{"floor":24.0,"key":"Oddly Smooth Stone"},{"floor":24.0,"key":"Dream Catcher"},{"floor":26.0,"key":"Darkstone Periapt"},{"floor":27.0,"key":"CeramicFish"},{"floor":27.0,"key":"Matryoshka"},{"floor":34,"key":"Boot"},{"floor":34,"key":"InkBottle"},{"floor":34,"key":"Old Coin"},{"floor":40,"key":"Akabeko"},{"floor":40,"key":"Pen Nib"},{"floor":41,"key":"Gambling Chip"},{"floor":42,"key":"Lizard Tail"},{"floor":43,"key":"MawBank"},{"floor":43,"key":"Toy Ornithopter"}],"event_choices":[{"cards_removed":["Bash"],"damage_healed":0.0,"max_hp_gain":0.0,"max_hp_loss":0.0,"gold_gain":0.0,"event_name":"The Cleric","player_choice":"Card Removal","floor":2.0,"gold_loss":50.0,"damage_taken":0.0},{"damage_healed":0.0,"max_hp_gain":0.0,"max_hp_loss":0.0,"gold_gain":75.0,"event_name":"World of Goop","player_choice":"Gather Gold","floor":3.0,"gold_loss":0.0,"damage_taken":11.0},{"damage_healed":0.0,"max_hp_gain":0.0,"max_hp_loss":0.0,"gold_gain":100.0,"event_name":"Golden Shrine","player_choice":"Pray","floor":4.0,"gold_loss":0.0,"damage_taken":0.0},{"damage_healed":0.0,"max_hp_gain":0.0,"max_hp_loss":0.0,"gold_gain":0.0,"event_name":"Big Fish","player_choice":"Box","floor":7.0,"gold_loss":0.0,"damage_taken":0.0,"relics_obtained":["Happy Flower"],"cards_obtained":["Regret"]},{"damage_healed":0.0,"max_hp_gain":0.0,"max_hp_loss":0.0,"gold_gain":0.0,"event_name":"Golden Idol","player_choice":"Take Damage","floor":10.0,"gold_loss":0.0,"damage_taken":18.0,"relics_obtained":["Golden Idol"]},{"damage_healed":0.0,"max_hp_gain":0.0,"max_hp_loss":0.0,"gold_gain":0.0,"event_name":"Forgotten Altar","player_choice":"Gave Idol","floor":19.0,"relics_lost":["Golden Idol"],"gold_loss":0.0,"damage_taken":0.0,"relics_obtained":["Bloody Idol"]},{"damage_healed":0.0,"max_hp_gain":0.0,"max_hp_loss":0.0,"gold_gain":0.0,"event_name":"The Joust","player_choice":"Bet on Murderer","floor":21.0,"gold_loss":50.0,"damage_taken":0.0},{"damage_healed":0,"gold_gain":0,"player_choice":"Opened","damage_taken":0,"relics_obtained":["Blue Candle"],"max_hp_gain":0,"max_hp_loss":0,"event_name":"The Mausoleum","floor":30,"gold_loss":0},{"cards_removed":["Cloak And Dagger"],"damage_healed":0,"gold_gain":0,"player_choice":"Removed Skill","damage_taken":0,"max_hp_gain":0,"max_hp_loss":0,"event_name":"Falling","floor":39,"gold_loss":0},{"damage_healed":0,"gold_gain":0,"player_choice":"Fight","damage_taken":0,"max_hp_gain":0,"max_hp_loss":0,"event_name":"Mysterious Sphere","floor":41,"gold_loss":0},{"damage_healed":0,"gold_gain":0,"player_choice":"Fight","damage_taken":0,"max_hp_gain":0,"max_hp_loss":0,"event_name":"MindBloom","floor":42,"gold_loss":0},{"damage_healed":0,"gold_gain":0,"player_choice":"Max HP","damage_taken":0,"max_hp_gain":0,"max_hp_loss":4,"event_name":"Winding Halls","floor":45,"gold_loss":0}],"is_beta":false,"boss_relics":[{"not_picked":["Cursed Key","Inserter"],"picked":"Black Star"},{"not_picked":["Tiny House","Velvet Choker"],"picked":"Calling Bell"}],"items_purged_floors":[13,28,37],"is_endless":false,"potions_floor_spawned":[11,12,20,25,27,29,31,35,41],"ascension_level":0}}