{"host":"foq4mrde4mssg7vt","time":1609772464,"event":{"mods":["AchievementEnabler","BaseMod","Colored Map","Colored Powertips","Highlight Path","Minty Spire (QoL Compilation)","Relic Stats","everything is the same but u backflip on backflip"],"gold_per_floor":[13,25,37,54,54,85,85,9,9,35,48,77,77,33,33,107,107,122,47,66,66,85,85,85],"floor_reached":23,"playtime":776,"items_purged":[],"score":460,"play_id":"9a30dfab-a66d-4481-a18a-9bb071b91d44","local_time":"20210104230104","is_ascension_mode":true,"campfire_choices":[{"data":"Blasphemy","floor":7.0,"key":"SMITH"},{"data":"SashWhip","floor":15,"key":"SMITH"}],"circlet_count":0,"master_deck":["AscendersBane","Strike_P","Strike_P","Strike_P","Defend_P","Defend_P","Defend_P+1","Defend_P","Eruption","Vigilance","Blasphemy+1","Wireheading","FlyingSleeves","SashWhip+1","FollowUp","SandsOfTime","ReachHeaven","CutThroughFate+1","LikeWater","LessonLearned+1","TalkToTheHand","Wallop"],"relics":["PureWater","Pantograph","TeardropLocket","Singing Bowl","Ancient Tea Set","Runic Pyramid"],"acts_visited":["Exordium","TheCity"],"potions_floor_usage":[16,23],"damage_taken":[{"damage":7.0,"enemies":"Cultist","floor":1.0,"turns":3.0},{"damage":14.0,"enemies":"Jaw Worm","floor":2.0,"turns":5.0},{"damage":8.0,"enemies":"2 Louse","floor":3.0,"turns":3.0},{"damage":1.0,"enemies":"Looter","floor":4.0,"turns":2.0},{"damage":0.0,"enemies":"Gremlin Nob","floor":6.0,"turns":2.0},{"damage":12,"enemies":"3 Sentries","floor":10,"turns":4},{"damage":8,"enemies":"Large Slime","floor":11,"turns":2},{"damage":16,"enemies":"Gremlin Nob","floor":12,"turns":3},{"damage":39,"enemies":"The Guardian","floor":16,"turns":8},{"damage":0,"enemies":"Chosen","floor":18,"turns":3},{"damage":4,"enemies":"2 Thieves","floor":20,"turns":2},{"damage":16,"enemies":"Centurion and Healer","floor":22,"turns":3},{"damage":44,"enemies":"Slavers","floor":23,"turns":3}],"seed_played":"6628864947052791582","potions_obtained":[{"floor":1.0,"key":"BlessingOfTheForge"},{"floor":2.0,"key":"Weak Potion"},{"floor":10,"key":"EssenceOfSteel"},{"floor":18,"key":"Ancient Potion"}],"is_trial":false,"path_per_floor":["M","M","M","M","?","E","R","$","T","E","M","E","?","$","R","B",null,"M","?","M","?","M","E"],"character_chosen":"WATCHER","items_purchased":["SandsOfTime","LikeWater"],"campfire_rested":0,"item_purchase_floors":[8,14],"current_hp_per_floor":[54,40,32,31,68,68,68,68,68,56,50,34,34,34,34,20,58,58,58,54,54,40,0,0],"gold":85,"neow_bonus":"THREE_RARE_CARDS","is_daily":false,"chose_seed":false,"campfire_upgraded":2,"win_rate":0.0,"timestamp":1609772464,"path_taken":["M","M","M","M","?","E","R","$","T","E","?","E","?","$","R","BOSS","M","?","M","?","M","E"],"items_purchased_type":["Card","Card"],"build_version":"2020-12-22","purchased_purges":0,"victory":false,"max_hp_per_floor":[68,68,68,68,68,68,68,68,68,68,70,70,70,70,70,70,70,70,70,70,70,72,72,72],"relic_stats":{"Singing Bowl":4,"counters":[13,43],"Pantograph":25,"obtain_stats":[{"Singing Bowl":10,"Pantograph":6,"TeardropLocket":9,"PureWater":0,"Ancient Tea Set":12,"Runic Pyramid":17},{"Singing Bowl":6,"Pantograph":5,"TeardropLocket":5,"PureWater":0,"Ancient Tea Set":8,"Runic Pyramid":9},{"Singing Bowl":19,"Pantograph":15,"TeardropLocket":15,"PureWater":0,"Ancient Tea Set":24,"Runic Pyramid":32}]},"card_choices":[{"not_picked":["SpiritShield","Wish"],"picked":"Blasphemy","floor":0.0},{"not_picked":["LikeWater","MentalFortress"],"picked":"Wireheading","floor":1.0},{"not_picked":["PathToVictory","ThirdEye"],"picked":"FlyingSleeves","floor":2.0},{"not_picked":["WaveOfTheHand","JustLucky"],"picked":"SashWhip","floor":3.0},{"not_picked":["WreathOfFlame","Prostrate","SashWhip"],"picked":"SKIP","floor":4.0},{"not_picked":["Study","Indignation"],"picked":"FollowUp","floor":6.0},{"not_picked":["ClearTheMind","WheelKick"],"picked":"ReachHeaven","floor":10},{"not_picked":["FollowUp","Weave","CarveReality"],"picked":"Singing Bowl","floor":11},{"not_picked":["SashWhip","ClearTheMind"],"picked":"CutThroughFate","floor":12},{"not_picked":["Alpha","Blasphemy"],"picked":"LessonLearned","floor":16},{"not_picked":["Worship","PathToVictory"],"picked":"TalkToTheHand","floor":18},{"not_picked":["JustLucky","PathToVictory"],"picked":"Wallop","floor":20},{"not_picked":["Evaluate","Vengeance","Crescendo"],"picked":"Singing Bowl","floor":22}],"player_experience":394154,"relics_obtained":[{"floor":6.0,"key":"Pantograph"},{"floor":9,"key":"TeardropLocket"},{"floor":10,"key":"Singing Bowl"},{"floor":12,"key":"Ancient Tea Set"}],"event_choices":[{"damage_healed":37.0,"max_hp_gain":0.0,"max_hp_loss":0.0,"gold_gain":0.0,"event_name":"Wheel of Change","player_choice":"Full Heal","floor":5.0,"gold_loss":0.0,"damage_taken":0.0},{"damage_healed":0,"gold_gain":0,"player_choice":"Ignored","damage_taken":0,"max_hp_gain":0,"max_hp_loss":0,"event_name":"Liars Game","floor":13,"gold_loss":0},{"cards_removed":["Strike_P"],"damage_healed":0,"gold_gain":0,"player_choice":"Gave Gold","damage_taken":0,"max_hp_gain":0,"max_hp_loss":0,"event_name":"Beggar","floor":19,"gold_loss":75},{"damage_healed":0,"gold_gain":0,"player_choice":"Ignored","damage_taken":0,"max_hp_gain":0,"max_hp_loss":0,"event_name":"Vampires","floor":21,"gold_loss":0}],"is_beta":false,"boss_relics":[{"not_picked":["Coffee Dripper","Runic Dome"],"picked":"Runic Pyramid"}],"items_purged_floors":[],"is_endless":false,"potions_floor_spawned":[1,2,10,12,18,22],"killed_by":"Slavers","ascension_level":19}}