{"host":"5fpb1gzflhq9886n","time":1609748547,"event":{"mods":["AchievementEnabler","BaseMod","Colored Map","Colored Powertips","Minty Spire (QoL Compilation)","Permanent Neow"],"gold_per_floor":[116,116,116,128,142,142,173,173,226,244,254,254,271,16,16,111,111,124,142,242,255,255,288,288,288,315,341,256,268,268,268,268],"floor_reached":31,"playtime":2944,"items_purged":["Defend_R"],"score":330,"play_id":"36ba7879-8489-4600-8feb-4e1bf538ffdf","local_time":"20210104032227","is_ascension_mode":true,"campfire_choices":[{"data":"Cleave","floor":6,"key":"SMITH"},{"floor":8,"key":"REST"},{"floor":12,"key":"REST"},{"data":"Dark Embrace","floor":15,"key":"SMITH"},{"floor":24,"key":"REST"}],"circlet_count":0,"master_deck":["Strike_R+1","Strike_R+1","Strike_R+1","Strike_R+1","Strike_R+1","Defend_R+1","Defend_R+1","Bash+1","Armaments","Corruption","Rage","Cleave+1","Fire Breathing","Shrug It Off","Shrug It Off","Wild Strike","Dark Embrace+1","Pommel Strike","Perfected Strike","Reaper","Flex+1","Heavy Blade","Battle Trance","Carnage","Writhe","Infernal Blade","Shrug It Off+1"],"relics":["Burning Blood","Red Skull","Cursed Key","Shuriken","Ice Cream","Ancient Tea Set","MutagenicStrength"],"acts_visited":["Exordium","TheCity"],"potions_floor_usage":[16],"damage_taken":[{"damage":0,"enemies":"Small Slimes","floor":1,"turns":3},{"damage":1,"enemies":"Cultist","floor":4,"turns":3},{"damage":7,"enemies":"Jaw Worm","floor":5,"turns":3},{"damage":57,"enemies":"3 Sentries","floor":7,"turns":10},{"damage":12,"enemies":"Large Slime","floor":10,"turns":5},{"damage":19,"enemies":"3 Louse","floor":11,"turns":4},{"damage":6,"enemies":"Looter","floor":13,"turns":4},{"damage":39,"enemies":"The Guardian","floor":16,"turns":8},{"damage":38,"enemies":"Shell Parasite","floor":18,"turns":5},{"damage":33,"enemies":"Spheric Guardian","floor":19,"turns":4},{"damage":5,"enemies":"Snecko","floor":21,"turns":3},{"damage":26,"enemies":"Gremlin Leader","floor":23,"turns":6},{"damage":79,"enemies":"Book of Stabbing","floor":27,"turns":6},{"damage":17,"enemies":"3 Cultists","floor":29,"turns":4},{"damage":9,"enemies":"Gremlin Leader","floor":31,"turns":1}],"seed_played":"123591790236466655","potions_obtained":[{"floor":4,"key":"DistilledChaos"},{"floor":5,"key":"Dexterity Potion"},{"floor":13,"key":"SpeedPotion"},{"floor":27,"key":"SteroidPotion"}],"is_trial":false,"path_per_floor":["M","?","?","M","M","R","E","R","T","M","M","R","M","$","R","B",null,"M","M","?","M","?","E","R","?","T","E","?","M","?","E"],"character_chosen":"IRONCLAD","items_purchased":["Dark Embrace","Pommel Strike","Perfected Strike"],"campfire_rested":3,"item_purchase_floors":[14,14,14],"current_hp_per_floor":[80,80,80,80,79,79,28,52,52,46,33,57,57,57,57,24,80,48,21,21,22,22,23,47,73,73,18,18,7,7,0,0],"gold":268,"neow_bonus":"UPGRADE_CARD","is_daily":false,"chose_seed":false,"campfire_upgraded":2,"win_rate":0.0,"timestamp":1609748547,"path_taken":["M","?","?","M","M","R","E","R","T","M","M","R","M","$","R","BOSS","M","M","?","?","?","E","R","?","T","E","?","M","?","E"],"items_purchased_type":["Card","Card","Card"],"build_version":"2020-12-22","purchased_purges":1,"victory":false,"max_hp_per_floor":[80,80,80,80,80,80,80,80,80,80,80,80,80,80,80,80,80,80,80,80,80,80,80,80,80,80,80,80,80,80,80,80],"card_choices":[{"not_picked":["Clothesline","Havoc"],"picked":"Armaments","floor":1},{"not_picked":["Blood for Blood","Clothesline"],"picked":"Rage","floor":4},{"not_picked":["Evolve","Thunderclap"],"picked":"Cleave","floor":5},{"not_picked":["Offering","Power Through"],"picked":"Fire Breathing","floor":7},{"not_picked":["Anger","True Grit"],"picked":"Shrug It Off","floor":10},{"not_picked":["True Grit","Rupture"],"picked":"Shrug It Off","floor":11},{"not_picked":["Armaments","Rage"],"picked":"Wild Strike","floor":13},{"not_picked":["Berserk","Brutality"],"picked":"Reaper","floor":16},{"not_picked":["Clash","Dual Wield"],"picked":"Flex+1","floor":18},{"not_picked":["Iron Wave","Body Slam+1"],"picked":"Heavy Blade","floor":19},{"not_picked":["Shockwave","Dual Wield"],"picked":"Battle Trance","floor":21},{"not_picked":["True Grit","Havoc+1"],"picked":"Carnage","floor":23},{"not_picked":["Battle Trance","Clothesline"],"picked":"Infernal Blade","floor":27},{"not_picked":["Twin Strike","Thunderclap"],"picked":"Shrug It Off+1","floor":29}],"player_experience":660910,"relics_obtained":[{"floor":7,"key":"Red Skull"},{"floor":23,"key":"Shuriken"},{"floor":27,"key":"Ice Cream"}],"event_choices":[{"damage_healed":0,"gold_gain":0,"cards_transformed":["Defend_R"],"player_choice":"Change","damage_taken":0,"max_hp_gain":0,"max_hp_loss":0,"event_name":"Living Wall","floor":2,"gold_loss":0,"cards_obtained":["Corruption"]},{"damage_healed":0,"gold_gain":0,"player_choice":"Ignored","damage_taken":0,"max_hp_gain":0,"max_hp_loss":0,"event_name":"Liars Game","floor":3,"gold_loss":0},{"damage_healed":0,"gold_gain":100,"player_choice":"Pray","damage_taken":0,"max_hp_gain":0,"max_hp_loss":0,"event_name":"Golden Shrine","floor":20,"gold_loss":0},{"damage_healed":0,"gold_gain":0,"player_choice":"Simplicity","damage_taken":0,"max_hp_gain":0,"max_hp_loss":0,"event_name":"Back to Basics","floor":22,"gold_loss":0,"cards_upgraded":["Strike_R","Strike_R","Strike_R","Strike_R","Strike_R","Defend_R","Defend_R"]},{"damage_healed":26,"gold_gain":0,"player_choice":"Heal","damage_taken":0,"max_hp_gain":0,"max_hp_loss":0,"event_name":"The Library","floor":25,"gold_loss":0},{"damage_healed":0,"gold_gain":0,"player_choice":"Obtained Relic","damage_taken":0,"relics_obtained":["Ancient Tea Set"],"max_hp_gain":0,"max_hp_loss":0,"event_name":"Addict","floor":28,"gold_loss":85},{"damage_healed":0,"gold_gain":0,"player_choice":"Inject Mutagens","damage_taken":0,"relics_obtained":["MutagenicStrength"],"max_hp_gain":0,"max_hp_loss":0,"event_name":"Drug Dealer","floor":30,"gold_loss":0}],"is_beta":false,"boss_relics":[{"not_picked":["Snecko Eye","Black Blood"],"picked":"Cursed Key"}],"items_purged_floors":[14],"is_endless":false,"potions_floor_spawned":[4,5,13,27,29],"killed_by":"Gremlin Leader","ascension_level":4}}