{"host":"lmfyrftzgej4dj7o","time":1609767409,"event":{"mods":["BaseMod","Downfall","Hero for Fun","Luminous","Minty Spire (QoL Compilation)","Quick Restart","StSLib","The Bug Knight","Waifu the Spire","[地精首领爬塔]The Maniac"],"gold_per_floor":[99,99,161,161,161,177,177,177,189,189,114,124,124,30,50,155,155,155,155,155,155],"floor_reached":19,"playtime":1157,"items_purged":[],"score":153,"play_id":"8b2e313b-ac99-4afa-bd83-ef1c4121558c","local_time":"20210104213649","is_ascension_mode":false,"campfire_choices":[{"floor":1,"key":"RECALL"},{"data":"Guardian:PrismaticBarrier","floor":11,"key":"SMITH"},{"data":"Guardian:TwinSlam","floor":13,"key":"SMITH"},{"data":"Guardian:PrismaticBeam","floor":18,"key":"SMITH"}],"circlet_count":0,"master_deck":["Guardian:Strike_Guardian+1","Guardian:Strike_Guardian","Guardian:Strike_Guardian","Guardian:Defend_Guardian","Guardian:Defend_Guardian","Guardian:Defend_Guardian","Guardian:Defend_Guardian+1","Guardian:CurlUp","Guardian:TwinSlam+1","Guardian:PrismaticBarrier+1","Regret","Guardian:SpikerProtocol+1","Regret","Guardian:TimeBomb","Guardian:StasisField","Guardian:PrismaticBeam+1","Guardian:TimeSifter"],"relics":["Guardian:ModeShifter","downfall:HeartsMalice","White Beast Statue","PreservedInsect","Pear","downfall:HeartBlessingRed","downfall:Hecktoplasm"],"acts_visited":["Exordium","TheCity"],"potions_floor_usage":[14,15,16],"damage_taken":[{"damage":0,"enemies":"Jaw Worm","floor":2,"turns":1},{"damage":0,"enemies":"Gremlin Nob","floor":3,"turns":1},{"damage":0,"enemies":"2 Louse","floor":4,"turns":1},{"damage":6,"enemies":"Small Slimes","floor":6,"turns":3},{"damage":1,"enemies":"Exordium Wildlife","floor":9,"turns":4},{"damage":8,"enemies":"Red Slaver","floor":12,"turns":4},{"damage":4,"enemies":"downfall:FleeingMerchant","floor":14,"turns":4},{"damage":10,"enemies":"Large Slime","floor":15,"turns":6},{"damage":40,"enemies":"downfall:Silent","floor":16,"turns":9},{"damage":0,"enemies":"Chosen","floor":19,"turns":1}],"seed_played":"-2865769852732950213","potions_obtained":[{"floor":3,"key":"DuplicationPotion"},{"floor":4,"key":"SmokeBomb"},{"floor":6,"key":"ColorlessPotion"},{"floor":9,"key":"Fire Potion"},{"floor":14,"key":"AttackPotion"},{"floor":15,"key":"SmokeBomb"},{"floor":16,"key":"FearPotion"}],"is_trial":false,"path_per_floor":["R","M","?","M","?","M","T","?","M","?","R","M","R","$","M","B",null,"R","M"],"character_chosen":"GUARDIAN","items_purchased":["Guardian:PrismaticBeam"],"campfire_rested":0,"item_purchase_floors":[14],"current_hp_per_floor":[80,80,80,80,80,74,74,84,83,83,83,75,75,71,61,21,90,90,90,90,90],"gold":155,"neow_bonus":"THREE_ENEMY_KILL","is_daily":false,"chose_seed":false,"campfire_upgraded":3,"win_rate":0.0,"timestamp":1609767409,"path_taken":["R","M","?","M","?","M","T","?","M","?","R","?","R","?","M","BOSS","R","M"],"items_purchased_type":["Card"],"build_version":"2020-12-22","purchased_purges":0,"victory":false,"max_hp_per_floor":[80,80,80,80,80,80,80,90,90,90,90,90,90,90,90,90,90,90,90,90,90],"card_choices":[{"not_picked":["Guardian:CrystalBeam","Guardian:Gem_Red"],"picked":"Guardian:Gem_Purple","floor":2},{"not_picked":["Guardian:Recover","Guardian:Gem_Red"],"picked":"Guardian:PrismaticBarrier","floor":3},{"not_picked":["Guardian:ChargeCore","Guardian:VentSteam"],"picked":"Guardian:Gem_Cyan","floor":4},{"not_picked":["Guardian:Gem_Lightblue","Guardian:ChargeUp"],"picked":"Guardian:Gem_Green","floor":6},{"not_picked":["Guardian:SentryBeam","Guardian:Repulse"],"picked":"Guardian:SpikerProtocol","floor":9},{"not_picked":["Guardian:PrimingBeam","Guardian:SentryBeam"],"picked":"Guardian:TimeBomb","floor":12},{"not_picked":["Guardian:CrystalBeam","Guardian:TemporalStrike"],"picked":"Guardian:StasisField","floor":14},{"not_picked":["Guardian:TemporalShield","Guardian:Planning"],"picked":"Guardian:Gem_Red","floor":15},{"not_picked":["Guardian:HyperBeam_Guardian","Guardian:StasisStrike"],"picked":"Guardian:TimeSifter","floor":16}],"player_experience":2758,"relics_obtained":[{"floor":3,"key":"White Beast Statue"},{"floor":7,"key":"PreservedInsect"}],"event_choices":[{"damage_healed":0,"gold_gain":0,"player_choice":"Box","damage_taken":0,"relics_obtained":["Pear"],"max_hp_gain":0,"max_hp_loss":0,"event_name":"Big Fish","floor":8,"gold_loss":0,"cards_obtained":["Regret"]}],"is_beta":false,"boss_relics":[{"not_picked":["Runic Dome","Coffee Dripper"],"picked":"downfall:Hecktoplasm"}],"items_purged_floors":[],"is_endless":false,"potions_floor_spawned":[3,4,6,9,12,14,15,16],"killed_by":"Chosen","ascension_level":0}}