{"host":"rmsq46plbpwfbxcc","time":1609756607,"event":{"mods":["AchievementEnabler","BaseMod","Colored Map","Colored Powertips","DeckTracker","KOR Keyword Fix","Minty Spire (QoL Compilation)","Permanent Neow","Quick Restart","SuperFastMode"],"gold_per_floor":[117,42,54,54,4,4,20,20,99,99,99,134,153,168,168,265,315,326,342,257,257,257,285,285,285,309,320,320,320,92,120,120,120,120],"floor_reached":33,"playtime":815,"items_purged":["Strike_G","Writhe"],"score":444,"play_id":"514f2996-6707-48e8-80b7-19a96fd1c274","local_time":"20210104193647","is_ascension_mode":true,"campfire_choices":[{"data":"Neutralize","floor":6.0,"key":"SMITH"},{"data":"Terror","floor":8.0,"key":"SMITH"},{"data":"Survivor","floor":10.0,"key":"SMITH"},{"data":"Blade Dance","floor":15.0,"key":"SMITH"},{"data":"Phantasmal Killer","floor":24,"key":"SMITH"},{"data":"Finisher","floor":29,"key":"SMITH"},{"data":"Blur","floor":32,"key":"SMITH"}],"circlet_count":0,"master_deck":["Strike_G","Strike_G","Strike_G","Defend_G","Defend_G+1","Defend_G","Survivor+1","Neutralize+1","Escape Plan","PiercingWail","Terror+1","Blade Dance+1","Blur+1","A Thousand Cuts+1","Phantasmal Killer+1","Acrobatics","Finisher+1","Footwork+1","Dark Shackles+1","Venomology+1"],"relics":["Coffee Dripper","Blue Candle","Frozen Egg 2","Lantern","Tiny House","Boot","White Beast Statue","Toxic Egg 2","Anchor","MealTicket"],"acts_visited":["Exordium","TheCity"],"potions_floor_usage":[19,19,31,33],"damage_taken":[{"damage":2.0,"enemies":"Small Slimes","floor":1.0,"turns":4.0},{"damage":0.0,"enemies":"2 Louse","floor":3.0,"turns":4.0},{"damage":0.0,"enemies":"Cultist","floor":7.0,"turns":5.0},{"damage":7.0,"enemies":"Gremlin Nob","floor":12.0,"turns":4.0},{"damage":0.0,"enemies":"3 Louse","floor":13.0,"turns":4.0},{"damage":0.0,"enemies":"Blue Slaver","floor":14.0,"turns":3.0},{"damage":13.0,"enemies":"Slime Boss","floor":16.0,"turns":4.0},{"damage":11.0,"enemies":"2 Thieves","floor":18.0,"turns":5.0},{"damage":0,"enemies":"Spheric Guardian","floor":19,"turns":1},{"damage":17,"enemies":"Gremlin Leader","floor":23,"turns":7},{"damage":1,"enemies":"Centurion and Healer","floor":27,"turns":6},{"damage":0,"enemies":"Book of Stabbing","floor":31,"turns":4},{"damage":22,"enemies":"Collector","floor":33,"turns":3}],"seed_played":"8917616580559434946","potions_obtained":[{"floor":1.0,"key":"Explosive Potion"},{"floor":3.0,"key":"Fire Potion"},{"floor":14.0,"key":"LiquidMemories"},{"floor":16.0,"key":"SteroidPotion"},{"floor":17.0,"key":"Fire Potion"},{"floor":27,"key":"ColorlessPotion"},{"floor":31,"key":"DuplicationPotion"}],"is_trial":false,"path_per_floor":["M","$","M","?","?","R","M","R","T","R","?","E","M","M","R","B",null,"M","M","?","?","?","E","R","?","T","M","?","R","$","E","R","B"],"character_chosen":"THE_SILENT","items_purchased":["Footwork+1","Dark Shackles+1"],"campfire_rested":0,"item_purchase_floors":[30,30],"current_hp_per_floor":[61,61,61,54,54,54,54,54,54,54,36,29,29,29,29,16,62,51,51,51,51,51,34,34,34,34,33,19,19,19,19,19,0,0],"gold":120,"neow_bonus":"BOSS_RELIC","is_daily":false,"chose_seed":false,"campfire_upgraded":7,"win_rate":0.0,"timestamp":1609756607,"path_taken":["M","$","M","?","?","R","M","R","T","R","?","E","M","M","R","BOSS","M","M","?","?","?","E","R","?","T","M","?","R","?","E","R","BOSS"],"items_purchased_type":["Card","Card"],"build_version":"2020-12-22","purchased_purges":2,"victory":false,"max_hp_per_floor":[70,70,70,70,70,70,70,70,70,70,70,70,70,70,70,70,75,75,75,75,75,75,75,75,75,75,75,80,80,80,80,80,80,80],"card_choices":[{"not_picked":["Reflex","Acrobatics"],"picked":"Escape Plan","floor":1.0},{"not_picked":["Setup","Sucker Punch"],"picked":"PiercingWail","floor":3.0},{"not_picked":["Accuracy","Prepared"],"picked":"Terror","floor":7.0},{"not_picked":["Sucker Punch","Poisoned Stab"],"picked":"Blade Dance","floor":12.0},{"not_picked":["Terror","Slice"],"picked":"Blur","floor":13.0},{"not_picked":["Infinite Blades+1","PiercingWail"],"picked":"A Thousand Cuts+1","floor":14.0},{"not_picked":["Wraith Form v2+1","Grand Finale"],"picked":"Phantasmal Killer","floor":16.0},{"not_picked":["Calculated Gamble","Bouncing Flask","Prepared"],"picked":"SKIP","floor":18.0},{"not_picked":["Expertise","Prepared"],"picked":"Acrobatics","floor":19},{"not_picked":["Dagger Spray","Flying Knee+1","Blade Dance"],"picked":"SKIP","floor":23},{"not_picked":["Escape Plan+1","Dagger Throw"],"picked":"Finisher","floor":27},{"not_picked":["Calculated Gamble+1","Outmaneuver+1"],"picked":"Venomology+1","floor":31}],"player_experience":651431,"relics_obtained":[{"floor":9.0,"key":"Blue Candle"},{"floor":12.0,"key":"Lantern"},{"floor":23,"key":"White Beast Statue"},{"floor":26,"key":"Anchor"},{"floor":31,"key":"MealTicket"}],"event_choices":[{"cards_removed":["Defend_G"],"damage_healed":0.0,"max_hp_gain":0.0,"max_hp_loss":0.0,"gold_gain":0.0,"event_name":"Golden Wing","player_choice":"Card Removal","floor":4.0,"gold_loss":0.0,"damage_taken":7.0},{"cards_removed":["Strike_G"],"damage_healed":0.0,"max_hp_gain":0.0,"max_hp_loss":0.0,"gold_gain":0.0,"event_name":"The Cleric","player_choice":"Card Removal","floor":5.0,"gold_loss":50.0,"damage_taken":0.0},{"damage_healed":0.0,"max_hp_gain":0.0,"max_hp_loss":0.0,"gold_gain":0.0,"event_name":"Scrap Ooze","player_choice":"Success","floor":11.0,"gold_loss":0.0,"damage_taken":18.0,"relics_obtained":["Frozen Egg 2"]},{"damage_healed":0,"gold_gain":0,"player_choice":"Obtained Relic","damage_taken":0,"relics_obtained":["Boot"],"max_hp_gain":0,"max_hp_loss":0,"event_name":"Addict","floor":20,"gold_loss":85},{"damage_healed":0,"gold_gain":0,"player_choice":"Ignored","damage_taken":0,"max_hp_gain":0,"max_hp_loss":0,"event_name":"Vampires","floor":21,"gold_loss":0},{"cards_removed":["Defend_G"],"damage_healed":0,"gold_gain":0,"player_choice":"Elegance","damage_taken":0,"max_hp_gain":0,"max_hp_loss":0,"event_name":"Back to Basics","floor":22,"gold_loss":0},{"damage_healed":0,"gold_gain":0,"player_choice":"Opened","damage_taken":0,"relics_obtained":["Toxic Egg 2"],"max_hp_gain":0,"max_hp_loss":0,"event_name":"The Mausoleum","floor":25,"gold_loss":0,"cards_obtained":["Writhe"]},{"damage_healed":0,"gold_gain":0,"player_choice":"Shed Blood","damage_taken":19,"max_hp_gain":5,"max_hp_loss":0,"event_name":"Forgotten Altar","floor":28,"gold_loss":0}],"is_beta":false,"boss_relics":[{"not_picked":["Runic Dome","Sozu"],"picked":"Tiny House"}],"items_purged_floors":[2,30],"is_endless":false,"potions_floor_spawned":[1,3,14,16,27,31],"killed_by":"Collector","ascension_level":9}}