{"host":"x3lqeik2a5qeoft8","time":1609724022,"event":{"mods":["AchievementEnabler","BaseMod","Minty Spire (QoL Compilation)","SuperFastMode"],"gold_per_floor":[117,117,130,130,25,52,52,52,52,1,20,48,60,78,78,178,178,190,45,61,61,88,88,88,121,146,171,171,189,189,189,189,189,189],"floor_reached":33,"playtime":1212,"items_purged":[],"score":349,"play_id":"e40bc522-10b9-4b04-812c-8c7a51ff0c69","local_time":"20210104023342","is_ascension_mode":true,"campfire_choices":[{"floor":8,"key":"REST"},{"floor":15,"key":"REST"},{"floor":23,"key":"REST"},{"floor":28,"key":"REST"},{"floor":32,"key":"REST"}],"circlet_count":0,"master_deck":["Strike_R+1","Strike_R","Defend_R","Defend_R","Defend_R","Defend_R","Bash","Heavy Blade+1","Reckless Charge","Burning Pact","Feel No Pain","Cleave","Shrug It Off","Fire Breathing","Shrug It Off","Pommel Strike","Reckless Charge","Juggernaut","Havoc","Iron Wave","Reckless Charge+1","Exhume"],"relics":["Mark of Pain","Anchor","Calipers","Empty Cage","Oddly Smooth Stone","Enchiridion","Red Mask","Vajra","Red Skull","Molten Egg 2","Darkstone Periapt"],"acts_visited":["Exordium","TheCity"],"potions_floor_usage":[16,16,22,25,27,27,29],"damage_taken":[{"damage":9,"enemies":"Jaw Worm","floor":1,"turns":5},{"damage":0,"enemies":"2 Louse","floor":3,"turns":4},{"damage":18,"enemies":"3 Sentries","floor":6,"turns":11},{"damage":1,"enemies":"Cultist","floor":11,"turns":3},{"damage":30,"enemies":"Lagavulin","floor":12,"turns":5},{"damage":10,"enemies":"Lots of Slimes","floor":13,"turns":3},{"damage":7,"enemies":"3 Louse","floor":14,"turns":3},{"damage":17,"enemies":"The Guardian","floor":16,"turns":10},{"damage":0,"enemies":"Chosen","floor":18,"turns":5},{"damage":18,"enemies":"Spheric Guardian","floor":20,"turns":4},{"damage":12,"enemies":"Masked Bandits","floor":22,"turns":3},{"damage":29,"enemies":"Book of Stabbing","floor":25,"turns":5},{"damage":6,"enemies":"Gremlin Leader","floor":27,"turns":4},{"damage":44,"enemies":"Snake Plant","floor":29,"turns":4},{"damage":53,"enemies":"Collector","floor":33,"turns":7}],"seed_played":"-6425023420802225708","potions_obtained":[{"floor":1,"key":"HeartOfIron"},{"floor":6,"key":"Fire Potion"},{"floor":13,"key":"AttackPotion"},{"floor":16,"key":"Explosive Potion"},{"floor":18,"key":"FearPotion"},{"floor":22,"key":"Weak Potion"},{"floor":27,"key":"Strength Potion"},{"floor":29,"key":"PowerPotion"}],"is_trial":false,"path_per_floor":["M","?","M","?","$","E","$","R","T","$","M","E","M","M","R","B",null,"M","$","M","?","?","R","$","E","T","E","R","M","?","?","R","B"],"character_chosen":"IRONCLAD","items_purchased":["Burning Pact","Feel No Pain","Shrug It Off","Oddly Smooth Stone"],"campfire_rested":5,"item_purchase_floors":[5,5,10,19],"current_hp_per_floor":[71,71,71,55,55,37,37,61,61,61,60,30,20,13,37,20,80,80,80,62,46,34,58,58,29,29,23,47,3,29,29,53,0,0],"gold":189,"neow_bonus":"BOSS_RELIC","is_daily":false,"chose_seed":false,"campfire_upgraded":0,"win_rate":0.0,"timestamp":1609724022,"path_taken":["M","?","M","?","$","E","?","R","T","$","?","E","M","M","R","BOSS","M","?","M","?","?","R","?","E","T","E","R","?","?","?","R","BOSS"],"items_purchased_type":["Card","Card","Card","Relic"],"build_version":"2020-12-22","purchased_purges":0,"victory":false,"max_hp_per_floor":[80,80,80,80,80,80,80,80,80,80,80,80,80,80,80,80,80,80,80,80,80,80,80,80,80,80,80,80,80,80,80,80,80,80],"card_choices":[{"not_picked":["Dual Wield","Entrench"],"picked":"Heavy Blade","floor":1},{"not_picked":["Anger","Clash"],"picked":"Reckless Charge","floor":3},{"not_picked":["Clash","Iron Wave"],"picked":"Cleave","floor":6},{"not_picked":["Havoc","Sword Boomerang"],"picked":"Fire Breathing","floor":11},{"not_picked":["Uppercut","Heavy Blade"],"picked":"Shrug It Off","floor":12},{"not_picked":["Rampage","Berserk"],"picked":"Pommel Strike","floor":13},{"not_picked":["Evolve","Dropkick"],"picked":"Reckless Charge","floor":14},{"not_picked":["Double Tap","Brutality"],"picked":"Juggernaut","floor":16},{"not_picked":["Feel No Pain","Iron Wave"],"picked":"Havoc","floor":18},{"not_picked":["Clothesline","Anger"],"picked":"Iron Wave","floor":20},{"not_picked":["Carnage+1","Second Wind"],"picked":"Reckless Charge+1","floor":25},{"not_picked":["Dropkick+1","Combust+1"],"picked":"Exhume","floor":27},{"not_picked":["Metallicize","Headbutt+1","True Grit"],"picked":"SKIP","floor":29}],"player_experience":108242,"relics_obtained":[{"floor":6,"key":"Anchor"},{"floor":12,"key":"Calipers"},{"floor":21,"key":"Enchiridion"},{"floor":22,"key":"Red Mask"},{"floor":25,"key":"Vajra"},{"floor":26,"key":"Red Skull"},{"floor":27,"key":"Molten Egg 2"}],"event_choices":[{"cards_removed":["Strike_R"],"damage_healed":0,"gold_gain":0,"player_choice":"Forget","damage_taken":0,"max_hp_gain":0,"max_hp_loss":0,"event_name":"Living Wall","floor":2,"gold_loss":0},{"damage_healed":0,"gold_gain":0,"player_choice":"Entered Light","damage_taken":16,"max_hp_gain":0,"max_hp_loss":0,"event_name":"Shining Light","floor":4,"gold_loss":0,"cards_upgraded":["Heavy Blade","Strike_R"]},{"damage_healed":0,"gold_gain":0,"player_choice":"Obtained Book","damage_taken":16,"max_hp_gain":0,"max_hp_loss":0,"event_name":"Cursed Tome","floor":21,"gold_loss":0},{"damage_healed":0,"gold_gain":0,"player_choice":"Fought Bandits","damage_taken":0,"max_hp_gain":0,"max_hp_loss":0,"event_name":"Masked Bandits","floor":22,"gold_loss":0},{"damage_healed":26,"gold_gain":0,"player_choice":"Heal","damage_taken":0,"max_hp_gain":0,"max_hp_loss":0,"event_name":"The Library","floor":30,"gold_loss":0},{"damage_healed":0,"gold_gain":0,"player_choice":"Gave Potion","damage_taken":0,"relics_obtained":["Darkstone Periapt"],"max_hp_gain":0,"max_hp_loss":0,"event_name":"WeMeetAgain","floor":31,"gold_loss":0}],"is_beta":false,"boss_relics":[{"not_picked":["Velvet Choker","SlaversCollar"],"picked":"Empty Cage"}],"items_purged_floors":[],"is_endless":false,"potions_floor_spawned":[1,6,13,16,18,22,27,29],"killed_by":"Collector","ascension_level":4}}