{"host":"cv77zuuuekizn3ic","time":1609742859,"event":{"mods":["AchievementEnabler","BaseMod","Marisa£®ÏF”Í°°ƒß¿Ì…≥£©","Minty Spire (QoL Compilation)","StSLib","Waifu the Spire","everything is the same but u backflip on backflip","slay the spire mod where everything is the same but ironclad has a cowboy hat"],"gold_per_floor":[119,119,119,69,244,288,288,328,328,367,382,405,405,426,426,546,546,560,583,583,50,149,183,183,183,183,203,203,203,203,203],"floor_reached":30,"playtime":944,"items_purged":["Doubt"],"score":455,"play_id":"85ae839c-be97-4389-8915-8b92d7a4a649","local_time":"20210104144739","is_ascension_mode":true,"campfire_choices":[{"data":"Creative AI","floor":7.0,"key":"SMITH"},{"data":"Coolheaded","floor":15.0,"key":"SMITH"},{"data":"Double Energy","floor":25,"key":"SMITH"},{"data":"Reboot","floor":29,"key":"SMITH"}],"circlet_count":0,"master_deck":["Zap","Dualcast","Ball Lightning","Creative AI+1","Turbo","White Noise","Lockon","Melter","Coolheaded+1","Fission","Fusion","Chill","Sunder","Seek","Electrodynamics","Reprogram","Double Energy+1","Double Energy+1","Reboot+1"],"relics":["Cracked Core","NeowsBlessing","Bloody Idol","Regal Pillow","Nunchaku","The Courier","Mercury Hourglass","Pandora\u0027s Box","TheAbacus","Potion Belt","MealTicket","Bronze Scales","Art of War","Frozen Egg 2"],"acts_visited":["Exordium","TheCity"],"potions_floor_usage":[19],"damage_taken":[{"damage":0.0,"enemies":"Jaw Worm","floor":1.0,"turns":1.0},{"damage":0.0,"enemies":"Lagavulin","floor":6.0,"turns":1.0},{"damage":0.0,"enemies":"3 Sentries","floor":8.0,"turns":1.0},{"damage":15.0,"enemies":"Lagavulin","floor":10.0,"turns":6.0},{"damage":0.0,"enemies":"2 Louse","floor":11.0,"turns":2.0},{"damage":10.0,"enemies":"Small Slimes","floor":12.0,"turns":3.0},{"damage":0.0,"enemies":"2 Fungi Beasts","floor":14.0,"turns":2.0},{"damage":25.0,"enemies":"Hexaghost","floor":16.0,"turns":9.0},{"damage":0,"enemies":"Spheric Guardian","floor":18,"turns":2},{"damage":14,"enemies":"Shell Parasite","floor":19,"turns":3},{"damage":28,"enemies":"Gremlin Leader","floor":23,"turns":5},{"damage":1,"enemies":"Cultist and Chosen","floor":27,"turns":6},{"damage":37,"enemies":"Book of Stabbing","floor":30,"turns":3}],"seed_played":"-5707853095465309561","potions_obtained":[{"floor":10.0,"key":"Explosive Potion"},{"floor":11.0,"key":"PotionOfCapacity"},{"floor":12.0,"key":"DistilledChaos"},{"floor":19,"key":"Explosive Potion"},{"floor":23,"key":"Energy Potion"}],"is_trial":false,"path_per_floor":["M","?","?","?","?","E","R","E","T","E","M","M","?","M","R","B",null,"M","M","?","$","?","E","?","R","T","M","?","R","E"],"character_chosen":"DEFECT","items_purchased":["TheAbacus","Potion Belt","MealTicket","Bronze Scales"],"campfire_rested":0,"item_purchase_floors":[21,21,21,21],"current_hp_per_floor":[68,68,68,68,68,68,68,68,68,53,53,43,48,48,48,23,61,61,47,47,47,52,29,29,29,29,33,33,33,0,0],"gold":203,"neow_bonus":"THREE_ENEMY_KILL","is_daily":false,"chose_seed":false,"campfire_upgraded":4,"win_rate":0.0,"timestamp":1609742859,"path_taken":["M","?","?","?","?","E","R","E","T","E","M","M","?","M","R","BOSS","M","M","?","$","?","E","?","R","T","M","?","R","E"],"items_purchased_type":["Relic","Relic","Relic","Relic"],"build_version":"2020-12-22","purchased_purges":1,"victory":false,"max_hp_per_floor":[75,75,69,69,69,69,69,69,69,69,69,69,74,74,74,74,74,74,74,74,74,74,74,74,74,74,74,74,74,74,74],"card_choices":[{"not_picked":["Turbo","Cold Snap"],"picked":"Ball Lightning","floor":1.0},{"not_picked":["Steam Power","Conserve Battery"],"picked":"Turbo","floor":6.0},{"not_picked":["Self Repair","Hologram"],"picked":"White Noise","floor":8.0},{"not_picked":["Stack","Coolheaded"],"picked":"Lockon","floor":10.0},{"not_picked":["Turbo","Beam Cell"],"picked":"Melter","floor":11.0},{"not_picked":["Barrage","Leap","Redo"],"picked":"SKIP","floor":12.0},{"not_picked":["Barrage","Leap","Redo"],"picked":"SKIP","floor":12.0},{"not_picked":["Hologram","Redo"],"picked":"Coolheaded","floor":14.0},{"not_picked":["Reboot","Machine Learning"],"picked":"Fission","floor":16.0},{"not_picked":["Fusion","Barrage"],"picked":"Double Energy","floor":18},{"not_picked":["Barrage","Coolheaded","Static Discharge"],"picked":"SKIP","floor":19},{"not_picked":["Redo+1","Compile Driver","Aggregate"],"picked":"SKIP","floor":23},{"not_picked":["Static Discharge+1","Conserve Battery"],"picked":"Double Energy+1","floor":27}],"player_experience":703540,"relics_obtained":[{"floor":6.0,"key":"Regal Pillow"},{"floor":8.0,"key":"Nunchaku"},{"floor":9.0,"key":"The Courier"},{"floor":10.0,"key":"Mercury Hourglass"},{"floor":23,"key":"Art of War"},{"floor":26,"key":"Frozen Egg 2"}],"event_choices":[{"damage_healed":0.0,"max_hp_gain":0.0,"max_hp_loss":0.0,"gold_gain":0.0,"cards_transformed":["Strike_B"],"event_name":"Living Wall","player_choice":"Change","floor":2.0,"gold_loss":0.0,"damage_taken":0.0,"cards_obtained":["Creative AI"]},{"damage_healed":0.0,"max_hp_gain":0.0,"max_hp_loss":6.0,"gold_gain":0.0,"event_name":"Golden Idol","player_choice":"Lose Max HP","floor":3.0,"gold_loss":0.0,"damage_taken":0.0,"relics_obtained":["Golden Idol"]},{"cards_removed":["Defend_B"],"damage_healed":0.0,"max_hp_gain":0.0,"max_hp_loss":0.0,"gold_gain":0.0,"event_name":"The Cleric","player_choice":"Card Removal","floor":4.0,"gold_loss":50.0,"damage_taken":0.0},{"damage_healed":0.0,"max_hp_gain":0.0,"max_hp_loss":0.0,"gold_gain":175.0,"event_name":"Liars Game","player_choice":"AGREE","floor":5.0,"gold_loss":0.0,"damage_taken":0.0,"cards_obtained":["Doubt"]},{"damage_healed":0.0,"max_hp_gain":5.0,"max_hp_loss":0.0,"gold_gain":0.0,"event_name":"Big Fish","player_choice":"Donut","floor":13.0,"gold_loss":0.0,"damage_taken":0.0},{"damage_healed":0,"gold_gain":0,"player_choice":"Gave Idol","damage_taken":0,"relics_obtained":["Bloody Idol"],"max_hp_gain":0,"max_hp_loss":0,"event_name":"Forgotten Altar","floor":20,"relics_lost":["Golden Idol"],"gold_loss":0},{"damage_healed":0,"gold_gain":99,"player_choice":"Stole From Cult","damage_taken":0,"max_hp_gain":0,"max_hp_loss":0,"event_name":"Nest","floor":22,"gold_loss":0},{"damage_healed":0,"gold_gain":0,"player_choice":"Ignored","damage_taken":0,"max_hp_gain":0,"max_hp_loss":0,"event_name":"Vampires","floor":24,"gold_loss":0},{"damage_healed":0,"gold_gain":0,"player_choice":"1 cards matched","damage_taken":0,"max_hp_gain":0,"max_hp_loss":0,"event_name":"Match and Keep!","floor":28,"gold_loss":0,"cards_obtained":["Reboot"]}],"is_beta":false,"boss_relics":[{"not_picked":["Astrolabe","Cursed Key"],"picked":"Pandora\u0027s Box"}],"items_purged_floors":[21],"is_endless":false,"potions_floor_spawned":[10,11,12,16,19,23],"killed_by":"Book of Stabbing","ascension_level":9}}