{"host":"m6aaltr68g9tvoay","time":1609753130,"event":{"mods":["AchievementEnabler","BaseMod","Colored Map","Minty Spire (QoL Compilation)","StSLib"],"gold_per_floor":[115,115,80,92,8,8,8,38,38,58,71,71,71,85,85,178,178,198,198,34,34,55,55,55,55],"floor_reached":24,"playtime":627,"items_purged":["Strike_R"],"score":369,"play_id":"7ee8abe9-bd22-4bf0-8f52-713de8f1dade","local_time":"20210104013850","is_ascension_mode":true,"campfire_choices":[{"data":"Fire Breathing","floor":6,"key":"SMITH"},{"floor":12,"key":"REST"},{"floor":15,"key":"REST"},{"data":"Whirlwind","floor":23,"key":"SMITH"}],"circlet_count":0,"master_deck":["AscendersBane","Strike_R","Strike_R","Strike_R","Strike_R","Defend_R","Defend_R","Defend_R","Defend_R","Bash","Dark Shackles","Body Slam","Bludgeon","Fire Breathing+1","Pummel","Rage","Cleave","Injury","Shockwave","Reaper","Uppercut","Rampage+1","Whirlwind+1"],"relics":["Burning Blood","Unceasing Top","Thread and Needle","Golden Idol","Mark of Pain"],"acts_visited":["Exordium","TheCity"],"potions_floor_usage":[24],"damage_taken":[{"damage":9,"enemies":"Cultist","floor":1,"turns":5},{"damage":10,"enemies":"Small Slimes","floor":4,"turns":4},{"damage":61,"enemies":"Lagavulin","floor":8,"turns":7},{"damage":0,"enemies":"2 Louse","floor":10,"turns":3},{"damage":0,"enemies":"Exordium Wildlife","floor":11,"turns":4},{"damage":6,"enemies":"Blue Slaver","floor":14,"turns":3},{"damage":16,"enemies":"Slime Boss","floor":16,"turns":8},{"damage":17,"enemies":"Spheric Guardian","floor":18,"turns":4},{"damage":5,"enemies":"Chosen","floor":22,"turns":5},{"damage":79,"enemies":"Gremlin Leader","floor":24,"turns":6}],"seed_played":"-677047304140526605","potions_obtained":[{"floor":1,"key":"Energy Potion"},{"floor":10,"key":"Ancient Potion"}],"is_trial":false,"path_per_floor":["M","$","?","M","$","R","$","E","T","M","M","R","?","M","R","B",null,"M","?","$","?","M","R","E"],"character_chosen":"IRONCLAD","items_purchased":["Fire Breathing","Rampage"],"campfire_rested":2,"item_purchase_floors":[5,20],"current_hp_per_floor":[65,65,75,71,71,71,71,16,16,22,28,50,50,50,72,62,72,61,61,61,61,66,66,0,0],"gold":55,"neow_bonus":"RANDOM_COLORLESS","is_daily":false,"chose_seed":false,"campfire_upgraded":2,"win_rate":0.0,"timestamp":1609753130,"path_taken":["M","?","?","M","$","R","$","E","T","M","M","R","?","?","R","BOSS","M","?","$","?","M","R","E"],"items_purchased_type":["Card","Card"],"build_version":"2020-12-22","purchased_purges":1,"victory":false,"max_hp_per_floor":[75,75,75,75,75,75,75,75,75,75,75,75,75,75,75,75,75,75,75,75,75,75,75,75,75],"card_choices":[{"not_picked":["Forethought","Mind Blast"],"picked":"Dark Shackles","floor":0},{"not_picked":["Warcry","Anger"],"picked":"Body Slam","floor":1},{"not_picked":["Perfected Strike","Thunderclap"],"picked":"Bludgeon","floor":4},{"not_picked":["Blood for Blood","Thunderclap"],"picked":"Pummel","floor":8},{"not_picked":["Armaments","Searing Blow"],"picked":"Rage","floor":10},{"not_picked":["Dropkick","Intimidate"],"picked":"Cleave","floor":11},{"not_picked":["Wild Strike","Fire Breathing"],"picked":"Shockwave","floor":14},{"not_picked":["Immolate","Corruption"],"picked":"Reaper","floor":16},{"not_picked":["Thunderclap","Shrug It Off"],"picked":"Uppercut","floor":18},{"not_picked":["Inflame+1","Clash"],"picked":"Whirlwind","floor":22}],"player_experience":1337886,"relics_obtained":[{"floor":8,"key":"Unceasing Top"},{"floor":9,"key":"Thread and Needle"}],"event_choices":[{"damage_healed":18,"gold_gain":0,"player_choice":"Healed","damage_taken":0,"max_hp_gain":0,"max_hp_loss":0,"event_name":"The Cleric","floor":3,"gold_loss":35},{"damage_healed":0,"gold_gain":0,"player_choice":"Take Wound","damage_taken":0,"relics_obtained":["Golden Idol"],"max_hp_gain":0,"max_hp_loss":0,"event_name":"Golden Idol","floor":13,"gold_loss":0,"cards_obtained":["Injury"]},{"damage_healed":0,"gold_gain":0,"player_choice":"Ignored","damage_taken":0,"max_hp_gain":0,"max_hp_loss":0,"event_name":"Ghosts","floor":19,"gold_loss":0},{"damage_healed":0,"gold_gain":0,"player_choice":"Upgraded","damage_taken":0,"max_hp_gain":0,"max_hp_loss":0,"event_name":"Upgrade Shrine","floor":21,"gold_loss":0,"cards_upgraded":["Rampage"]}],"is_beta":false,"boss_relics":[{"not_picked":["Cursed Key","Calling Bell"],"picked":"Mark of Pain"}],"items_purged_floors":[20],"is_endless":false,"potions_floor_spawned":[1,10,16,22],"killed_by":"Gremlin Leader","ascension_level":18}}