{"host":"ryuep8ewa00k39z9","time":1609792714,"event":{"mods":["AchievementEnabler","BaseMod","Best Route Mod","Colored Map","Colored Powertips","Displayed Cursed Tome","Highlight Path","Minty Spire (QoL Compilation)","Quick Restart","SuperFastMode"],"gold_per_floor":[112,112,112,112,37,112,151,151,177,210,210,230,230,261,261,386,386,400,400,315,327,327,360,360,378,378,92,92,17,17,17,17,122,122,135,135,135,155,30,65,65,115,183,108,108,139,159,159,159],"floor_reached":48,"playtime":3296,"items_purged":["Regret","Strike_B","Defend_B"],"score":817,"play_id":"9b1122e4-eefe-4410-9ea6-dad4982b13b7","local_time":"20210104143834","is_ascension_mode":true,"campfire_choices":[{"floor":8,"key":"REST"},{"data":"Streamline","floor":11,"key":"SMITH"},{"data":"Ball Lightning","floor":13,"key":"SMITH"},{"floor":15,"key":"REST"},{"data":"Ghostly","floor":28,"key":"SMITH"},{"data":"Ghostly","floor":30,"key":"SMITH"},{"data":"Ghostly","floor":32,"key":"SMITH"},{"floor":41,"key":"RECALL"}],"circlet_count":0,"master_deck":["Defend_B","Ball Lightning+1","Amplify","Streamline+1","Defragment","Electrodynamics","Meteor Strike+1","Steam Power+1","Storm+1","Defragment","Ghostly+1","Ghostly+1","Ghostly+1","Ghostly","Ghostly","Capacitor","Heatsinks","Capacitor","Biased Cognition","Glacier","Undo+1","White Noise+1","Defragment","Undo+1","Capacitor"],"relics":["Cracked Core","NeowsBlessing","Bloody Idol","Question Card","Akabeko","Strawberry","Bottled Flame","Bird Faced Urn","Astrolabe","Ancient Tea Set","Letter Opener","HandDrill","Empty Cage","Kunai","Shovel","Gremlin Horn","Blood Vial"],"acts_visited":["Exordium","TheCity","TheBeyond"],"potions_floor_usage":[12,14,14,38,48],"damage_taken":[{"damage":0,"enemies":"Small Slimes","floor":1,"turns":1},{"damage":0,"enemies":"Gremlin Nob","floor":7,"turns":1},{"damage":0,"enemies":"3 Sentries","floor":10,"turns":1},{"damage":0,"enemies":"2 Louse","floor":12,"turns":1},{"damage":19,"enemies":"Lagavulin","floor":14,"turns":4},{"damage":43,"enemies":"Hexaghost","floor":16,"turns":9},{"damage":6,"enemies":"3 Byrds","floor":18,"turns":2},{"damage":33,"enemies":"2 Thieves","floor":21,"turns":3},{"damage":11,"enemies":"Book of Stabbing","floor":23,"turns":6},{"damage":1,"enemies":"Snecko","floor":25,"turns":3},{"damage":7,"enemies":"Collector","floor":33,"turns":6},{"damage":4,"enemies":"Orb Walker","floor":35,"turns":4},{"damage":7,"enemies":"3 Shapes","floor":38,"turns":3},{"damage":5,"enemies":"Nemesis","floor":40,"turns":5},{"damage":9,"enemies":"Mind Bloom Boss Battle","floor":42,"turns":5},{"damage":40,"enemies":"Giant Head","floor":46,"turns":8},{"damage":7,"enemies":"Spire Growth","floor":47,"turns":6},{"damage":42,"enemies":"2 Orb Walkers","floor":48,"turns":2}],"seed_played":"1889547424646364107","potions_obtained":[{"floor":7,"key":"LiquidBronze"},{"floor":10,"key":"BlessingOfTheForge"},{"floor":12,"key":"Dexterity Potion"},{"floor":21,"key":"Ancient Potion"},{"floor":33,"key":"SkillPotion"},{"floor":35,"key":"FearPotion"},{"floor":46,"key":"LiquidMemories"}],"is_trial":false,"path_per_floor":["M","?","?","?","$","?","E","R","T","E","R","M","R","E","R","B",null,"M","?","?","M","?","E","?","M","T","$","R","$","R","$","R","B",null,"M","$","?","M","$","E","R","?","T","$","?","E","M","?"],"character_chosen":"DEFECT","items_purchased":["HandDrill","Heatsinks","Capacitor","Defragment"],"campfire_rested":2,"item_purchase_floors":[27,27,29,44],"current_hp_per_floor":[68,50,43,43,43,32,32,54,61,61,61,61,61,42,66,25,68,70,70,70,51,41,38,38,41,41,41,41,41,41,41,41,41,41,41,41,41,41,41,41,41,41,41,41,39,22,39,0,0],"gold":159,"neow_bonus":"THREE_ENEMY_KILL","is_daily":false,"chose_seed":false,"campfire_upgraded":5,"win_rate":0.0,"timestamp":1609792714,"path_taken":["M","?","?","?","$","?","E","R","T","E","R","M","R","E","R","BOSS","M","?","?","M","?","E","?","M","T","$","R","$","R","?","R","BOSS","M","$","?","M","$","E","R","?","T","$","?","E","M","?"],"items_purchased_type":["Relic","Card","Card","Card"],"build_version":"2020-12-22","purchased_purges":3,"victory":false,"max_hp_per_floor":[75,75,75,75,75,75,75,75,82,82,82,82,82,82,82,82,82,82,82,82,82,41,41,41,41,41,41,41,41,41,41,41,41,41,41,41,41,41,41,41,41,41,41,41,39,39,39,39,39],"card_choices":[{"not_picked":["Coolheaded","Recycle"],"picked":"Ball Lightning","floor":1},{"not_picked":["BootSequence","Aggregate","Recycle"],"picked":"Amplify","floor":7},{"not_picked":["Scrape","Stack","Sunder"],"picked":"Streamline","floor":10},{"not_picked":["Compile Driver","Turbo","Chill","Go for the Eyes"],"picked":"SKIP","floor":12},{"not_picked":["Redo","Double Energy","Turbo"],"picked":"Defragment","floor":14},{"not_picked":["Buffer","Seek","Multi-Cast"],"picked":"Electrodynamics","floor":16},{"not_picked":["Reinforced Body","Streamline","Stack","Go for the Eyes+1"],"picked":"SKIP","floor":18},{"not_picked":["Streamline+1","Ball Lightning+1","Capacitor"],"picked":"Defragment","floor":21},{"not_picked":["Hologram+1","Stack+1","Leap","Go for the Eyes"],"picked":"SKIP","floor":23},{"not_picked":["Aggregate","Glacier","Cold Snap+1"],"picked":"Capacitor","floor":25},{"not_picked":["Amplify","Electrodynamics","Seek"],"picked":"Biased Cognition","floor":33},{"not_picked":["Sweeping Beam+1","Go for the Eyes","Beam Cell+1","Coolheaded+1"],"picked":"SKIP","floor":35},{"not_picked":["Cold Snap+1","Blizzard+1","Beam Cell+1"],"picked":"Glacier","floor":38},{"not_picked":["Streamline+1","Compile Driver","Cold Snap"],"picked":"Undo+1","floor":40},{"not_picked":["Conserve Battery+1","Self Repair+1","Cold Snap+1"],"picked":"White Noise+1","floor":42},{"not_picked":["Rebound+1","Heatsinks","Machine Learning"],"picked":"Undo+1","floor":46},{"not_picked":["Doom and Gloom+1","Force Field+1","Self Repair+1"],"picked":"Capacitor","floor":47}],"player_experience":3901367,"relics_obtained":[{"floor":7,"key":"Akabeko"},{"floor":9,"key":"Strawberry"},{"floor":10,"key":"Bottled Flame"},{"floor":14,"key":"Bird Faced Urn"},{"floor":23,"key":"Letter Opener"},{"floor":40,"key":"Kunai"},{"floor":42,"key":"Shovel"},{"floor":43,"key":"Gremlin Horn"},{"floor":46,"key":"Blood Vial"}],"event_choices":[{"damage_healed":0,"gold_gain":0,"player_choice":"Take Damage","damage_taken":18,"relics_obtained":["Golden Idol"],"max_hp_gain":0,"max_hp_loss":0,"event_name":"Golden Idol","floor":2,"gold_loss":0},{"cards_removed":["Strike_B"],"damage_healed":0,"gold_gain":0,"player_choice":"Card Removal","damage_taken":7,"max_hp_gain":0,"max_hp_loss":0,"event_name":"Golden Wing","floor":3,"gold_loss":0},{"damage_healed":0,"gold_gain":0,"player_choice":"Box","damage_taken":0,"relics_obtained":["Question Card"],"max_hp_gain":0,"max_hp_loss":0,"event_name":"Big Fish","floor":4,"gold_loss":0,"cards_obtained":["Regret"]},{"damage_healed":0,"gold_gain":75,"player_choice":"Gather Gold","damage_taken":11,"max_hp_gain":0,"max_hp_loss":0,"event_name":"World of Goop","floor":6,"gold_loss":0},{"damage_healed":0,"gold_gain":0,"player_choice":"Gave Idol","damage_taken":0,"relics_obtained":["Bloody Idol"],"max_hp_gain":0,"max_hp_loss":0,"event_name":"Forgotten Altar","floor":19,"relics_lost":["Golden Idol"],"gold_loss":0},{"damage_healed":0,"gold_gain":0,"player_choice":"Obtained Relic","damage_taken":0,"relics_obtained":["Ancient Tea Set"],"max_hp_gain":0,"max_hp_loss":0,"event_name":"Addict","floor":20,"gold_loss":85},{"damage_healed":0,"gold_gain":0,"player_choice":"Became a Ghost","damage_taken":0,"max_hp_gain":0,"max_hp_loss":41,"event_name":"Ghosts","floor":22,"gold_loss":0,"cards_obtained":["Ghostly","Ghostly","Ghostly","Ghostly","Ghostly"]},{"cards_removed":["Strike_B"],"damage_healed":0,"gold_gain":0,"player_choice":"Elegance","damage_taken":0,"max_hp_gain":0,"max_hp_loss":0,"event_name":"Back to Basics","floor":24,"gold_loss":0},{"damage_healed":0,"gold_gain":0,"player_choice":"Ignored","damage_taken":0,"max_hp_gain":0,"max_hp_loss":0,"event_name":"Tomb of Lord Red Mask","floor":37,"gold_loss":0},{"damage_healed":0,"gold_gain":0,"player_choice":"Fight","damage_taken":0,"max_hp_gain":0,"max_hp_loss":0,"event_name":"MindBloom","floor":42,"gold_loss":0},{"damage_healed":0,"gold_gain":0,"player_choice":"Max HP","damage_taken":0,"max_hp_gain":0,"max_hp_loss":2,"event_name":"Winding Halls","floor":45,"gold_loss":0},{"damage_healed":0,"gold_gain":0,"player_choice":"Fight","damage_taken":0,"max_hp_gain":0,"max_hp_loss":0,"event_name":"Mysterious Sphere","floor":48,"gold_loss":0}],"is_beta":false,"boss_relics":[{"not_picked":["SacredBark","Philosopher\u0027s Stone"],"picked":"Astrolabe"},{"not_picked":["Pandora\u0027s Box","Runic Dome"],"picked":"Empty Cage"}],"items_purged_floors":[5,27,39],"is_endless":false,"potions_floor_spawned":[7,10,12,21,33,35,46,47],"killed_by":"2 Orb Walkers","ascension_level":8}}