{"host":"mcdusr64esz012l0","time":1609750284,"event":{"mods":["BaseMod","Minty Spire (QoL Compilation)","Relic Stats"],"gold_per_floor":[114,126,141,159,159,192,192,226,226,226,226,226],"floor_reached":11,"playtime":287,"items_purged":[],"score":166,"play_id":"dba34771-bb5b-474b-941d-3608ab97476d","local_time":"20210104035124","is_ascension_mode":true,"campfire_choices":[{"floor":10,"key":"REST"}],"circlet_count":0,"master_deck":["AscendersBane","Strike_P","Strike_P+1","Strike_P","Strike_P","Defend_P","Defend_P+1","Defend_P","Defend_P+1","Eruption","Vigilance","Conclude","Swivel+1","TalkToTheHand","CrushJoints","FlurryOfBlows"],"relics":["PureWater","NeowsBlessing","Toy Ornithopter","War Paint","CeramicFish"],"acts_visited":["Exordium"],"potions_floor_usage":[8],"damage_taken":[{"damage":0,"enemies":"Jaw Worm","floor":1,"turns":1},{"damage":0,"enemies":"Small Slimes","floor":2,"turns":1},{"damage":0,"enemies":"2 Louse","floor":3,"turns":1},{"damage":3,"enemies":"Exordium Thugs","floor":4,"turns":3},{"damage":8,"enemies":"3 Sentries","floor":6,"turns":3},{"damage":47,"enemies":"Gremlin Nob","floor":8,"turns":4},{"damage":46,"enemies":"Lagavulin","floor":11,"turns":6}],"seed_played":"-2151845099827371255","potions_obtained":[{"floor":6,"key":"Block Potion"},{"floor":8,"key":"Explosive Potion"}],"is_trial":false,"path_per_floor":["M","M","M","M","?","E","?","E","T","R","E"],"character_chosen":"WATCHER","items_purchased":[],"campfire_rested":1,"item_purchase_floors":[],"current_hp_per_floor":[61,61,61,58,38,30,52,10,10,30,0,0],"gold":226,"neow_bonus":"THREE_ENEMY_KILL","is_daily":false,"chose_seed":false,"campfire_upgraded":0,"win_rate":0.0,"timestamp":1609750284,"path_taken":["M","M","M","M","?","E","?","E","T","R","E"],"items_purchased_type":[],"build_version":"2020-12-22","purchased_purges":0,"victory":false,"max_hp_per_floor":[68,68,68,68,68,68,68,68,68,68,68,68],"relic_stats":{"counters":[7,19],"CeramicFish":0,"War Paint":["Defend_P","Defend_P"],"obtain_stats":[{"NeowsBlessing":0,"CeramicFish":9,"PureWater":0,"War Paint":8,"Toy Ornithopter":6},{"NeowsBlessing":0,"CeramicFish":6,"PureWater":0,"War Paint":6,"Toy Ornithopter":5},{"NeowsBlessing":0,"CeramicFish":13,"PureWater":0,"War Paint":13,"Toy Ornithopter":9}],"Toy Ornithopter":5},"card_choices":[{"not_picked":["BowlingBash","FlyingSleeves"],"picked":"Conclude","floor":1},{"not_picked":["Weave","JustLucky"],"picked":"Swivel","floor":2},{"not_picked":["ForeignInfluence","ClearTheMind","Meditate"],"picked":"SKIP","floor":3},{"not_picked":["Consecrate","DeceiveReality"],"picked":"TalkToTheHand","floor":4},{"not_picked":["ForeignInfluence","Sanctity"],"picked":"CrushJoints","floor":6},{"not_picked":["ForeignInfluence","PathToVictory"],"picked":"FlurryOfBlows","floor":8}],"player_experience":1036579,"relics_obtained":[{"floor":6,"key":"Toy Ornithopter"},{"floor":8,"key":"War Paint"},{"floor":9,"key":"CeramicFish"}],"event_choices":[{"damage_healed":0,"gold_gain":0,"player_choice":"Entered Light","damage_taken":20,"max_hp_gain":0,"max_hp_loss":0,"event_name":"Shining Light","floor":5,"gold_loss":0,"cards_upgraded":["Swivel","Strike_P"]},{"damage_healed":22,"gold_gain":0,"player_choice":"Banana","damage_taken":0,"max_hp_gain":0,"max_hp_loss":0,"event_name":"Big Fish","floor":7,"gold_loss":0}],"is_beta":false,"boss_relics":[],"items_purged_floors":[],"is_endless":false,"potions_floor_spawned":[6,8],"killed_by":"Lagavulin","ascension_level":20}}