{"host":"56ghxnzsglgdq727","time":1609763677,"event":{"mods":["AchievementEnabler","BaseMod","Downfall","Minty Spire (QoL Compilation)","StSLib"],"gold_per_floor":[99,99,99,4,4,454,454,454,469,469,499,499,499,513,533,631,631,631,631,631,631,631,631,631,631,631,631,631,631,631,631,631,631,631,631,631,21,21,21,21,21,21],"floor_reached":40,"playtime":1695,"items_purged":["Slimebound:Icky"],"score":452,"play_id":"29e8999f-5fce-4709-b278-251e38a2df33","local_time":"20210104073437","is_ascension_mode":false,"campfire_choices":[{"data":"hexamod:ParanormalForm","floor":1,"key":"SMITH"},{"data":"hexamod:EtherealExpedition","floor":8,"key":"SMITH"},{"data":"hexamod:SpectersWail","floor":10,"key":"SMITH"},{"floor":13,"key":"REST"},{"data":"hexamod:EtherealExpedition","floor":18,"key":"SMITH"},{"floor":28,"key":"REST"},{"floor":30,"key":"REST"},{"data":"hexamod:RecurringNightmare","floor":35,"key":"SMITH"}],"circlet_count":0,"master_deck":["hexamod:Strike","hexamod:Strike","hexamod:Strike","hexamod:Strike","hexamod:Defend+1","hexamod:Defend","hexamod:Defend","hexamod:Defend","hexamod:Sear","hexamod:Float","hexamod:ParanormalForm+1","hexamod:SpectersWail+1","hexamod:EtherealExpedition+1","Slimebound:Icky","Slimebound:Icky","hexamod:ThirdSeal","hexamod:EtherealExpedition+1","hexamod:HexaLevel","hexamod:RecurringNightmare+1","hexamod:TimeOfNeed+1","hexamod:TimeOfNeed","hexamod:TimeOfNeed","hexamod:FastForward","hexamod:RecurringNightmare","hexamod:FourthSeal","hexamod:FlamesFromBeyond+1","hexamod:UnleashSpirits+1","hexamod:SixthSeal","hexamod:FastForward+1","Sadistic Nature","hexamod:ThirdSeal","hexamod:RecurringNightmare+1","hexamod:FirstSeal"],"relics":["hexamod:SpiritBrand","Gremlin Horn","HornCleat","Dream Catcher","Tiny Chest","downfall:Hecktoplasm","downfall:RedIOU","Kunai","Singing Bowl","downfall:HeartBlessingBlue","Black Star","hexamod:MatchstickCase","Art of War"],"acts_visited":["Exordium","TheCity","TheBeyond"],"potions_floor_usage":[16,16,26,27,32,32,33,39,39],"damage_taken":[{"damage":0,"enemies":"downfall:FleeingMerchant","floor":4,"turns":4},{"damage":5,"enemies":"Jaw Worm","floor":9,"turns":3},{"damage":25,"enemies":"Lagavulin","floor":11,"turns":6},{"damage":0,"enemies":"Small Slimes","floor":14,"turns":4},{"damage":0,"enemies":"2 Louse","floor":15,"turns":3},{"damage":40,"enemies":"downfall:Watcher","floor":16,"turns":9},{"damage":0,"enemies":"Spheric Guardian","floor":19,"turns":2},{"damage":14,"enemies":"Centurion and Healer","floor":22,"turns":5},{"damage":22,"enemies":"Gremlin Leader","floor":26,"turns":5},{"damage":31,"enemies":"Snecko","floor":27,"turns":6},{"damage":0,"enemies":"3 Cultists","floor":29,"turns":4},{"damage":25,"enemies":"Shelled Parasite and Fungi","floor":31,"turns":4},{"damage":7,"enemies":"Snake Plant","floor":32,"turns":5},{"damage":24,"enemies":"downfall:Defect","floor":33,"turns":7},{"damage":11,"enemies":"3 Shapes","floor":36,"turns":4},{"damage":0,"enemies":"downfall:FleeingMerchant","floor":37,"turns":4},{"damage":14,"enemies":"Orb Walker","floor":38,"turns":4},{"damage":86,"enemies":"2 Orb Walkers","floor":39,"turns":5},{"damage":51,"enemies":"Transient","floor":40,"turns":5}],"seed_played":"-8428544921724536771","potions_obtained":[{"floor":11,"key":"SteroidPotion"},{"floor":14,"key":"SneckoOil"},{"floor":15,"key":"Fire Potion"},{"floor":22,"key":"Swift Potion"},{"floor":26,"key":"GamblersBrew"},{"floor":27,"key":"champ:CounterPotion"},{"floor":31,"key":"Energy Potion"},{"floor":31,"key":"hexamod:InfernoChargePotion"},{"floor":32,"key":"FairyPotion"},{"floor":33,"key":"SmokeBomb"},{"floor":33,"key":"EssenceOfSteel"}],"is_trial":false,"path_per_floor":["R","?","?","$","T","?","T","R","M","R","E","T","R","M","M","B",null,"R","M","?","?","M","?","T","T","E","M","R","M","R","M","M","B",null,"R","M","$","M","?","M"],"character_chosen":"THE_SPIRIT","items_purchased":["hexamod:EtherealExpedition","hexamod:MatchstickCase","Sadistic Nature","hexamod:ThirdSeal","Art of War"],"campfire_rested":3,"item_purchase_floors":[4,37,37,37,37],"current_hp_per_floor":[63,68,56,56,56,56,56,56,51,51,26,26,46,46,46,6,68,68,68,68,68,54,54,54,54,34,7,44,46,74,53,48,24,96,96,89,91,79,38,0,0,0],"gold":21,"neow_bonus":"THREE_RARE_CARDS","is_daily":false,"chose_seed":false,"campfire_upgraded":5,"win_rate":0.0,"timestamp":1609763677,"path_taken":["R","?","?","?","?","?","T","R","?","R","E","?","R","M","M","BOSS","R","M","?","?","M","?","T","?","E","M","R","?","R","M","M","BOSS","R","M","$","?","?","M"],"items_purchased_type":["Card","Relic","Card","Card","Relic"],"build_version":"2020-12-22","purchased_purges":1,"victory":false,"max_hp_per_floor":[63,68,68,68,68,68,68,68,68,68,68,68,68,68,68,68,68,68,68,68,68,68,68,68,68,70,74,86,88,90,94,96,96,96,96,100,102,104,104,104,104,104],"card_choices":[{"not_picked":["hexamod:EmpoweringStance","hexamod:WildfireWeapon"],"picked":"hexamod:ParanormalForm","floor":0},{"not_picked":["hexamod:SwordOfDarkness","hexamod:GhostflameBarrier"],"picked":"hexamod:SpectersWail","floor":4},{"not_picked":["hexamod:HeatMetal","hexamod:ShieldOfDarkness","hexamod:InspiringFlames"],"picked":"SKIP","floor":9},{"not_picked":["hexamod:Firestarter","hexamod:SpectralSpark"],"picked":"hexamod:ThirdSeal","floor":11},{"not_picked":["hexamod:NightmareGuise","hexamod:RadiantFlame"],"picked":"hexamod:EtherealExpedition","floor":13},{"not_picked":["hexamod:SwordOfDarkness","hexamod:EmpoweredFlame"],"picked":"hexamod:HexaLevel","floor":14},{"not_picked":["hexamod:SoulSteal","hexamod:BacktrackSmack","hexamod:InspiringFlames"],"picked":"SKIP","floor":14},{"not_picked":["hexamod:EmpoweredFlame","hexamod:GhostShield"],"picked":"hexamod:RecurringNightmare","floor":15},{"not_picked":["hexamod:SpectersWail","hexamod:SwordOfDarkness","hexamod:AdvancingGuard"],"picked":"SKIP","floor":15},{"not_picked":["hexamod:ParanormalForm","hexamod:EmpoweringStance"],"picked":"hexamod:TimeOfNeed","floor":16},{"not_picked":["hexamod:TurnItUp","hexamod:ParanormalForm"],"picked":"hexamod:TimeOfNeed","floor":16},{"not_picked":["hexamod:NightmareStrike+1","hexamod:ThermalTransfer","hexamod:NightmareGuise+1"],"picked":"SKIP","floor":19},{"not_picked":["hexamod:AdvancingGuard","hexamod:RainOfEmbers"],"picked":"hexamod:FastForward","floor":22},{"not_picked":["hexamod:Firestarter","hexamod:SoulSteal+1","hexamod:AdvancingGuard"],"picked":"SKIP","floor":22},{"not_picked":["hexamod:HexaLevel","hexamod:BurningTouch"],"picked":"hexamod:RecurringNightmare","floor":26},{"not_picked":["hexamod:InspiringFlames+1","hexamod:ShieldOfDarkness","hexamod:Rewind"],"picked":"Singing Bowl","floor":26},{"not_picked":["hexamod:SecondSeal","hexamod:NightmareStrike","hexamod:ShieldOfDarkness"],"picked":"Singing Bowl","floor":27},{"not_picked":["hexamod:SpectralSpark+1","hexamod:Firestarter+1","hexamod:DynamicBlow"],"picked":"Singing Bowl","floor":27},{"not_picked":["hexamod:GhostOfSpirePast","hexamod:DynamicBlow","hexamod:SpectersWail"],"picked":"Singing Bowl","floor":28},{"not_picked":["hexamod:NightmareStrike","hexamod:Haunt+1"],"picked":"hexamod:FourthSeal","floor":29},{"not_picked":["hexamod:Toasty","hexamod:ShieldOfDarkness","hexamod:NightmareGuise"],"picked":"Singing Bowl","floor":29},{"not_picked":["hexamod:PhantomFireball","hexamod:GhostLash+1","hexamod:SkipABeat"],"picked":"Singing Bowl","floor":30},{"not_picked":["hexamod:NightmareGuise","hexamod:Hexaguard","hexamod:RadiantFlame+1"],"picked":"Singing Bowl","floor":31},{"not_picked":["hexamod:InspiringFlames","hexamod:ChargedBarrage","hexamod:BurningTouch"],"picked":"Singing Bowl","floor":31},{"not_picked":["hexamod:Firestarter+1","hexamod:HeatCrush"],"picked":"hexamod:FlamesFromBeyond+1","floor":32},{"not_picked":["hexamod:Hexaguard","hexamod:HauntingEcho","hexamod:ThermalTransfer"],"picked":"Singing Bowl","floor":32},{"not_picked":["hexamod:EmpoweringStance","hexamod:SearingWound"],"picked":"hexamod:UnleashSpirits","floor":33},{"not_picked":["hexamod:TimeWarp","hexamod:GiftsFromTheDead"],"picked":"hexamod:SixthSeal","floor":33},{"not_picked":["hexamod:SwordOfDarkness+1","hexamod:Hexaguard","hexamod:GhostOfSpirePast+1"],"picked":"Singing Bowl","floor":36},{"not_picked":["hexamod:RainOfEmbers","hexamod:GhostOfSpirePast+1","hexamod:RadiantFlame"],"picked":"Singing Bowl","floor":36},{"not_picked":["hexamod:SkipABeat","hexamod:ThermalTransfer+1"],"picked":"hexamod:FastForward+1","floor":37},{"not_picked":["hexamod:GhostShield","hexamod:PhantomFireball+1","hexamod:Hexaguard"],"picked":"Singing Bowl","floor":37},{"not_picked":["hexamod:HauntingEcho+1","hexamod:Firestarter","hexamod:StepThrough+1"],"picked":"Singing Bowl","floor":38},{"not_picked":["hexamod:SpectralAdrenaline+1","hexamod:ShieldOfDarkness"],"picked":"hexamod:RecurringNightmare+1","floor":38},{"not_picked":["hexamod:RetreatToShadows+1","hexamod:HauntingEcho"],"picked":"hexamod:FirstSeal","floor":38}],"player_experience":134756,"relics_obtained":[{"floor":5,"key":"HornCleat"},{"floor":7,"key":"Orichalcum"},{"floor":11,"key":"Dream Catcher"},{"floor":12,"key":"Tiny Chest"},{"floor":25,"key":"Kunai"},{"floor":26,"key":"Singing Bowl"}],"event_choices":[{"damage_healed":0,"gold_gain":0,"player_choice":"Donut","damage_taken":0,"max_hp_gain":5,"max_hp_loss":0,"event_name":"Big Fish","floor":2,"gold_loss":0},{"damage_healed":0,"gold_gain":0,"player_choice":"Success","damage_taken":12,"relics_obtained":["Gremlin Horn"],"max_hp_gain":0,"max_hp_loss":0,"event_name":"Scrap Ooze","floor":3,"gold_loss":0},{"damage_healed":0,"gold_gain":0,"player_choice":"Ignored","damage_taken":0,"max_hp_gain":0,"max_hp_loss":0,"event_name":"Vampires","floor":20,"gold_loss":0},{"damage_healed":0,"gold_gain":0,"player_choice":"Read","damage_taken":0,"max_hp_gain":0,"max_hp_loss":0,"event_name":"The Library","floor":21,"gold_loss":0,"cards_obtained":["hexamod:TimeOfNeed"]},{"damage_healed":0,"gold_gain":0,"player_choice":"Fight","damage_taken":0,"max_hp_gain":0,"max_hp_loss":0,"event_name":"Mysterious Sphere","floor":39,"gold_loss":0}],"is_beta":false,"boss_relics":[{"not_picked":["Calling Bell","SacredBark"],"picked":"downfall:Hecktoplasm"},{"not_picked":["Runic Dome","Velvet Choker"],"picked":"Black Star"}],"items_purged_floors":[37],"is_endless":false,"potions_floor_spawned":[11,14,15,22,26,27,31,33,38],"killed_by":"Transient","ascension_level":0}}