{"host":"coel31jtabpraq8l","time":1609761785,"event":{"mods":["BaseMod","Highlight Path","Minty Spire (QoL Compilation)","SuperFastMode"],"gold_per_floor":[112,112,129,129,204,244,244,264,317,358,358,358,389,407,407,531,531,545,545,460,515,540,540,639,639,707,723,741,760,778,778,778],"floor_reached":31,"playtime":891,"items_purged":[],"score":308,"play_id":"70295efd-cc78-4a3a-bfaf-f56bf5e71ac2","local_time":"20210104070305","is_ascension_mode":true,"campfire_choices":[{"data":"Static Discharge","floor":7,"key":"SMITH"},{"floor":11,"key":"REST"},{"floor":15,"key":"REST"},{"data":"Echo Form","floor":23,"key":"SMITH"},{"data":"Loop","floor":25,"key":"SMITH"}],"circlet_count":0,"master_deck":["Strike_B+1","Strike_B+1","Strike_B","Strike_B","Defend_B","Defend_B","Defend_B","Defend_B","Zap","Dualcast","Leap","Static Discharge+1","Leap","Loop+1","Echo Form+1","Coolheaded","Amplify","Static Discharge","Leap"],"relics":["Cracked Core","NeowsBlessing","Golden Idol","DataDisk","Bag of Preparation","Centennial Puzzle","Bottled Tornado","Nuclear Battery","Pen Nib","Whetstone","Singing Bowl"],"acts_visited":["Exordium","TheCity"],"potions_floor_usage":[13,30,30,30],"damage_taken":[{"damage":0,"enemies":"Jaw Worm","floor":1,"turns":1},{"damage":0,"enemies":"Small Slimes","floor":3,"turns":1},{"damage":0,"enemies":"Gremlin Nob","floor":6,"turns":1},{"damage":3,"enemies":"2 Louse","floor":8,"turns":3},{"damage":15,"enemies":"Lagavulin","floor":10,"turns":5},{"damage":27,"enemies":"3 Sentries","floor":13,"turns":4},{"damage":0,"enemies":"Large Slime","floor":14,"turns":5},{"damage":31,"enemies":"Slime Boss","floor":16,"turns":10},{"damage":26,"enemies":"2 Thieves","floor":18,"turns":4},{"damage":7,"enemies":"Chosen","floor":22,"turns":4},{"damage":2,"enemies":"Snecko","floor":27,"turns":4},{"damage":18,"enemies":"Sentry and Sphere","floor":28,"turns":5},{"damage":33,"enemies":"Centurion and Healer","floor":29,"turns":5},{"damage":15,"enemies":"Snecko","floor":30,"turns":5},{"damage":7,"enemies":"3 Cultists","floor":31,"turns":3}],"seed_played":"8005514910222327321","potions_obtained":[{"floor":3,"key":"PotionOfCapacity"},{"floor":10,"key":"Block Potion"},{"floor":13,"key":"ColorlessPotion"},{"floor":16,"key":"Fire Potion"}],"is_trial":false,"path_per_floor":["M","$","M","?","?","E","R","M","T","E","R","?","E","M","R","B",null,"M","?","?","T","M","R","?","R","T","M","M","M","M","M"],"character_chosen":"DEFECT","items_purchased":[],"campfire_rested":2,"item_purchase_floors":[],"current_hp_per_floor":[75,75,75,75,64,64,64,61,61,46,68,61,34,34,56,25,75,49,74,74,74,67,67,67,67,67,67,51,20,7,0,0],"gold":778,"neow_bonus":"THREE_ENEMY_KILL","is_daily":false,"chose_seed":false,"campfire_upgraded":3,"win_rate":0.0,"timestamp":1609761785,"path_taken":["M","$","M","?","?","E","R","M","T","E","R","?","E","M","R","BOSS","M","?","?","?","M","R","?","R","T","M","M","M","M","?"],"items_purchased_type":[],"build_version":"2020-12-22","purchased_purges":0,"victory":false,"max_hp_per_floor":[75,75,75,75,75,75,75,75,75,75,75,75,75,75,75,75,75,75,75,75,75,75,75,75,75,75,77,79,81,83,83,83],"card_choices":[{"not_picked":["Cold Snap","Sweeping Beam"],"picked":"Leap","floor":1},{"not_picked":["Beam Cell","Steam Power"],"picked":"Static Discharge","floor":3},{"not_picked":["Sunder","Hyperbeam","Steam Power"],"picked":"SKIP","floor":6},{"not_picked":["Redo","Melter"],"picked":"Leap","floor":8},{"not_picked":["Steam","Lockon"],"picked":"Loop","floor":10},{"not_picked":["Stack","Multi-Cast"],"picked":"Echo Form","floor":13},{"not_picked":["Compile Driver","Scrape"],"picked":"Coolheaded","floor":14},{"not_picked":["All For One","Fission"],"picked":"Amplify","floor":16},{"not_picked":["Rebound","Sweeping Beam"],"picked":"Static Discharge","floor":18},{"not_picked":["Static Discharge","FTL"],"picked":"Leap","floor":22},{"not_picked":["Rip and Tear","Streamline","Hologram"],"picked":"Singing Bowl","floor":27},{"not_picked":["Compile Driver","Reprogram","Core Surge"],"picked":"Singing Bowl","floor":28},{"not_picked":["Barrage","Gash","Leap"],"picked":"Singing Bowl","floor":29},{"not_picked":["Coolheaded","Rebound","Leap+1"],"picked":"Singing Bowl","floor":30}],"player_experience":622001,"relics_obtained":[{"floor":6,"key":"DataDisk"},{"floor":9,"key":"Bag of Preparation"},{"floor":10,"key":"Centennial Puzzle"},{"floor":13,"key":"Bottled Tornado"},{"floor":21,"key":"Whetstone"},{"floor":26,"key":"Singing Bowl"}],"event_choices":[{"damage_healed":0,"gold_gain":0,"player_choice":"Take Wound","damage_taken":0,"relics_obtained":["Golden Idol"],"max_hp_gain":0,"max_hp_loss":0,"event_name":"Golden Idol","floor":4,"gold_loss":0,"cards_obtained":["Injury"]},{"damage_healed":0,"gold_gain":75,"player_choice":"Gather Gold","damage_taken":11,"max_hp_gain":0,"max_hp_loss":0,"event_name":"World of Goop","floor":5,"gold_loss":0},{"cards_removed":["Injury"],"damage_healed":0,"gold_gain":0,"player_choice":"Card Removal","damage_taken":7,"max_hp_gain":0,"max_hp_loss":0,"event_name":"Golden Wing","floor":12,"gold_loss":0},{"damage_healed":25,"gold_gain":0,"player_choice":"Heal","damage_taken":0,"max_hp_gain":0,"max_hp_loss":0,"event_name":"The Library","floor":19,"gold_loss":0},{"damage_healed":0,"gold_gain":0,"player_choice":"Obtained Relic","damage_taken":0,"relics_obtained":["Pen Nib"],"max_hp_gain":0,"max_hp_loss":0,"event_name":"Addict","floor":20,"gold_loss":85},{"damage_healed":0,"gold_gain":99,"player_choice":"Stole From Cult","damage_taken":0,"max_hp_gain":0,"max_hp_loss":0,"event_name":"Nest","floor":24,"gold_loss":0}],"is_beta":false,"boss_relics":[{"not_picked":["Runic Dome","Pandora\u0027s Box"],"picked":"Nuclear Battery"}],"items_purged_floors":[],"is_endless":false,"potions_floor_spawned":[3,10,13,16,22,27],"killed_by":"3 Cultists","ascension_level":2}}