{"host":"x1qj4d8ympd5jdqh","time":1609748164,"event":{"mods":["AchievementEnabler","AlwaysNeverKeys","BaseMod","Colored Map","Custom Start","DeckTracker","Highlight Path","Minty Spire (QoL Compilation)","StSLib","SuperFastMode"],"gold_per_floor":[109,109,109,126,137,137,169,2,26,91,105,125,125,135,135,135,135],"floor_reached":16,"playtime":265,"items_purged":[],"score":204,"play_id":"a15873a2-b3df-40db-965e-9766ec595e0f","local_time":"20210104171604","is_ascension_mode":true,"campfire_choices":[{"data":"Hemokinesis","floor":6,"key":"SMITH"},{"data":"Disarm","floor":13,"key":"SMITH"},{"floor":15,"key":"REST"}],"circlet_count":0,"master_deck":["AscendersBane","Strike_R","Strike_R","Strike_R","Strike_R","Defend_R","Defend_R","Defend_R","Defend_R","Bash","Hemokinesis+1","Burning Pact","Sword Boomerang","Disarm+1","Shrug It Off"],"relics":["Burning Blood","NeowsBlessing","Dream Catcher","Chemical X","MealTicket","Vajra"],"acts_visited":["Exordium"],"potions_floor_usage":[7,10,11,11,14],"damage_taken":[{"damage":0,"enemies":"Jaw Worm","floor":1,"turns":1},{"damage":0,"enemies":"Cultist","floor":4,"turns":1},{"damage":0,"enemies":"Small Slimes","floor":5,"turns":1},{"damage":41,"enemies":"3 Sentries","floor":7,"turns":9},{"damage":10,"enemies":"Gremlin Nob","floor":10,"turns":3},{"damage":11,"enemies":"3 Louse","floor":11,"turns":2},{"damage":2,"enemies":"Exordium Wildlife","floor":12,"turns":2},{"damage":23,"enemies":"Exordium Thugs","floor":14,"turns":4},{"damage":21,"enemies":"Hexaghost","floor":16,"turns":4}],"seed_played":"2244363012607896553","potions_obtained":[{"floor":1,"key":"Fire Potion"},{"floor":4,"key":"ColorlessPotion"},{"floor":10,"key":"EntropicBrew"},{"floor":12,"key":"SkillPotion"}],"is_trial":false,"path_per_floor":["M","?","?","M","M","R","E","$","T","?","M","M","R","M","R","B"],"character_chosen":"IRONCLAD","items_purchased":["Chemical X"],"campfire_rested":1,"item_purchase_floors":[8],"current_hp_per_floor":[74,74,67,73,75,75,40,40,40,36,31,35,35,18,40,19,19],"gold":135,"neow_bonus":"THREE_ENEMY_KILL","is_daily":false,"chose_seed":false,"campfire_upgraded":2,"win_rate":0.0,"timestamp":1609748164,"path_taken":["M","?","?","?","?","R","E","$","T","?","M","M","R","M","R","BOSS"],"items_purchased_type":["Relic"],"build_version":"2020-12-22","purchased_purges":0,"victory":false,"max_hp_per_floor":[75,75,75,75,75,75,75,75,75,75,75,75,75,75,75,75,75],"card_choices":[{"not_picked":["Flame Barrier","Dropkick"],"picked":"Hemokinesis","floor":1},{"not_picked":["Havoc","Combust","Warcry"],"picked":"SKIP","floor":4},{"not_picked":["Sever Soul","Reckless Charge"],"picked":"Burning Pact","floor":5},{"not_picked":["Armaments","Infernal Blade"],"picked":"Sword Boomerang","floor":7},{"not_picked":["Sword Boomerang","True Grit","Havoc"],"picked":"SKIP","floor":11},{"not_picked":["Warcry","Heavy Blade"],"picked":"Disarm","floor":12},{"not_picked":["Iron Wave","True Grit","Twin Strike"],"picked":"SKIP","floor":14},{"not_picked":["Body Slam","Disarm"],"picked":"Shrug It Off","floor":15}],"player_experience":1317543,"relics_obtained":[{"floor":7,"key":"Dream Catcher"},{"floor":9,"key":"MealTicket"}],"event_choices":[{"damage_healed":0,"gold_gain":0,"player_choice":"Ignored","damage_taken":0,"max_hp_gain":0,"max_hp_loss":0,"event_name":"Liars Game","floor":2,"gold_loss":0},{"cards_removed":["Strike_R"],"damage_healed":0,"gold_gain":0,"player_choice":"Card Removal","damage_taken":7,"max_hp_gain":0,"max_hp_loss":0,"event_name":"Golden Wing","floor":3,"gold_loss":0},{"damage_healed":0,"gold_gain":0,"player_choice":"Searched \u00272\u0027 times","damage_taken":0,"relics_obtained":["Vajra"],"max_hp_gain":0,"max_hp_loss":0,"event_name":"Dead Adventurer","floor":10,"gold_loss":0}],"is_beta":false,"boss_relics":[],"items_purged_floors":[],"is_endless":false,"potions_floor_spawned":[1,4,10,12],"killed_by":"Hexaghost","ascension_level":20}}