{"host":"Timothy","time":1609731979,"event":{"mods":["AchievementEnabler","BaseMod","Bestiary","Highlight Path","Minty Spire (QoL Compilation)","Quick Restart","Slay-I"],"gold_per_floor":[113,288,288,307,307,333,71,71,71,90,90,104,132,144,144,242,242,257,269,96,107,107,107,135,135,135,149,175,106,106,124,124,219,219,233,286,286,302,302,302,302,302],"floor_reached":41,"playtime":2955,"items_purged":["Doubt","Defend_B"],"score":519,"play_id":"79ee0b4a-1d14-4271-b9cb-15274a45a2b3","local_time":"20210103194619","is_ascension_mode":false,"campfire_choices":[{"data":"Defragment","floor":11.0,"key":"SMITH"},{"data":"Defragment","floor":15.0,"key":"SMITH"},{"data":"Defragment","floor":23.0,"key":"SMITH"},{"data":"Loop","floor":32.0,"key":"SMITH"},{"data":"Creative AI","floor":40.0,"key":"SMITH"}],"circlet_count":0,"master_deck":["Defend_B+1","Defend_B+1","Defend_B+1","Dualcast","Cold Snap","Self Repair","Seek","Defragment+1","Defragment+1","Blizzard","Sweeping Beam","Cold Snap","Coolheaded","Darkness+1","Sunder+1","Double Energy+1","Coolheaded+1","Defragment+1","Go for the Eyes+1","Coolheaded","Cold Snap+1","Loop+1","Self Repair","Creative AI+1","Pain"],"relics":["Cracked Core","CaptainsWheel","Darkstone Periapt","StoneCalendar","Orrery","FossilizedHelix","Unceasing Top","Astrolabe","Mummified Hand","Molten Egg 2","Red Mask","Runic Dome","Du-Vu Doll","WarpedTongs"],"acts_visited":["Exordium","TheCity","TheBeyond"],"potions_floor_usage":[41],"damage_taken":[{"damage":3.0,"enemies":"2 Louse","floor":1.0,"turns":3.0},{"damage":0.0,"enemies":"Small Slimes","floor":4.0,"turns":2.0},{"damage":30.0,"enemies":"Lagavulin","floor":6.0,"turns":7.0},{"damage":0.0,"enemies":"Cultist","floor":10.0,"turns":4.0},{"damage":13.0,"enemies":"Lots of Slimes","floor":12.0,"turns":3.0},{"damage":9.0,"enemies":"3 Sentries","floor":13.0,"turns":7.0},{"damage":6.0,"enemies":"3 Louse","floor":14.0,"turns":3.0},{"damage":0.0,"enemies":"Slime Boss","floor":16.0,"turns":7.0},{"damage":0.0,"enemies":"Chosen","floor":18.0,"turns":5.0},{"damage":0.0,"enemies":"Spheric Guardian","floor":19.0,"turns":7.0},{"damage":0.0,"enemies":"Snecko","floor":21.0,"turns":7.0},{"damage":6.0,"enemies":"Gremlin Leader","floor":24.0,"turns":7.0},{"damage":7.0,"enemies":"Snake Plant","floor":27.0,"turns":6.0},{"damage":0.0,"enemies":"Masked Bandits","floor":28.0,"turns":6.0},{"damage":0.0,"enemies":"Centurion and Healer","floor":31.0,"turns":5.0},{"damage":0.0,"enemies":"Champ","floor":33.0,"turns":12.0},{"damage":0.0,"enemies":"Orb Walker","floor":35.0,"turns":4.0},{"damage":14.0,"enemies":"2 Orb Walkers","floor":36.0,"turns":5.0},{"damage":0.0,"enemies":"3 Shapes","floor":38.0,"turns":7.0},{"damage":95,"enemies":"Maw","floor":41,"turns":14}],"seed_played":"3824481377132000583","potions_obtained":[{"floor":4.0,"key":"Dexterity Potion"},{"floor":12.0,"key":"Weak Potion"},{"floor":16.0,"key":"Swift Potion"},{"floor":19.0,"key":"Regen Potion"}],"is_trial":false,"path_per_floor":["M","?","?","M","?","E","$","?","T","M","R","M","E","M","R","B",null,"M","M","$","M","?","R","E","T","T","M","?","$","?","M","R","B",null,"M","?","?","M","?","R","M"],"character_chosen":"DEFECT","items_purchased":["Defragment","Orrery","Defragment","Creative AI"],"campfire_rested":0,"item_purchase_floors":[7,7,20,29],"current_hp_per_floor":[65,65,58,58,58,35,35,35,35,42,42,36,34,35,35,42,68,68,68,68,68,68,68,68,68,68,68,68,68,68,68,68,68,68,68,68,68,68,74,74,0,0],"gold":302,"neow_bonus":"ONE_RARE_RELIC","is_daily":false,"chose_seed":false,"campfire_upgraded":5,"win_rate":0.0,"timestamp":1609731979,"path_taken":["M","?","?","M","?","E","$","?","T","?","R","M","E","M","R","BOSS","M","M","$","?","?","R","E","?","T","M","?","$","?","?","R","BOSS","BOSS","M","?","?","M","?","R","M"],"items_purchased_type":["Card","Relic","Card","Card"],"build_version":"2020-12-18","purchased_purges":2,"victory":false,"max_hp_per_floor":[68,68,68,68,68,68,68,68,68,68,68,68,68,68,68,68,68,68,68,68,68,68,68,68,68,68,68,68,68,68,68,68,68,68,68,68,68,68,74,74,74,74],"card_choices":[{"not_picked":["Redo","Chill"],"picked":"Cold Snap","floor":1.0},{"not_picked":["Streamline","Reprogram","Conserve Battery"],"picked":"SKIP","floor":4.0},{"not_picked":["Steam","Reinforced Body"],"picked":"Seek","floor":6.0},{"not_picked":["Conserve Battery","Go for the Eyes"],"picked":"Defragment","floor":7.0},{"not_picked":["Rip and Tear","Go for the Eyes"],"picked":"Blizzard","floor":7.0},{"not_picked":["Steam","Rebound"],"picked":"Sweeping Beam","floor":7.0},{"not_picked":["FTL","Redo"],"picked":"Cold Snap","floor":10.0},{"not_picked":["Sweeping Beam","Tempest","Chaos"],"picked":"SKIP","floor":12.0},{"not_picked":["FTL","Lockon","Beam Cell"],"picked":"SKIP","floor":13.0},{"not_picked":["Streamline","Steam"],"picked":"Coolheaded","floor":14.0},{"not_picked":["Multi-Cast","All For One"],"picked":"Rainbow","floor":16.0},{"not_picked":["Beam Cell","Conserve Battery"],"picked":"Coolheaded+1","floor":18.0},{"not_picked":["Barrage+1","Steam","Melter"],"picked":"SKIP","floor":19.0},{"not_picked":["Static Discharge","Rebound+1"],"picked":"Go for the Eyes+1","floor":21.0},{"not_picked":["Conserve Battery+1","Leap"],"picked":"Cold Snap+1","floor":24.0},{"not_picked":["Hologram","Reprogram+1"],"picked":"Loop","floor":27.0},{"not_picked":["Sweeping Beam+1","Reprogram"],"picked":"Self Repair","floor":28.0},{"not_picked":["Rebound+1","White Noise","Leap"],"picked":"SKIP","floor":31.0},{"not_picked":["Turbo","Rebound+1","Steam+1"],"picked":"SKIP","floor":35.0},{"not_picked":["Hologram+1","Redo+1","Ball Lightning+1"],"picked":"SKIP","floor":38.0}],"player_experience":721537,"relics_obtained":[{"floor":6.0,"key":"StoneCalendar"},{"floor":9.0,"key":"FossilizedHelix"},{"floor":13.0,"key":"Unceasing Top"},{"floor":24.0,"key":"Mummified Hand"},{"floor":25.0,"key":"Molten Egg 2"},{"floor":28.0,"key":"Red Mask"},{"floor":36.0,"key":"Du-Vu Doll"}],"event_choices":[{"damage_healed":0.0,"max_hp_gain":0.0,"max_hp_loss":0.0,"gold_gain":175.0,"event_name":"Liars Game","player_choice":"AGREE","floor":2.0,"gold_loss":0.0,"damage_taken":0.0,"cards_obtained":["Doubt"]},{"damage_healed":0.0,"max_hp_gain":0.0,"max_hp_loss":0.0,"gold_gain":0.0,"event_name":"Scrap Ooze","player_choice":"Success","floor":3.0,"gold_loss":0.0,"damage_taken":7.0,"relics_obtained":["Darkstone Periapt"]},{"damage_healed":0.0,"max_hp_gain":0.0,"max_hp_loss":0.0,"gold_gain":0.0,"cards_transformed":["Strike_B"],"event_name":"Living Wall","player_choice":"Change","floor":5.0,"gold_loss":0.0,"damage_taken":0.0,"cards_obtained":["Self Repair"]},{"cards_removed":["Strike_B"],"damage_healed":0.0,"max_hp_gain":0.0,"max_hp_loss":0.0,"gold_gain":0.0,"event_name":"Wheel of Change","player_choice":"Card Removal","floor":8.0,"gold_loss":0.0,"damage_taken":0.0},{"damage_healed":0.0,"max_hp_gain":0.0,"max_hp_loss":0.0,"gold_gain":0.0,"event_name":"The Library","player_choice":"Read","floor":22.0,"gold_loss":0.0,"damage_taken":0.0,"cards_obtained":["Coolheaded"]},{"damage_healed":0.0,"max_hp_gain":0.0,"max_hp_loss":0.0,"gold_gain":0.0,"event_name":"Masked Bandits","player_choice":"Fought Bandits","floor":28.0,"gold_loss":0.0,"damage_taken":0.0},{"damage_healed":0.0,"max_hp_gain":0.0,"max_hp_loss":0.0,"gold_gain":0.0,"event_name":"Back to Basics","player_choice":"Simplicity","floor":30.0,"gold_loss":0.0,"damage_taken":0.0,"cards_upgraded":["Defend_B","Defend_B","Defend_B"]},{"damage_healed":0.0,"max_hp_gain":0.0,"max_hp_loss":0.0,"gold_gain":0.0,"event_name":"Mysterious Sphere","player_choice":"Fight","floor":36.0,"gold_loss":0.0,"damage_taken":0.0},{"cards_removed":["Rainbow"],"damage_healed":0.0,"max_hp_gain":0.0,"max_hp_loss":0.0,"gold_gain":0.0,"event_name":"Falling","player_choice":"Removed Skill","floor":37.0,"gold_loss":0.0,"damage_taken":0.0},{"damage_healed":0.0,"max_hp_gain":0.0,"max_hp_loss":0.0,"gold_gain":0.0,"event_name":"Accursed Blacksmith","player_choice":"Rummage","floor":39.0,"gold_loss":0.0,"damage_taken":0.0,"relics_obtained":["WarpedTongs"],"cards_obtained":["Pain"]}],"is_beta":true,"boss_relics":[{"not_picked":["Ectoplasm","Fusion Hammer"],"picked":"Astrolabe"},{"not_picked":["SacredBark","Empty Cage"],"picked":"Runic Dome"}],"items_purged_floors":[7,20],"is_endless":false,"potions_floor_spawned":[4,12,16,18,19,24,35,36],"killed_by":"Maw","ascension_level":0}}