{"host":"ds1yr10zonoc6w4a","time":1609727965,"event":{"mods":["BaseMod","Better Match","Better Third Choice","BetterRewards","Minty Spire (QoL Compilation)","StSLib","The Animator"],"gold_per_floor":[113,113,188,10,10,36,36,36,89,101,133,191,213,244,256,356,368,394,406,435,464,476,488,515,557,569,581,25,25,43,62,62,146,171,189,205,224,246,35,35,35],"floor_reached":40,"playtime":4312,"items_purged":["animator:Strike","animator:Strike","animator:Defend","animator:Strike","animator:Defend"],"score":1076,"play_id":"c17c0a14-62f9-4dc9-8543-0036e253b86c","local_time":"20210103193925","is_ascension_mode":true,"campfire_choices":[{"data":"animator:ElricAlphonse","floor":7.0,"key":"SMITH"},{"floor":10.0,"key":"REST"},{"data":"animator:Aqua","floor":15.0,"key":"SMITH"},{"data":"animator:LeleiLaLalena","floor":23.0,"key":"SMITH"},{"data":"animator:HigakiRinne","floor":27.0,"key":"SMITH"},{"data":"animator:QuestionMark","floor":29.0,"key":"SMITH"},{"data":"animator:QuestionMark","floor":32.0,"key":"SMITH"}],"circlet_count":0,"master_deck":["AscendersBane","animator:Strike_Konosuba","animator:Defend_Konosuba","animator:Defend","animator:Kazuma","animator:Aqua+1","animator:Megumin+12","animator:QuestionMark+1","animator:Patchouli","animator:QuestionMark+1","animator:NarberalGamma","animator:ElricAlphonse+1","animator:Mitsuba","animator:Jibril","animator:ElricEdward","animator:Mikaela","animator:Benimaru","animator:YunYun","animator:Vesta","animator:SayakaMiki","animator:HigakiRinne+1","animator:Nanami","Writhe","animator:Mitsurugi","animator:LeleiLaLalena+1","animator:Benimaru+1","animator:ElricAlphonse","animator:Gilgamesh+1","animator:Chung","animator:TanyaDegurechaff","animator:Envy+1","animator:Shimakaze","animator:Mitsuba","animator:Berserker","animator:Albedo","animator:Demiurge","animator:Aisha","animator:Evileye+1","animator:GoblinSlayer","animator:GuildGirl+1"],"relics":["animator:VividPicture","animator:TheMissingPiece","animator:PurgingStone","Mercury Hourglass","Lizard Tail","Lee\u0027s Waffle","Calipers","White Beast Statue","Centennial Puzzle","The Courier","MawBank","Smiling Mask","Cursed Key","animator:WornHelmet","Frozen Egg 2","Torii"],"acts_visited":["Exordium","TheCity","TheBeyond"],"potions_floor_usage":[36,37,37,38],"damage_taken":[{"damage":0.0,"enemies":"2 Louse","floor":1.0,"turns":2.0},{"damage":34.0,"enemies":"Lagavulin","floor":6.0,"turns":7.0},{"damage":2.0,"enemies":"Jaw Worm","floor":11.0,"turns":5.0},{"damage":9.0,"enemies":"3 Sentries","floor":12.0,"turns":3.0},{"damage":0.0,"enemies":"Small Slimes","floor":13.0,"turns":2.0},{"damage":0.0,"enemies":"3 Louse","floor":14.0,"turns":2.0},{"damage":10.0,"enemies":"The Guardian","floor":16.0,"turns":7.0},{"damage":0.0,"enemies":"Spheric Guardian","floor":18.0,"turns":3.0},{"damage":6.0,"enemies":"2 Thieves","floor":20.0,"turns":3.0},{"damage":5.0,"enemies":"3 Cultists","floor":21.0,"turns":3.0},{"damage":26.0,"enemies":"Cultist and Chosen","floor":24.0,"turns":5.0},{"damage":26.0,"enemies":"Gremlin Leader","floor":25.0,"turns":5.0},{"damage":1.0,"enemies":"Snake Plant","floor":30.0,"turns":3.0},{"damage":0.0,"enemies":"Sentry and Sphere","floor":31.0,"turns":3.0},{"damage":36.0,"enemies":"Automaton","floor":33.0,"turns":9.0},{"damage":2,"enemies":"Orb Walker","floor":35,"turns":4},{"damage":0,"enemies":"3 Shapes","floor":36,"turns":2},{"damage":8,"enemies":"Sphere and 2 Shapes","floor":37,"turns":4},{"damage":31,"enemies":"Transient","floor":38,"turns":6},{"damage":28,"enemies":"Nemesis","floor":40,"turns":2}],"seed_played":"-3847363235509723845","potions_obtained":[{"floor":1.0,"key":"GamblersBrew"},{"floor":6.0,"key":"Ancient Potion"},{"floor":11.0,"key":"SkillPotion"},{"floor":12.0,"key":"Weak Potion"},{"floor":13.0,"key":"PowerPotion"},{"floor":14.0,"key":"Energy Potion"},{"floor":16.0,"key":"SkillPotion"},{"floor":18.0,"key":"FearPotion"},{"floor":20.0,"key":"Weak Potion"},{"floor":21.0,"key":"Strength Potion"},{"floor":24.0,"key":"Weak Potion"},{"floor":25.0,"key":"animator:FalseLifePotion"},{"floor":30.0,"key":"AttackPotion"},{"floor":31.0,"key":"Regen Potion"},{"floor":33.0,"key":"Weak Potion"},{"floor":35,"key":"Weak Potion"},{"floor":36,"key":"Energy Potion"},{"floor":37,"key":"Weak Potion"},{"floor":38,"key":"Fire Potion"}],"is_trial":false,"path_per_floor":["M","?","?","$","?","E","R","$","T","R","M","E","M","M","R","B",null,"M","?","M","M","?","R","M","E","T","R","$","R","M","M","R","B",null,"M","M","M","M","$","E"],"character_chosen":"THE_ANIMATOR","items_purchased":["animator:Megumin","Mercury Hourglass","Lizard Tail","Lee\u0027s Waffle","animator:QuestionMark","animator:Patchouli","animator:QuestionMark","White Beast Statue","animator:NarberalGamma","animator:ElricAlphonse","animator:Mitsuba","animator:ElricEdward","animator:Gilgamesh","animator:Chung","animator:TanyaDegurechaff","animator:Envy+1","animator:Shimakaze","animator:GoblinSlayer","animator:GuildGirl+1"],"campfire_rested":1,"item_purchase_floors":[0,0,0,0,0,0,0,0,0,0,0,4,28,28,28,28,28,39,39],"current_hp_per_floor":[67,49,38,38,38,6,6,6,6,26,26,19,19,21,21,14,54,58,58,56,54,54,54,31,8,8,8,8,8,7,7,7,34,60,59,59,54,26,26,0,0],"gold":35,"neow_bonus":"","is_daily":false,"chose_seed":false,"campfire_upgraded":6,"win_rate":0.0,"timestamp":1609727965,"path_taken":["M","?","?","$","?","E","R","?","T","R","M","E","M","M","R","BOSS","M","?","M","M","?","R","M","E","T","R","$","R","M","M","R","BOSS","M","M","M","M","$","E"],"items_purchased_type":["Card","Relic","Relic","Relic","Card","Card","Card","Relic","Card","Card","Card","Card","Card","Card","Card","Card","Card","Card","Card"],"build_version":"2020-12-22","purchased_purges":5,"victory":false,"max_hp_per_floor":[67,67,67,67,67,67,67,67,67,67,67,67,67,67,67,67,67,68,68,69,69,69,69,69,69,69,69,69,69,69,69,69,69,69,70,70,70,70,70,70,70],"card_choices":[{"not_picked":["animator:Ara","animator:Ciel"],"picked":"animator:Jibril","floor":1.0},{"not_picked":["animator:Ciel","animator:Vanir"],"picked":"animator:Mikaela","floor":6.0},{"not_picked":["animator:KyokoSakura","animator:Shichika"],"picked":"animator:Benimaru","floor":11.0},{"not_picked":["animator:Kazuma","animator:Mitsurugi"],"picked":"animator:YunYun","floor":12.0},{"not_picked":["animator:Guy","animator:HighElfArcher"],"picked":"animator:Vesta","floor":13.0},{"not_picked":["animator:GuildGirl","animator:KyokoSakura"],"picked":"animator:SayakaMiki","floor":14.0},{"not_picked":["animator:Guren","animator:SwordMaiden"],"picked":"animator:HigakiRinne","floor":16.0},{"not_picked":["animator:OrikoMikuni","animator:Hitei"],"picked":"animator:Nanami","floor":18.0},{"not_picked":["animator:Vanir","animator:Kazuma"],"picked":"animator:Mitsurugi","floor":20.0},{"not_picked":["animator:MaesHughes","animator:Sloth"],"picked":"animator:LeleiLaLalena","floor":21.0},{"not_picked":["animator:Berserker","animator:Sloth"],"picked":"animator:Benimaru+1","floor":24.0},{"not_picked":["animator:OrikoMikuni","animator:Raven"],"picked":"animator:ElricAlphonse","floor":25.0},{"not_picked":["animator:Mikaela","animator:Yoichi"],"picked":"animator:Mitsuba","floor":30.0},{"not_picked":["animator:Scar","animator:Ciel"],"picked":"animator:Berserker","floor":31.0},{"not_picked":["animator:Father","animator:AcuraShin"],"picked":"animator:Albedo","floor":33.0},{"not_picked":["animator:Yuuichirou","animator:CrowleyEusford"],"picked":"animator:Demiurge","floor":35},{"not_picked":["animator:DolaCouronne+1","animator:Guy"],"picked":"animator:Aisha","floor":36},{"not_picked":["animator:Kazuma","animator:MadokaKaname"],"picked":"animator:Evileye+1","floor":38}],"player_experience":628413,"relics_obtained":[{"floor":6.0,"key":"The Courier"},{"floor":9.0,"key":"MawBank"},{"floor":12.0,"key":"Smiling Mask"},{"floor":25.0,"key":"Torii"}],"event_choices":[{"damage_healed":0.0,"max_hp_gain":0.0,"max_hp_loss":0.0,"gold_gain":0.0,"event_name":"betterThird:BetterScrap","player_choice":"Relic ","floor":2.0,"gold_loss":0.0,"damage_taken":18.0,"cards_obtained":["All For One"]},{"damage_healed":0.0,"max_hp_gain":0.0,"max_hp_loss":0.0,"gold_gain":75.0,"event_name":"betterThird:BetterGoop","player_choice":"Gold","floor":3.0,"gold_loss":0.0,"damage_taken":11.0},{"damage_healed":38.0,"max_hp_gain":0.0,"max_hp_loss":67.0,"gold_gain":0.0,"event_name":"betterThird:BetterShining","player_choice":"Leave","floor":5.0,"gold_loss":0.0,"damage_taken":0.0},{"damage_healed":0.0,"max_hp_gain":0.0,"max_hp_loss":0.0,"gold_gain":0.0,"event_name":"The Mausoleum","player_choice":"Opened","floor":19.0,"gold_loss":0.0,"damage_taken":0.0,"relics_obtained":["animator:WornHelmet"],"cards_obtained":["Writhe"]},{"damage_healed":0.0,"max_hp_gain":0.0,"max_hp_loss":0.0,"gold_gain":0.0,"event_name":"WeMeetAgain","player_choice":"Gave Potion","floor":22.0,"gold_loss":0.0,"damage_taken":0.0,"relics_obtained":["Frozen Egg 2"]}],"is_beta":false,"boss_relics":[{"not_picked":["Ectoplasm","Black Star"],"picked":"Cursed Key"},{"not_picked":["SacredBark","Pandora\u0027s Box"],"picked":"animator:VividPicture"}],"items_purged_floors":[0,0,4,28,39],"is_endless":false,"potions_floor_spawned":[1,6,11,12,13,14,16,18,20,21,24,25,30,31,33,35,36,37,38],"killed_by":"Nemesis","ascension_level":17}}