{"host":"6gnv7me3tk2udb7q","time":1609783153,"event":{"mods":["BaseMod","Bestiary","Colored Map","Minty Spire (QoL Compilation)"],"gold_per_floor":[109,109,121,140,154,154,185,185,185,185,204,214,214,230,230,335,335,352,379,5,21,21,21,21,48,48,64,99,99,176,193,193,289,289,302,322,45,64,64,64,90,90,115,130,174,174,215,215,215,215,215,215,41,83,83,83],"floor_reached":55,"playtime":2745,"items_purged":["Strike_G","Defend_G"],"score":1163,"play_id":"f2fafc6c-b5ec-408a-a867-3e92990eedc2","local_time":"20210104125913","is_ascension_mode":true,"campfire_choices":[{"data":"1","floor":6.0,"key":"LIFT"},{"data":"2","floor":8.0,"key":"LIFT"},{"data":"3","floor":10.0,"key":"LIFT"},{"floor":15.0,"key":"REST"},{"data":"Ghostly","floor":23.0,"key":"SMITH"},{"floor":29.0,"key":"REST"},{"data":"Blade Dance","floor":32.0,"key":"SMITH"},{"data":"Choke","floor":40.0,"key":"SMITH"},{"data":"Ghostly","floor":42.0,"key":"SMITH"},{"data":"Ghostly","floor":46.0,"key":"SMITH"},{"floor":49.0,"key":"RECALL"}],"circlet_count":0,"master_deck":["Strike_G+1","Strike_G+1","Strike_G+1","Strike_G+1","Defend_G+1","Defend_G+1","Defend_G+1","Defend_G+1","Survivor+1","Neutralize+1","Blade Dance+1","Footwork+1","Predator+1","Riddle With Holes+1","Flying Knee+1","PiercingWail+1","Choke+1","Phantasmal Killer+1","Sucker Punch+1","Infinite Blades+1","Calculated Gamble+1","Eviscerate+1","Ghostly+1","Ghostly+1","Ghostly+1","Ghostly+1","Ghostly+1","Prepared+1","Well Laid Plans+1","Prepared+1","Prepared+1","Bullet Time+1","Noxious Fumes+1","Prepared+1","Calculated Gamble+1","Infinite Blades+1","Endless Agony+1","Dodge and Roll+1","Bandage Up+1","Escape Plan+1","Backflip+1","Outmaneuver+1","Finisher+1","Caltrops","Blur+1"],"relics":["Ring of the Snake","Girya","FaceOfCleric","Ornamental Fan","StrikeDummy","WristBlade","Strawberry","Toolbox","Shuriken","Toxic Egg 2","Snake Skull","Pear","Coffee Dripper","PreservedInsect","CeramicFish","Centennial Puzzle","Mark of the Bloom","Lantern","Blood Vial"],"acts_visited":["Exordium","TheCity","TheBeyond","TheEnding"],"potions_floor_usage":[55,55,55],"damage_taken":[{"damage":11.0,"enemies":"2 Louse","floor":1.0,"turns":3.0},{"damage":1.0,"enemies":"Cultist","floor":3.0,"turns":3.0},{"damage":5.0,"enemies":"Jaw Worm","floor":4.0,"turns":5.0},{"damage":3.0,"enemies":"Blue Slaver","floor":5.0,"turns":5.0},{"damage":35.0,"enemies":"Lagavulin","floor":7.0,"turns":5.0},{"damage":0.0,"enemies":"Exordium Thugs","floor":11.0,"turns":2.0},{"damage":0.0,"enemies":"3 Louse","floor":12.0,"turns":1.0},{"damage":0.0,"enemies":"Looter","floor":14.0,"turns":3.0},{"damage":0.0,"enemies":"Slime Boss","floor":16.0,"turns":3.0},{"damage":0.0,"enemies":"Chosen","floor":18.0,"turns":4.0},{"damage":12.0,"enemies":"Shell Parasite","floor":21.0,"turns":4.0},{"damage":13.0,"enemies":"Slavers","floor":25.0,"turns":6.0},{"damage":14.0,"enemies":"Centurion and Healer","floor":27.0,"turns":3.0},{"damage":6.0,"enemies":"Book of Stabbing","floor":28.0,"turns":4.0},{"damage":0.0,"enemies":"Snecko","floor":31.0,"turns":3.0},{"damage":23.0,"enemies":"Champ","floor":33.0,"turns":10.0},{"damage":2.0,"enemies":"3 Darklings","floor":35.0,"turns":5.0},{"damage":0.0,"enemies":"Orb Walker","floor":36.0,"turns":2.0},{"damage":1.0,"enemies":"Transient","floor":38.0,"turns":5.0},{"damage":0.0,"enemies":"Nemesis","floor":41.0,"turns":5.0},{"damage":23.0,"enemies":"Writhing Mass","floor":44.0,"turns":5.0},{"damage":0.0,"enemies":"Reptomancer","floor":45.0,"turns":4.0},{"damage":0.0,"enemies":"Nemesis","floor":47.0,"turns":3.0},{"damage":6.0,"enemies":"Time Eater","floor":50.0,"turns":6.0},{"damage":4,"enemies":"Shield and Spear","floor":54,"turns":4},{"damage":33,"enemies":"The Heart","floor":55,"turns":6}],"seed_played":"-3406548578594301321","potions_obtained":[{"floor":3.0,"key":"Explosive Potion"},{"floor":7.0,"key":"Explosive Potion"},{"floor":11.0,"key":"Explosive Potion"},{"floor":12.0,"key":"Weak Potion"},{"floor":21.0,"key":"Dexterity Potion"},{"floor":38.0,"key":"DistilledChaos"},{"floor":54,"key":"SneckoOil"}],"is_trial":false,"path_per_floor":["M","?","M","M","M","R","E","R","T","R","M","M","?","M","R","B",null,"M","T","$","M","?","R","$","E","T","M","E","R","T","M","R","B",null,"M","M","$","M","?","R","E","R","T","M","E","R","E","?","R","B",null,"R","$","E","B"],"character_chosen":"THE_SILENT","items_purchased":["Toolbox","Infinite Blades","Calculated Gamble","Calculated Gamble+1","Infinite Blades","Endless Agony","Caltrops","Lantern"],"campfire_rested":2,"item_purchase_floors":[20,20,20,37,37,37,53,53],"current_hp_per_floor":[52,52,52,48,46,46,12,12,12,12,13,14,14,15,36,37,63,64,71,71,60,40,40,40,28,28,15,10,22,32,33,33,11,44,43,44,44,44,44,44,45,45,45,29,36,36,37,37,37,31,31,31,31,27,0,0],"gold":83,"neow_bonus":"ONE_RARE_RELIC","is_daily":false,"chose_seed":false,"campfire_upgraded":5,"win_rate":0.0,"timestamp":1609783153,"path_taken":["M","?","M","M","M","R","E","R","T","R","?","M","?","M","R","BOSS","M","?","$","M","?","R","?","E","T","M","E","R","?","M","R","BOSS","M","M","$","M","?","R","E","R","T","M","E","R","E","?","R","BOSS","R","$","E","BOSS"],"items_purchased_type":["Relic","Card","Card","Card","Card","Card","Card","Relic"],"build_version":"2020-12-22","purchased_purges":2,"victory":false,"max_hp_per_floor":[63,63,64,65,66,66,67,67,67,67,68,69,69,70,70,71,71,72,79,79,80,40,40,40,41,41,42,43,43,53,54,54,55,55,56,57,57,58,58,58,59,59,59,60,61,61,62,62,62,63,63,63,63,64,64,64],"card_choices":[{"not_picked":["Flechettes","Backflip"],"picked":"Blade Dance","floor":1.0},{"not_picked":["Eviscerate","Underhanded Strike"],"picked":"Footwork","floor":3.0},{"not_picked":["Dagger Throw","Poisoned Stab"],"picked":"Predator","floor":4.0},{"not_picked":["Dagger Throw","Dagger Spray"],"picked":"Riddle With Holes","floor":5.0},{"not_picked":["Reflex","Expertise","Underhanded Strike"],"picked":"SKIP","floor":7.0},{"not_picked":["Sucker Punch","Dagger Throw"],"picked":"Flying Knee","floor":11.0},{"not_picked":["Underhanded Strike","Noxious Fumes"],"picked":"PiercingWail","floor":12.0},{"not_picked":["Deflect","Acrobatics"],"picked":"Choke","floor":14.0},{"not_picked":["Malaise","Die Die Die"],"picked":"Phantasmal Killer","floor":16.0},{"not_picked":["Deflect","Expertise"],"picked":"Sucker Punch+1","floor":18.0},{"not_picked":["Crippling Poison","Prepared"],"picked":"Eviscerate","floor":21.0},{"not_picked":["Backstab+1","Underhanded Strike"],"picked":"Prepared","floor":25.0},{"not_picked":["Glass Knife","Dagger Throw"],"picked":"Well Laid Plans","floor":27.0},{"not_picked":["Bane","Underhanded Strike"],"picked":"Prepared+1","floor":28.0},{"not_picked":["PiercingWail+1","Reflex+1"],"picked":"Prepared+1","floor":31.0},{"not_picked":["Doppelganger+1","Unload"],"picked":"Bullet Time+1","floor":33.0},{"not_picked":["Flechettes","Well Laid Plans+1"],"picked":"Noxious Fumes+1","floor":35.0},{"not_picked":["Acrobatics+1","Leg Sweep+1"],"picked":"Prepared+1","floor":36.0},{"not_picked":["Riddle With Holes","Choke"],"picked":"Dodge and Roll+1","floor":38.0},{"not_picked":["Purity+1","Secret Technique+1"],"picked":"Bandage Up+1","floor":39.0},{"not_picked":["Infinite Blades+1","Distraction+1"],"picked":"Escape Plan+1","floor":41.0},{"not_picked":["Catalyst+1","Deadly Poison+1"],"picked":"Backflip+1","floor":44.0},{"not_picked":["Acrobatics+1","Dagger Throw+1"],"picked":"Outmaneuver+1","floor":45.0},{"not_picked":["Sucker Punch","Doppelganger+1"],"picked":"Finisher+1","floor":47.0},{"not_picked":["Heel Hook","Escape Plan+1"],"picked":"Blur+1","floor":54}],"player_experience":580757,"relics_obtained":[{"floor":7.0,"key":"Ornamental Fan"},{"floor":9.0,"key":"StrikeDummy"},{"floor":19.0,"key":"Strawberry"},{"floor":25.0,"key":"Shuriken"},{"floor":26.0,"key":"Toxic Egg 2"},{"floor":28.0,"key":"Snake Skull"},{"floor":30.0,"key":"Pear"},{"floor":41.0,"key":"PreservedInsect"},{"floor":45.0,"key":"CeramicFish"},{"floor":47.0,"key":"Centennial Puzzle"},{"floor":54,"key":"Blood Vial"}],"event_choices":[{"damage_healed":0.0,"max_hp_gain":0.0,"max_hp_loss":0.0,"gold_gain":0.0,"event_name":"FaceTrader","player_choice":"Trade","floor":2.0,"gold_loss":0.0,"damage_taken":0.0,"relics_obtained":["FaceOfCleric"]},{"damage_healed":0.0,"max_hp_gain":0.0,"max_hp_loss":0.0,"gold_gain":0.0,"event_name":"Accursed Blacksmith","player_choice":"Forge","floor":13.0,"gold_loss":0.0,"damage_taken":0.0,"cards_upgraded":["Footwork"]},{"damage_healed":0.0,"max_hp_gain":0.0,"max_hp_loss":40.0,"gold_gain":0.0,"event_name":"Ghosts","player_choice":"Became a Ghost","floor":22.0,"gold_loss":0.0,"damage_taken":0.0,"cards_obtained":["Ghostly","Ghostly","Ghostly","Ghostly","Ghostly"]},{"damage_healed":0.0,"max_hp_gain":0.0,"max_hp_loss":0.0,"gold_gain":0.0,"event_name":"SensoryStone","player_choice":"Memory 1","floor":39.0,"gold_loss":0.0,"damage_taken":0.0},{"damage_healed":0.0,"max_hp_gain":0.0,"max_hp_loss":0.0,"gold_gain":0.0,"event_name":"MindBloom","player_choice":"Upgrade","floor":48.0,"gold_loss":0.0,"damage_taken":0.0,"cards_upgraded":["Strike_G","Strike_G","Strike_G","Strike_G","Defend_G","Defend_G","Defend_G","Defend_G","Survivor","Neutralize","Predator","Riddle With Holes","Flying Knee","PiercingWail","Phantasmal Killer","Infinite Blades","Calculated Gamble","Eviscerate","Ghostly","Ghostly","Prepared","Well Laid Plans","Infinite Blades","Endless Agony"],"relics_obtained":["Mark of the Bloom"]}],"is_beta":false,"boss_relics":[{"not_picked":["Black Star","Ring of the Serpent"],"picked":"WristBlade"},{"not_picked":["Calling Bell","SlaversCollar"],"picked":"Coffee Dripper"}],"items_purged_floors":[20,37],"is_endless":false,"potions_floor_spawned":[3,7,11,12,21,38,54],"killed_by":"The Heart","ascension_level":5}}