{"host":"q6wyndrixvj3w9nl","time":1609797210,"event":{"mods":["AchievementEnabler","BaseMod","Colored Map","Curses Come First","Hermit","Jorbs\u0027s Wanderer Trilogy","Minty Spire (QoL Compilation)","Permanent Neow","Quick Restart","Rare Cards Sparkle","Relic Stats","StSLib","The Cursed","The Disciple","The Hierophant","The Runesmith"],"gold_per_floor":[111,111,131,149,140,140,175,175,175,193,193,208,5,52,52,199,199,233,289,43,45,45],"floor_reached":21,"playtime":2721,"items_purged":["hierophant:Strike_Hierophant","hierophant:Strike_Hierophant"],"score":158,"play_id":"61b15982-a101-48ce-b5da-6d289658fb5b","local_time":"20210104225330","is_ascension_mode":false,"campfire_choices":[{"data":"hierophant:Punish","floor":6,"key":"SMITH"},{"data":"hierophant:PassingBell","floor":8,"key":"SMITH"},{"data":"hierophant:Shelter","floor":11,"key":"SMITH"},{"data":"hierophant:ChurchCoffers","floor":15,"key":"SMITH"}],"circlet_count":0,"master_deck":["hierophant:Strike_Hierophant","hierophant:Strike_Hierophant","hierophant:Punish+1","hierophant:Defend_Hierophant","hierophant:Defend_Hierophant","hierophant:Defend_Hierophant","hierophant:Defend_Hierophant","hierophant:ChurchCoffers+1","Flash of Steel","hierophant:PassingBell+1","hierophant:SealAway","hierophant:HolyVerse","hierophant:DisplayOfPower","hierophant:Shelter+1","hierophant:Embezzle","hierophant:Patience","hierophant:CursedGold","hierophant:Doubloon","hierophant:RustyCrate","hierophant:Doubloon","hierophant:Doubloon","hierophant:RustyCrate","hierophant:Doubloon","hierophant:Doubloon","hierophant:Determination","hierophant:Shelter","hierophant:Racketeering"],"relics":["hierophant:PropheticMaskRelic","Golden Idol","Blood Vial","Orichalcum","Coffee Dripper","CeramicFish"],"acts_visited":["Exordium","TheCity"],"potions_floor_usage":[16,16,19,21],"damage_taken":[{"damage":0,"enemies":"Small Slimes","floor":1,"turns":2},{"damage":1,"enemies":"Jaw Worm","floor":3,"turns":2},{"damage":0,"enemies":"2 Louse","floor":4,"turns":1},{"damage":10,"enemies":"Looter","floor":5,"turns":3},{"damage":13,"enemies":"3 Sentries","floor":7,"turns":5},{"damage":3,"enemies":"Exordium Wildlife","floor":10,"turns":3},{"damage":0,"enemies":"3 Louse","floor":12,"turns":2},{"damage":11,"enemies":"Looter","floor":14,"turns":4},{"damage":34,"enemies":"Slime Boss","floor":16,"turns":10},{"damage":51,"enemies":"Shell Parasite","floor":18,"turns":11},{"damage":30,"enemies":"Chosen","floor":19,"turns":7},{"damage":22,"enemies":"Shelled Parasite and Fungi","floor":21,"turns":8}],"seed_played":"7870814268477892113","potions_obtained":[{"floor":5,"key":"Dexterity Potion"},{"floor":10,"key":"ColorlessPotion"},{"floor":12,"key":"PowerPotion"},{"floor":14,"key":"GamblersBrew"},{"floor":19,"key":"Fire Potion"}],"is_trial":false,"path_per_floor":["M","?","M","M","M","R","E","R","T","M","R","M","$","M","R","B",null,"M","M","$","M"],"character_chosen":"HIEROPHANT","items_purchased":["hierophant:CursedGold","hierophant:RustyCrate","CeramicFish"],"campfire_rested":0,"item_purchase_floors":[13,13,20],"current_hp_per_floor":[75,69,68,68,58,58,45,45,45,44,44,46,46,37,37,5,69,33,9,9,0,0],"gold":45,"neow_bonus":"RANDOM_COLORLESS","is_daily":false,"chose_seed":false,"campfire_upgraded":4,"win_rate":0.0,"timestamp":1609797210,"path_taken":["M","?","M","M","M","R","E","R","T","M","R","M","$","M","R","BOSS","M","M","$","M"],"items_purchased_type":["Card","Card","Relic"],"build_version":"2020-12-22","purchased_purges":2,"victory":false,"max_hp_per_floor":[75,69,69,69,69,69,69,69,69,69,69,69,69,69,69,69,69,69,69,69,69,69],"relic_stats":{"Blood Vial":12,"counters":[12,58],"Golden Idol":60,"CeramicFish":0,"Orichalcum":[84],"obtain_stats":[{"Blood Vial":7,"Golden Idol":2,"hierophant:PropheticMaskRelic":0,"CeramicFish":20,"Coffee Dripper":17,"Orichalcum":9},{"Blood Vial":5,"Golden Idol":1,"hierophant:PropheticMaskRelic":0,"CeramicFish":11,"Coffee Dripper":9,"Orichalcum":5},{"Blood Vial":13,"Golden Idol":2,"hierophant:PropheticMaskRelic":0,"CeramicFish":50,"Coffee Dripper":32,"Orichalcum":13}]},"card_choices":[{"not_picked":["Forethought","Mind Blast"],"picked":"Flash of Steel","floor":0},{"not_picked":["hierophant:HolyVerse","hierophant:Encroach"],"picked":"hierophant:PassingBell","floor":1},{"not_picked":["hierophant:PassingBell","hierophant:HammerAndAnvil"],"picked":"hierophant:SealAway","floor":3},{"not_picked":["hierophant:Prophecy","hierophant:Empathy"],"picked":"hierophant:HolyVerse","floor":4},{"not_picked":["hierophant:MintersHammer","hierophant:Shelter"],"picked":"hierophant:DisplayOfPower","floor":5},{"not_picked":["hierophant:AuricBeam","hierophant:Doomsaying"],"picked":"hierophant:Shelter","floor":7},{"not_picked":["hierophant:Zeal","hierophant:ThreeLashes"],"picked":"hierophant:Embezzle","floor":10},{"not_picked":["hierophant:AuricBeam","hierophant:Remorse"],"picked":"hierophant:Patience","floor":12},{"not_picked":["hierophant:Embezzle","hierophant:Patience"],"picked":"hierophant:RustyCrate","floor":14},{"not_picked":["hierophant:Batter","hierophant:AuricForm"],"picked":"hierophant:Determination","floor":16},{"not_picked":["hierophant:Blessing","hierophant:EyeForCoin"],"picked":"hierophant:Shelter","floor":18},{"not_picked":["hierophant:RepressedViolence","hierophant:SolarFlare"],"picked":"hierophant:Racketeering","floor":19}],"player_experience":384921,"relics_obtained":[{"floor":7,"key":"Blood Vial"},{"floor":9,"key":"Orichalcum"}],"event_choices":[{"damage_healed":0,"gold_gain":0,"player_choice":"Lose Max HP","damage_taken":0,"relics_obtained":["Golden Idol"],"max_hp_gain":0,"max_hp_loss":6,"event_name":"Golden Idol","floor":2,"gold_loss":0}],"is_beta":false,"boss_relics":[{"not_picked":["Ectoplasm","Calling Bell"],"picked":"Coffee Dripper"}],"items_purged_floors":[13,20],"is_endless":false,"potions_floor_spawned":[5,10,12,14,19],"killed_by":"Shelled Parasite and Fungi","ascension_level":0}}