{"host":"gzsdmyo07u314vug","time":1609728270,"event":{"mods":["2.2 Compatiblity","BaseMod","Downfall","GifTheSpireLib","Minty Spire (QoL Compilation)","Quick Restart","Rare Cards Sparkle","Relic Stats","Replay The Spire","Shop Mod","StSLib","The Bug Knight","The Construct","The Elementalist","The IronCluck","The Servant 0.9.4","Unceasing Turn Reminder","everything is the same but u backflip on backflip","slay the spire mod where everything is the same but ironclad has a cowboy hat","vexMod"],"gold_per_floor":[117,136,136,136,186,186,212,212,212,44,66,96,124,153,153,173,173],"floor_reached":16,"playtime":958,"items_purged":["Strike_B"],"score":163,"play_id":"fd69c70e-4023-4841-a9a7-71985682c87f","local_time":"20210103234430","is_ascension_mode":true,"campfire_choices":[{"data":"Zap","floor":6.0,"key":"SMITH"},{"data":"Dualcast","floor":8.0,"key":"SMITH"},{"floor":15,"key":"REST"}],"circlet_count":0,"master_deck":["AscendersBane","Strike_B","Strike_B","Defend_B","Defend_B","Defend_B","Defend_B","Zap+1","Dualcast+1","Conserve Battery","Sweeping Beam","BootSequence","Gash","Leap","Go for the Eyes","Beam Cell","Compile Driver"],"relics":["Cracked Core","Replay:Baseball","Replay:Bandana"],"acts_visited":["Exordium"],"potions_floor_usage":[14,16],"damage_taken":[{"damage":1.0,"enemies":"Cultist","floor":1.0,"turns":3.0},{"damage":0.0,"enemies":"Jaw Worm","floor":2.0,"turns":4.0},{"damage":30.0,"enemies":"Lagavulin","floor":7.0,"turns":6.0},{"damage":0.0,"enemies":"2 Louse","floor":11.0,"turns":3.0},{"damage":0.0,"enemies":"Blue Slaver","floor":12.0,"turns":4.0},{"damage":0.0,"enemies":"Looter","floor":13.0,"turns":3.0},{"damage":5,"enemies":"Large Slime","floor":14,"turns":5},{"damage":82,"enemies":"Fading Forest","floor":16,"turns":10}],"seed_played":"3032106626561123012","potions_obtained":[{"floor":1.0,"key":"Block Potion"},{"floor":11.0,"key":"Swift Potion"},{"floor":13.0,"key":"Adrenaline Potion"}],"is_trial":false,"path_per_floor":["M","M","?","?","?","R","E","R","T","$","M","M","M","M","R","B"],"character_chosen":"DEFECT","items_purchased":["Gash","Leap"],"campfire_rested":1,"item_purchase_floors":[10,10],"current_hp_per_floor":[67,67,67,67,67,67,37,37,37,37,37,37,37,32,54,0,0],"gold":173,"neow_bonus":"REMOVE_CARD","is_daily":false,"chose_seed":false,"campfire_upgraded":2,"win_rate":0.0,"timestamp":1609728270,"path_taken":["M","?","?","?","?","R","E","R","T","$","?","M","M","M","R","BOSS"],"items_purchased_type":["Card","Card"],"build_version":"2020-12-22","purchased_purges":1,"victory":false,"max_hp_per_floor":[75,75,75,75,75,75,75,75,75,75,75,75,75,75,75,75,75],"relic_stats":{"counters":[8,38],"obtain_stats":[{"Replay:Baseball":7,"Replay:Bandana":9,"Cracked Core":0},{"Replay:Baseball":3,"Replay:Bandana":3,"Cracked Core":0},{"Replay:Baseball":13,"Replay:Bandana":13,"Cracked Core":0}]},"card_choices":[{"not_picked":["Tempest","Steam"],"picked":"Conserve Battery","floor":1.0},{"not_picked":["Static Discharge","Force Field"],"picked":"Sweeping Beam","floor":2.0},{"not_picked":["ReplayTheSpireMod:System Scan","Tempest"],"picked":"BootSequence","floor":7.0},{"not_picked":["Hello World","Turbo"],"picked":"Go for the Eyes","floor":11.0},{"not_picked":["Tempest","BootSequence"],"picked":"Beam Cell","floor":12.0},{"not_picked":["Conserve Battery","Stack","Cold Snap"],"picked":"SKIP","floor":13.0},{"not_picked":["Go for the Eyes","ReplayTheSpireMod:System Scan"],"picked":"Compile Driver","floor":14}],"player_experience":643450,"relics_obtained":[{"floor":7.0,"key":"Replay:Baseball"},{"floor":9.0,"key":"Replay:Bandana"}],"event_choices":[],"is_beta":false,"boss_relics":[],"items_purged_floors":[10],"is_endless":false,"potions_floor_spawned":[1,11,13],"killed_by":"Fading Forest","ascension_level":12}}