{"host":"ifw7cdx76lcpw3w9","time":1609749092,"event":{"mods":["AchievementEnabler","Act Like it!","BaseMod","Conspire","Friendly Minions","Minty Spire (QoL Compilation)","StSLib","The Dragon Tamer","The Factory"],"gold_per_floor":[110,110,185,185,202,202,231,245,293,293,321,321,321],"floor_reached":11,"playtime":502,"items_purged":[],"score":156,"play_id":"eb781f1a-6937-4673-993f-1e72a1f8370e","local_time":"20210104013132","is_ascension_mode":false,"metric_token":595,"campfire_choices":[{"data":"DTMod:SwitchingTactic","floor":6,"key":"SMITH"},{"data":"DTMod:DoubleHit","floor":10,"key":"SMITH"}],"dtmod_dragon_data":[21,50,-1,-1,0,0],"circlet_count":0,"master_deck":["conspire:GhostlyStrike","conspire:GhostlyStrike","conspire:GhostlyStrike","conspire:GhostlyStrike","DTMod:DoubleHit+1","conspire:GhostlyDefend","conspire:GhostlyDefend","conspire:GhostlyDefend","conspire:GhostlyDefend","DTMod:SwitchingTactic+1","DTMod:CrossStep+1","DTMod:BalancedStrike","DTMod:FlameSlash","DTMod:Haste"],"relics":["DTMod:PactStone","NeowsBlessing","Dream Catcher","Nunchaku","Pear"],"acts_visited":["Exordium"],"potions_floor_usage":[],"damage_taken":[{"damage":0,"enemies":"Jaw Worm","floor":1,"turns":1},{"damage":0,"enemies":"Small Slimes","floor":5,"turns":1},{"damage":0,"enemies":"3 Sentries","floor":7,"turns":1},{"damage":0,"enemies":"2 Louse","floor":8,"turns":2},{"damage":9,"enemies":"Lagavulin","floor":11,"turns":6}],"seed_played":"896221903947425006","potions_obtained":[{"floor":7,"key":"Block Potion"},{"floor":8,"key":"DistilledChaos"}],"is_trial":false,"path_per_floor":["M","?","?","?","M","R","E","M","T","R","E"],"character_chosen":"THE_DT","items_purchased":[],"campfire_rested":0,"item_purchase_floors":[],"current_hp_per_floor":[45,45,34,34,34,34,34,34,34,34,35,35,35],"gold":321,"neow_bonus":"THREE_ENEMY_KILL","is_daily":false,"chose_seed":false,"campfire_upgraded":2,"win_rate":0.0,"timestamp":1609749092,"path_taken":["M","?","?","?","?","R","E","M","T","R","E"],"items_purchased_type":[],"build_version":"2020-12-22","purchased_purges":0,"victory":false,"max_hp_per_floor":[45,45,45,45,45,45,45,45,45,45,55,55,55],"card_choices":[{"not_picked":["DTMod:ComboAttack","DTMod:BreakAttack"],"picked":"DTMod:CrossStep","floor":1},{"not_picked":["DTMod:Astonish","DTMod:Punisher"],"picked":"DTMod:BalancedStrike","floor":5},{"not_picked":["DTMod:DragonDance","DTMod:Punisher","DTMod:BizarreTactic"],"picked":"SKIP","floor":7},{"not_picked":["DTMod:Dissolve","DTMod:LowKick"],"picked":"DTMod:FlameSlash","floor":8},{"not_picked":["DTMod:BuildUp","DTMod:BizarreTactic"],"picked":"DTMod:Haste","floor":11}],"player_experience":55864,"relics_obtained":[{"floor":7,"key":"Dream Catcher"},{"floor":9,"key":"Nunchaku"},{"floor":11,"key":"Pear"}],"event_choices":[{"damage_healed":0,"gold_gain":0,"player_choice":"Agree","damage_taken":0,"max_hp_gain":0,"max_hp_loss":0,"event_name":"conspire:LoneGhost","floor":2,"gold_loss":0},{"damage_healed":0,"gold_gain":75,"player_choice":"Gather Gold","damage_taken":11,"max_hp_gain":0,"max_hp_loss":0,"event_name":"World of Goop","floor":3,"gold_loss":0},{"damage_healed":0,"gold_gain":0,"player_choice":"Upgraded","damage_taken":0,"max_hp_gain":0,"max_hp_loss":0,"event_name":"Upgrade Shrine","floor":4,"gold_loss":0,"cards_upgraded":["DTMod:CrossStep"]}],"is_beta":false,"boss_relics":[],"items_purged_floors":[],"is_endless":false,"potions_floor_spawned":[7,8],"killed_by":"Lagavulin","ascension_level":0}}