{"host":"e52c7hvho6xny3hd","time":1609770671,"event":{"mods":["AchievementEnabler","BaseMod","Colored Map","DeckTracker","Minty Spire (QoL Compilation)","Permanent Neow","StSLib"],"gold_per_floor":[219,229,71,71,90,120,120,139,139,139,159,159,173,196,196,196,196],"floor_reached":16,"playtime":639,"items_purged":["Strike_P"],"score":151,"play_id":"850eef00-36dd-4ebf-bd35-f9ae491920ba","local_time":"20210104233111","is_ascension_mode":true,"campfire_choices":[{"data":"Eruption","floor":7,"key":"SMITH"},{"data":"Devotion","floor":10,"key":"SMITH"},{"data":"Adaptation","floor":15,"key":"SMITH"}],"circlet_count":0,"master_deck":["Strike_P","Strike_P","Defend_P","Defend_P","Defend_P","Defend_P","Eruption+1","Vigilance","TalkToTheHand","Conclude","Wallop","EmptyFist","Prostrate","FlurryOfBlows","EmptyBody","Devotion+1","FollowUp","Prostrate","Adaptation+1"],"relics":["PureWater","Matryoshka","The Courier","Mummified Hand","Golden Idol"],"acts_visited":["Exordium"],"potions_floor_usage":[],"damage_taken":[{"damage":0,"enemies":"Cultist","floor":1,"turns":3},{"damage":7,"enemies":"Jaw Worm","floor":2,"turns":5},{"damage":1,"enemies":"2 Louse","floor":5,"turns":2},{"damage":9,"enemies":"Gremlin Nob","floor":6,"turns":4},{"damage":0,"enemies":"Red Slaver","floor":8,"turns":1},{"damage":0,"enemies":"Large Slime","floor":11,"turns":4},{"damage":0,"enemies":"Exordium Thugs","floor":13,"turns":4},{"damage":0,"enemies":"2 Fungi Beasts","floor":14,"turns":1},{"damage":31,"enemies":"The Guardian","floor":16,"turns":5}],"seed_played":"-2611125460930995774","potions_obtained":[{"floor":1,"key":"Swift Potion"},{"floor":2,"key":"StancePotion"},{"floor":11,"key":"Energy Potion"},{"floor":13,"key":"Dexterity Potion"}],"is_trial":false,"path_per_floor":["M","M","$","?","M","E","R","M","T","R","M","?","M","M","R","B"],"character_chosen":"WATCHER","items_purchased":["Wallop","EmptyFist"],"campfire_rested":0,"item_purchase_floors":[3,3],"current_hp_per_floor":[65,58,58,58,57,48,48,48,48,48,48,30,30,30,30,0,0],"gold":196,"neow_bonus":"HUNDRED_GOLD","is_daily":false,"chose_seed":false,"campfire_upgraded":3,"win_rate":0.0,"timestamp":1609770671,"path_taken":["M","M","$","?","M","E","R","M","T","R","M","?","M","M","R","BOSS"],"items_purchased_type":["Card","Card"],"build_version":"2020-12-22","purchased_purges":1,"victory":false,"max_hp_per_floor":[72,72,72,72,72,72,72,72,72,72,72,72,72,72,72,72,72],"card_choices":[{"not_picked":["Evaluate","Halt"],"picked":"TalkToTheHand","floor":1},{"not_picked":["Consecrate","CutThroughFate"],"picked":"Conclude","floor":2},{"not_picked":["FollowUp","CarveReality"],"picked":"FlurryOfBlows","floor":5},{"not_picked":["FlurryOfBlows","Sanctity"],"picked":"EmptyBody","floor":6},{"not_picked":["BattleHymn","CutThroughFate"],"picked":"Devotion","floor":8},{"not_picked":["Indignation","Consecrate"],"picked":"FollowUp","floor":11},{"not_picked":["PathToVictory","BowlingBash"],"picked":"Prostrate","floor":13},{"not_picked":["BowlingBash","ThirdEye"],"picked":"Adaptation","floor":14}],"player_experience":623518,"relics_obtained":[{"floor":6,"key":"Matryoshka"},{"floor":9,"key":"The Courier"},{"floor":9,"key":"Mummified Hand"}],"event_choices":[{"damage_healed":0,"gold_gain":0,"cards_transformed":["Strike_P"],"player_choice":"Change","damage_taken":0,"max_hp_gain":0,"max_hp_loss":0,"event_name":"Living Wall","floor":4,"gold_loss":0,"cards_obtained":["Prostrate"]},{"damage_healed":0,"gold_gain":0,"player_choice":"Take Damage","damage_taken":18,"relics_obtained":["Golden Idol"],"max_hp_gain":0,"max_hp_loss":0,"event_name":"Golden Idol","floor":12,"gold_loss":0}],"is_beta":false,"boss_relics":[],"items_purged_floors":[3],"is_endless":false,"potions_floor_spawned":[1,2,11,13,14],"killed_by":"The Guardian","ascension_level":9}}