{"host":"1hzg86ju9fvxh562","time":1609788003,"event":{"mods":["AchievementEnabler","Act Like it!","AlwaysNeverKeys","BaseMod","Bestiary","Better Altar","Better Match","Better Note","Better Sensory Stone","Better Skull","Better Third Choice","Colored Map","Colored Powertips","Curses Come First","Displayed Cursed Tome","Filter the Spire","Highlight Path","Keyboard Shortcuts","Minty Spire (QoL Compilation)","Rare Cards Sparkle","Relic Sorter","Relic Stats","Spicy Shops","StSLib","everything is the same but u backflip on backflip","slay the spire mod where everything is the same but ironclad has a cowboy hat"],"gold_per_floor":[116,291,317,332,141,141,41,73,73,73,73,99,117,134,134,236,236,255,266,6,331,351,376,376,401,401,416,416,66,81,97,97,97,97],"floor_reached":33,"playtime":1958,"items_purged":["Doubt","Doubt","Hemokinesis"],"score":320,"play_id":"a37781f9-22dd-4f13-bf20-8aa785dafd9f","local_time":"20210104172003","is_ascension_mode":false,"campfire_choices":[{"data":"Fiend Fire","floor":11.0,"key":"SMITH"},{"data":"Brutality","floor":15.0,"key":"PURGE"},{"data":"Uppercut","floor":24.0,"key":"SMITH"},{"floor":32.0,"key":"REST"}],"circlet_count":0,"master_deck":["Bash+1","Spot Weakness","Carnage","Ghostly Armor","Fiend Fire+1","Uppercut+1","Flame Barrier+1"],"relics":["Pandora\u0027s Box","Vajra","Peace Pipe","Charon\u0027s Ashes","Bronze Scales","Dream Catcher","Busted Crown","Membership Card","Omamori","Potion Belt","InkBottle","Nunchaku","Paper Frog","Ice Cream","ClockworkSouvenir","Red Skull","OrangePellets","Orichalcum"],"acts_visited":["Exordium","TheCity"],"potions_floor_usage":[33],"damage_taken":[{"damage":11.0,"enemies":"Jaw Worm","floor":1.0,"turns":2.0},{"damage":2.0,"enemies":"2 Louse","floor":4.0,"turns":1.0},{"damage":10.0,"enemies":"Gremlin Nob","floor":8.0,"turns":3.0},{"damage":9.0,"enemies":"3 Sentries","floor":12.0,"turns":3.0},{"damage":0.0,"enemies":"Small Slimes","floor":13.0,"turns":1.0},{"damage":6.0,"enemies":"Gremlin Gang","floor":14.0,"turns":3.0},{"damage":36.0,"enemies":"Slime Boss","floor":16.0,"turns":5.0},{"damage":0.0,"enemies":"Spheric Guardian","floor":18.0,"turns":2.0},{"damage":0.0,"enemies":"Chosen","floor":19.0,"turns":2.0},{"damage":0.0,"enemies":"Snecko","floor":22.0,"turns":2.0},{"damage":0.0,"enemies":"Slavers","floor":23.0,"turns":3.0},{"damage":24.0,"enemies":"Gremlin Leader","floor":25.0,"turns":4.0},{"damage":2.0,"enemies":"Sentry and Sphere","floor":27.0,"turns":3.0},{"damage":0.0,"enemies":"Snake Plant","floor":30.0,"turns":1.0},{"damage":0.0,"enemies":"Chosen and Byrds","floor":31.0,"turns":1.0},{"damage":69,"enemies":"Automaton","floor":33,"turns":6}],"seed_played":"-4171283055935272478","potions_obtained":[{"floor":1.0,"key":"BloodPotion"},{"floor":4.0,"key":"GamblersBrew"},{"floor":8.0,"key":"Dexterity Potion"},{"floor":14.0,"key":"DistilledChaos"},{"floor":22.0,"key":"DistilledChaos"},{"floor":23.0,"key":"ElixirPotion"},{"floor":27.0,"key":"BloodPotion"}],"is_trial":false,"path_per_floor":["M","?","T","M","$","?","$","E","T","?","R","E","M","M","R","B",null,"M","M","$","?","M","E","R","E","T","M","?","$","M","M","R","B"],"character_chosen":"IRONCLAD","items_purchased":["Peace Pipe","Membership Card","Omamori","Potion Belt","Ice Cream","ClockworkSouvenir","Block Potion","Red Skull","OrangePellets","Orichalcum"],"campfire_rested":1,"item_purchase_floors":[5,20,20,20,29,29,29,29,29,29],"current_hp_per_floor":[69,69,69,67,67,51,51,41,41,41,41,32,32,42,42,6,80,80,80,80,55,55,55,55,31,31,29,29,29,29,29,53,0,0],"gold":97,"neow_bonus":"BOSS_RELIC","is_daily":false,"chose_seed":false,"campfire_upgraded":2,"win_rate":0.0,"timestamp":1609788003,"path_taken":["M","?","?","M","?","?","$","E","T","?","R","E","?","M","R","BOSS","M","M","$","?","M","E","R","E","T","M","?","$","M","M","R","BOSS"],"items_purchased_type":["Relic","Relic","Relic","Relic","Relic","Relic","Potion","Relic","Relic","Relic"],"build_version":"2020-12-22","purchased_purges":3,"victory":false,"max_hp_per_floor":[80,80,80,80,80,80,80,80,80,80,80,80,80,80,80,80,80,80,80,80,80,80,80,80,80,80,80,80,80,80,80,80,80,80],"relic_stats":{"Peace Pipe":2,"OrangePellets":[0],"Dream Catcher":1,"Nunchaku":[1],"Busted Crown":18,"counters":[16,42],"Bronze Scales":[88],"Pandora\u0027s Box":["Bludgeon","Spot Weakness","Brutality","Carnage","Hemokinesis","Ghostly Armor","Fiend Fire","Uppercut","Flame Barrier"],"Charon\u0027s Ashes":[323],"Orichalcum":[36],"obtain_stats":[{"Potion Belt":20,"Ice Cream":29,"Vajra":3,"Charon\u0027s Ashes":8,"Omamori":20,"Orichalcum":29,"Burning Blood":0,"ClockworkSouvenir":29,"Peace Pipe":5,"OrangePellets":29,"Dream Catcher":12,"Nunchaku":25,"Busted Crown":17,"Bronze Scales":9,"Pandora\u0027s Box":0,"Membership Card":20,"InkBottle":23,"Red Skull":29,"Paper Frog":26},{"Potion Belt":9,"Ice Cream":13,"Vajra":1,"Charon\u0027s Ashes":3,"Omamori":9,"Orichalcum":13,"Burning Blood":0,"ClockworkSouvenir":13,"Peace Pipe":2,"OrangePellets":13,"Dream Catcher":4,"Nunchaku":12,"Busted Crown":7,"Bronze Scales":3,"Pandora\u0027s Box":0,"Membership Card":9,"InkBottle":11,"Red Skull":13,"Paper Frog":12},{"Potion Belt":22,"Ice Cream":34,"Vajra":2,"Charon\u0027s Ashes":6,"Omamori":22,"Orichalcum":34,"Burning Blood":0,"ClockworkSouvenir":34,"Peace Pipe":3,"OrangePellets":34,"Dream Catcher":9,"Nunchaku":31,"Busted Crown":18,"Bronze Scales":6,"Pandora\u0027s Box":0,"Membership Card":22,"InkBottle":27,"Red Skull":34,"Paper Frog":31}],"InkBottle":[2]},"card_choices":[{"not_picked":["Armaments","Rage","Battle Trance"],"picked":"SKIP","floor":1.0},{"not_picked":["Iron Wave","Intimidate","Sword Boomerang"],"picked":"SKIP","floor":4.0},{"not_picked":["Cleave","Carnage","Inflame"],"picked":"SKIP","floor":8.0},{"not_picked":["Uppercut","Warcry","Seeing Red"],"picked":"SKIP","floor":12.0},{"not_picked":["Warcry","Reckless Charge","Anger"],"picked":"SKIP","floor":13.0},{"not_picked":["Blood for Blood","Pommel Strike","Perfected Strike"],"picked":"SKIP","floor":14.0},{"not_picked":["Entrench+1"],"picked":"SKIP","floor":18.0},{"not_picked":["Spot Weakness"],"picked":"SKIP","floor":19.0},{"not_picked":["Clash+1"],"picked":"SKIP","floor":22.0},{"not_picked":["Headbutt"],"picked":"SKIP","floor":23.0},{"not_picked":["Burning Pact"],"picked":"SKIP","floor":25.0},{"not_picked":["Havoc"],"picked":"SKIP","floor":27.0},{"not_picked":["Hemokinesis"],"picked":"SKIP","floor":30.0},{"not_picked":["Cleave+1"],"picked":"SKIP","floor":31.0}],"player_experience":423611,"relics_obtained":[{"floor":3.0,"key":"Vajra"},{"floor":8.0,"key":"Charon\u0027s Ashes"},{"floor":9.0,"key":"Bronze Scales"},{"floor":12.0,"key":"Dream Catcher"},{"floor":23.0,"key":"InkBottle"},{"floor":25.0,"key":"Nunchaku"},{"floor":26.0,"key":"Paper Frog"}],"event_choices":[{"damage_healed":0.0,"max_hp_gain":0.0,"max_hp_loss":0.0,"gold_gain":175.0,"event_name":"betterThird:BetterSerpent","player_choice":"AGREE","floor":2.0,"gold_loss":0.0,"damage_taken":116.0},{"damage_healed":67.0,"max_hp_gain":0.0,"max_hp_loss":80.0,"gold_gain":0.0,"event_name":"betterThird:BetterShining","player_choice":"Upgrade","floor":6.0,"gold_loss":0.0,"damage_taken":16.0,"cards_upgraded":["Bash","Flame Barrier"]},{"cards_removed":["Bludgeon"],"damage_healed":0.0,"max_hp_gain":0.0,"max_hp_loss":0.0,"gold_gain":0.0,"event_name":"Purifier","player_choice":"Purged","floor":10.0,"gold_loss":0.0,"damage_taken":0.0},{"damage_healed":0.0,"max_hp_gain":0.0,"max_hp_loss":0.0,"gold_gain":325.0,"event_name":"betterSkull:BetterSkull","player_choice":"GO GO GO ","floor":21.0,"gold_loss":0.0,"damage_taken":28.0,"cards_upgraded":[],"relics_obtained":[]},{"cards_removed":["Spot Weakness"],"damage_healed":0.0,"max_hp_gain":0.0,"max_hp_loss":0.0,"gold_gain":0.0,"event_name":"betterNote:BetterNote","player_choice":"Give","floor":28.0,"gold_loss":0.0,"damage_taken":0.0,"cards_obtained":["None"]}],"is_beta":false,"boss_relics":[{"not_picked":["SacredBark","Black Star"],"picked":"Busted Crown"}],"items_purged_floors":[5,7,29],"is_endless":false,"potions_floor_spawned":[1,4,8,14,22,23,27],"killed_by":"Automaton","ascension_level":0}}