{"host":"dmdprxj8bosbz96f","time":1609794124,"event":{"mods":["AchievementEnabler","BaseMod","Colored Map","DeckTracker","Minty Spire (QoL Compilation)","Quick Restart","SuperFastMode","everything is the same but u backflip on backflip"],"gold_per_floor":[112,112,37,48,48,48,59,59,86,99,13,13,47,59,59,59,59],"floor_reached":16,"playtime":368,"items_purged":["Strike_R"],"score":110,"play_id":"d59350a9-25bb-4c4b-8a8e-3d4cf086f040","local_time":"20210105060204","is_ascension_mode":true,"campfire_choices":[{"data":"Seeing Red","floor":6.0,"key":"SMITH"},{"data":"Flex","floor":8.0,"key":"SMITH"},{"data":"Whirlwind","floor":12.0,"key":"SMITH"},{"data":"Seeing Red","floor":15.0,"key":"SMITH"}],"circlet_count":0,"master_deck":["Strike_R","Strike_R","Defend_R","Defend_R","Defend_R","Defend_R","Bash","Armaments","Reaper","Seeing Red+1","Flex+1","Cleave","Flex","Whirlwind+1","Pommel Strike","Seeing Red+1"],"relics":["Burning Blood","NeowsBlessing","Art of War","Bag of Marbles"],"acts_visited":["Exordium"],"potions_floor_usage":[],"damage_taken":[{"damage":0.0,"enemies":"Small Slimes","floor":1.0,"turns":1.0},{"damage":0.0,"enemies":"Cultist","floor":4.0,"turns":1.0},{"damage":0.0,"enemies":"2 Louse","floor":7.0,"turns":1.0},{"damage":39.0,"enemies":"Exordium Thugs","floor":10.0,"turns":6.0},{"damage":45.0,"enemies":"Lagavulin","floor":13.0,"turns":8.0},{"damage":0.0,"enemies":"Gremlin Gang","floor":14.0,"turns":2.0},{"damage":0,"enemies":"Hexaghost","floor":16,"turns":1}],"seed_played":"1811330065417790148","potions_obtained":[{"floor":7.0,"key":"GamblersBrew"},{"floor":10.0,"key":"Swift Potion"}],"is_trial":false,"path_per_floor":["M","?","$","M","?","R","M","R","T","M","$","R","E","M","R","B"],"character_chosen":"IRONCLAD","items_purchased":["Flex","Whirlwind"],"campfire_rested":0,"item_purchase_floors":[11,11],"current_hp_per_floor":[80,80,80,80,80,80,80,80,80,52,52,52,13,66,66,66,66],"gold":59,"neow_bonus":"THREE_ENEMY_KILL","is_daily":false,"chose_seed":false,"campfire_upgraded":4,"win_rate":0.0,"timestamp":1609794124,"path_taken":["M","?","?","M","?","R","?","R","T","M","$","R","E","M","R","BOSS"],"items_purchased_type":["Card","Card"],"build_version":"2020-12-22","purchased_purges":1,"victory":false,"max_hp_per_floor":[80,80,80,80,80,80,80,80,80,80,80,80,80,80,80,80,80],"card_choices":[{"not_picked":["Anger","Combust"],"picked":"Armaments","floor":1.0},{"not_picked":["Perfected Strike","Infernal Blade"],"picked":"Seeing Red","floor":4.0},{"not_picked":["Bloodletting","Wild Strike"],"picked":"Flex","floor":7.0},{"not_picked":["Burning Pact","Warcry"],"picked":"Cleave","floor":10.0},{"not_picked":["Fiend Fire","Dark Embrace"],"picked":"Pommel Strike","floor":13.0},{"not_picked":["Rupture","Heavy Blade"],"picked":"Seeing Red","floor":14.0}],"player_experience":132216,"relics_obtained":[{"floor":9.0,"key":"Art of War"},{"floor":13.0,"key":"Bag of Marbles"}],"event_choices":[{"damage_healed":0.0,"max_hp_gain":0.0,"max_hp_loss":0.0,"gold_gain":0.0,"cards_transformed":["Strike_R"],"event_name":"Transmorgrifier","player_choice":"Transformed","floor":2.0,"gold_loss":0.0,"damage_taken":0.0,"cards_obtained":["Reaper"]},{"cards_removed":["Strike_R"],"damage_healed":0.0,"max_hp_gain":0.0,"max_hp_loss":0.0,"gold_gain":0.0,"event_name":"Purifier","player_choice":"Purged","floor":5.0,"gold_loss":0.0,"damage_taken":0.0}],"is_beta":false,"boss_relics":[],"items_purged_floors":[3],"is_endless":false,"potions_floor_spawned":[7,10],"killed_by":"Hexaghost","ascension_level":2}}