{"host":"gk5m6v7zec9neb0j","time":1609754559,"event":{"mods":["AchievementEnabler","AlwaysNeverKeys","BaseMod","BetterRewards","Block Reminder","Minty Spire (QoL Compilation)","Rare Cards Sparkle","Relic Stats","StSLib"],"gold_per_floor":[116,116,116,116,136,136,136,63,88,42,68,87,262,280,280,383,383,394,406,34,49,65,65,65,65,89,89,119,137,162,181,181,280,280,290,302,318,368,368,368,368,368,368,386,403,403,36,55,55,55,55,55,55,82,82,82],"floor_reached":55,"playtime":1564,"items_purged":["Strike_G","Strike_G","Defend_G"],"score":932,"play_id":"f0702f47-237f-4bec-b70c-740799c14d10","local_time":"20210104050239","is_ascension_mode":false,"campfire_choices":[{"floor":6,"key":"REST"},{"data":"Neutralize","floor":7,"key":"SMITH"},{"floor":15,"key":"REST"},{"floor":23,"key":"REST"},{"floor":27,"key":"REST"},{"floor":32,"key":"REST"},{"floor":40,"key":"REST"},{"data":"Panache","floor":42,"key":"SMITH"},{"floor":46,"key":"REST"},{"floor":49,"key":"REST"},{"data":"Panache","floor":52,"key":"SMITH"}],"circlet_count":0,"master_deck":["Defend_G","Defend_G","Defend_G","Defend_G","Survivor","Neutralize+1","Panache+1","Backflip","Blade Dance","Infinite Blades","Slice+1","Die Die Die","Slice","After Image","Panache","Infinite Blades","Accuracy","Terror+1","Concentrate+1","Prepared+1","Cloak And Dagger+1","Prepared+1","Blade Dance+1","Panache+1","Good Instincts+1"],"relics":["Ring of the Snake","Ginger","Shuriken","WingedGreaves","Art of War","Whetstone","Empty Cage","Strawberry","Toxic Egg 2","Mummified Hand","WristBlade","Turnip","Singing Bowl","Bottled Tornado","Pantograph"],"acts_visited":["Exordium","TheCity","TheBeyond","TheEnding"],"potions_floor_usage":[11,11,16,16,18,30,44,50,55],"damage_taken":[{"damage":0,"enemies":"Small Slimes","floor":1,"turns":4},{"damage":0,"enemies":"2 Louse","floor":5,"turns":3},{"damage":0,"enemies":"Lagavulin","floor":11,"turns":5},{"damage":0,"enemies":"Jaw Worm","floor":12,"turns":2},{"damage":2,"enemies":"Blue Slaver","floor":14,"turns":3},{"damage":1,"enemies":"Slime Boss","floor":16,"turns":5},{"damage":0,"enemies":"3 Byrds","floor":18,"turns":3},{"damage":14,"enemies":"2 Thieves","floor":19,"turns":4},{"damage":10,"enemies":"Snecko","floor":21,"turns":5},{"damage":18,"enemies":"Shelled Parasite and Fungi","floor":22,"turns":4},{"damage":5,"enemies":"Book of Stabbing","floor":28,"turns":6},{"damage":11,"enemies":"Centurion and Healer","floor":29,"turns":5},{"damage":21,"enemies":"Slavers","floor":30,"turns":4},{"damage":11,"enemies":"Snake Plant","floor":31,"turns":2},{"damage":37,"enemies":"Collector","floor":33,"turns":7},{"damage":17,"enemies":"3 Darklings","floor":35,"turns":4},{"damage":0,"enemies":"Orb Walker","floor":36,"turns":3},{"damage":10,"enemies":"Transient","floor":37,"turns":5},{"damage":13,"enemies":"2 Orb Walkers","floor":38,"turns":3},{"damage":0,"enemies":"Jaw Worm Horde","floor":44,"turns":2},{"damage":23,"enemies":"3 Darklings","floor":45,"turns":3},{"damage":11,"enemies":"Spire Growth","floor":48,"turns":3},{"damage":17,"enemies":"Donu and Deca","floor":50,"turns":5},{"damage":0,"enemies":"Shield and Spear","floor":54,"turns":2},{"damage":96,"enemies":"The Heart","floor":55,"turns":5}],"seed_played":"4560832697813395689","potions_obtained":[{"floor":5,"key":"EntropicBrew"},{"floor":11,"key":"AttackPotion"},{"floor":16,"key":"CunningPotion"},{"floor":18,"key":"Dexterity Potion"},{"floor":33,"key":"Fire Potion"},{"floor":54,"key":"Explosive Potion"}],"is_trial":false,"path_per_floor":["M","?","?","?","M","R","R","$","T","$","E","M","?","M","R","B",null,"M","M","$","M","M","R","?","$","T","R","E","M","E","M","R","B",null,"M","M","M","?","$","R","?","R","T","M","M","R","$","M","R","B",null,"R","$","E","B"],"character_chosen":"THE_SILENT","items_purchased":["Panache","Shuriken","Infinite Blades","Slice","Panache","Infinite Blades","Bottled Tornado"],"campfire_rested":8,"item_purchase_floors":[0,0,8,10,20,20,47],"current_hp_per_floor":[30,23,23,23,23,44,44,44,44,44,44,44,44,42,63,62,70,70,56,56,46,28,49,49,49,56,77,72,61,40,29,52,15,77,60,60,50,37,37,60,55,55,55,57,36,60,60,51,75,58,83,83,83,85,0,0],"gold":82,"neow_bonus":"","is_daily":false,"chose_seed":false,"campfire_upgraded":3,"win_rate":0.0,"timestamp":1609754559,"path_taken":["M","?","?","?","M","R","R","$","T","?","E","?","?","M","R","BOSS","M","M","$","M","M","R","?","?","T","R","E","M","E","M","R","BOSS","M","M","M","?","$","R","?","R","T","M","M","R","$","M","R","BOSS","R","$","E","BOSS"],"items_purchased_type":["Card","Relic","Card","Card","Card","Card","Relic"],"build_version":"2020-12-22","purchased_purges":3,"victory":false,"max_hp_per_floor":[70,70,70,70,70,70,70,70,70,70,70,70,70,70,70,70,70,70,70,70,70,70,70,70,70,77,77,77,77,77,77,77,77,77,77,77,77,77,77,77,77,77,77,79,81,81,81,83,83,83,83,83,83,85,85,85],"relic_stats":{"Singing Bowl":8,"counters":[122,696],"Shuriken":[66],"Mummified Hand":[53],"Pantograph":0,"Turnip":[2],"Art of War":[7],"Ginger":[11],"Whetstone":["Slice","Strike_G"],"obtain_stats":[{"Ice Cream":7,"Regal Pillow":9,"Torii":0,"Singing Bowl":43,"HoveringKite":34,"Enchiridion":22,"Vajra":43,"Ginger":0,"Whetstone":11,"Bottled Tornado":43,"Ancient Tea Set":4,"Empty Cage":17,"ClockworkSouvenir":20,"Tough Bandages":25,"Nunchaku":31,"WristBlade":34,"Sundial":24,"Mummified Hand":30,"Pantograph":12,"Strawberry":26,"Tiny Chest":26,"WingedGreaves":17,"Red Mask":47,"Chemical X":37,"Kunai":0,"Toxic Egg 2":28,"InkBottle":54,"Ring of the Snake":0,"Potion Belt":9,"Happy Flower":13,"Golden Idol":3,"Astrolabe":34,"Question Card":48,"White Beast Statue":9,"Peace Pipe":9,"Calling Bell":17,"Bottled Flame":25,"Ornamental Fan":0,"Shuriken":0,"Bronze Scales":10,"Orrery":0,"Turnip":38,"Black Star":17,"Art of War":17,"Bottled Lightning":43,"StrikeDummy":27,"Toy Ornithopter":27,"Meat on the Bone":17},{"Ice Cream":11,"Regal Pillow":36,"Torii":31,"Singing Bowl":116,"HoveringKite":21,"Enchiridion":68,"Vajra":91,"Ginger":97,"Whetstone":100,"Bottled Tornado":52,"Ancient Tea Set":2,"Empty Cage":103,"ClockworkSouvenir":41,"Tough Bandages":16,"Nunchaku":85,"WristBlade":112,"Sundial":44,"Mummified Hand":110,"Pantograph":11,"Strawberry":107,"Tiny Chest":16,"WingedGreaves":80,"Red Mask":54,"Chemical X":22,"Kunai":31,"Toxic Egg 2":108,"InkBottle":57,"Ring of the Snake":0,"Potion Belt":3,"Happy Flower":12,"Golden Idol":2,"Astrolabe":86,"Question Card":94,"White Beast Statue":11,"Peace Pipe":62,"Calling Bell":80,"Bottled Flame":16,"Ornamental Fan":72,"Shuriken":97,"Bronze Scales":36,"Orrery":58,"Turnip":116,"Black Star":13,"Art of War":80,"Bottled Lightning":24,"StrikeDummy":17,"Toy Ornithopter":17,"Meat on the Bone":80},{"Ice Cream":57,"Regal Pillow":206,"Torii":183,"Singing Bowl":676,"HoveringKite":124,"Enchiridion":435,"Vajra":558,"Ginger":599,"Whetstone":611,"Bottled Tornado":309,"Ancient Tea Set":5,"Empty Cage":621,"ClockworkSouvenir":234,"Tough Bandages":94,"Nunchaku":521,"WristBlade":661,"Sundial":249,"Mummified Hand":652,"Pantograph":57,"Strawberry":637,"Tiny Chest":94,"WingedGreaves":500,"Red Mask":329,"Chemical X":129,"Kunai":183,"Toxic Egg 2":643,"InkBottle":364,"Ring of the Snake":0,"Potion Belt":9,"Happy Flower":68,"Golden Idol":5,"Astrolabe":533,"Question Card":574,"White Beast Statue":57,"Peace Pipe":387,"Calling Bell":500,"Bottled Flame":94,"Ornamental Fan":459,"Shuriken":599,"Bronze Scales":206,"Orrery":367,"Turnip":676,"Black Star":79,"Art of War":500,"Bottled Lightning":139,"StrikeDummy":100,"Toy Ornithopter":100,"Meat on the Bone":500}],"Ring of the Snake":[244]},"card_choices":[{"not_picked":["Flechettes","Poisoned Stab"],"picked":"Backflip","floor":1},{"not_picked":["Well Laid Plans","All Out Attack"],"picked":"Blade Dance","floor":5},{"not_picked":["Underhanded Strike","Noxious Fumes"],"picked":"Die Die Die","floor":11},{"not_picked":["Masterful Stab","Tactician","Flying Knee"],"picked":"SKIP","floor":12},{"not_picked":["Masterful Stab","Heel Hook"],"picked":"Slice","floor":14},{"not_picked":["A Thousand Cuts","Unload"],"picked":"After Image","floor":16},{"not_picked":["Tactician","Dagger Throw","Deflect"],"picked":"SKIP","floor":18},{"not_picked":["Tactician","Dagger Throw","Deflect"],"picked":"SKIP","floor":18},{"not_picked":["Flying Knee","Deflect","Masterful Stab"],"picked":"SKIP","floor":19},{"not_picked":["Catalyst","Choke+1","Setup"],"picked":"SKIP","floor":21},{"not_picked":["Poisoned Stab","Skewer"],"picked":"Accuracy","floor":22},{"not_picked":["Dodge and Roll+1","Acrobatics+1"],"picked":"Terror+1","floor":28},{"not_picked":["Outmaneuver+1","Deflect+1"],"picked":"Concentrate+1","floor":29},{"not_picked":["Grand Finale","Deadly Poison+1","Distraction+1"],"picked":"SKIP","floor":30},{"not_picked":["Deflect+1","Outmaneuver+1"],"picked":"Prepared+1","floor":31},{"not_picked":["Dagger Spray+1","Backflip+1"],"picked":"Cloak And Dagger+1","floor":35},{"not_picked":["Predator","Flechettes"],"picked":"Prepared+1","floor":36},{"not_picked":["Dodge and Roll+1","Quick Slash+1"],"picked":"Blade Dance+1","floor":37},{"not_picked":["Panacea+1","Trip+1"],"picked":"Panache","floor":41},{"not_picked":["Mind Blast","Trip+1"],"picked":"Good Instincts+1","floor":41},{"not_picked":["Heel Hook","Concentrate+1","Deflect+1"],"picked":"Singing Bowl","floor":44},{"not_picked":["Quick Slash","Bane","Choke"],"picked":"Singing Bowl","floor":45},{"not_picked":["PiercingWail+1","Underhanded Strike","Catalyst+1"],"picked":"Singing Bowl","floor":48},{"not_picked":["Bouncing Flask+1","Bane+1","Reflex+1"],"picked":"Singing Bowl","floor":54}],"player_experience":730363,"relics_obtained":[{"floor":9,"key":"Art of War"},{"floor":11,"key":"Whetstone"},{"floor":26,"key":"Strawberry"},{"floor":28,"key":"Toxic Egg 2"},{"floor":30,"key":"Mummified Hand"},{"floor":38,"key":"Turnip"},{"floor":43,"key":"Singing Bowl"},{"floor":54,"key":"Pantograph"}],"event_choices":[{"cards_removed":["Strike_G"],"damage_healed":0,"gold_gain":0,"player_choice":"Card Removal","damage_taken":7,"max_hp_gain":0,"max_hp_loss":0,"event_name":"Golden Wing","floor":2,"gold_loss":0},{"damage_healed":0,"gold_gain":0,"player_choice":"Fled","damage_taken":0,"max_hp_gain":0,"max_hp_loss":0,"event_name":"Scrap Ooze","floor":3,"gold_loss":0},{"damage_healed":0,"gold_gain":0,"player_choice":"Ignored","damage_taken":0,"max_hp_gain":0,"max_hp_loss":0,"event_name":"Shining Light","floor":4,"gold_loss":0},{"damage_healed":0,"gold_gain":175,"player_choice":"AGREE","damage_taken":0,"max_hp_gain":0,"max_hp_loss":0,"event_name":"Liars Game","floor":13,"gold_loss":0,"cards_obtained":["Doubt"]},{"cards_removed":["Strike_G"],"damage_healed":0,"gold_gain":0,"player_choice":"Purged","damage_taken":0,"max_hp_gain":0,"max_hp_loss":0,"event_name":"Purifier","floor":24,"gold_loss":0},{"damage_healed":0,"gold_gain":0,"player_choice":"Fight","damage_taken":0,"max_hp_gain":0,"max_hp_loss":0,"event_name":"Mysterious Sphere","floor":38,"gold_loss":0},{"damage_healed":0,"gold_gain":0,"player_choice":"Memory 2","damage_taken":5,"max_hp_gain":0,"max_hp_loss":0,"event_name":"SensoryStone","floor":41,"gold_loss":0}],"is_beta":false,"boss_relics":[{"not_picked":["Runic Pyramid","Velvet Choker"],"picked":"Empty Cage"},{"not_picked":["Black Star","Coffee Dripper"],"picked":"WristBlade"}],"items_purged_floors":[0,20,47],"is_endless":false,"potions_floor_spawned":[5,11,12,16,18,19,29,33,35,37,38,54],"killed_by":"The Heart","ascension_level":0}}