{"host":"ewfe3cr33ktd9xzj","time":1609751120,"event":{"mods":["AchievementEnabler","BaseMod","Colored Map","Custom Start","DeckTracker","Minty Spire (QoL Compilation)","Rare Cards Sparkle","StSLib","everything is the same but u backflip on backflip"],"gold_per_floor":[112,112,112,112,126,126,157,104,104,29,45,45,63,97,97,97,97],"floor_reached":16,"playtime":231,"items_purged":[],"score":266,"play_id":"9ff3b329-3c64-4075-8e2b-126d5389bda1","local_time":"20210104180520","is_ascension_mode":true,"campfire_choices":[{"data":"Bash","floor":6,"key":"SMITH"},{"data":"Flex","floor":12,"key":"SMITH"},{"data":"Bludgeon","floor":15,"key":"SMITH"}],"circlet_count":0,"master_deck":["AscendersBane","Strike_R","Strike_R","Strike_R+1","Strike_R","Defend_R","Defend_R","Defend_R","Defend_R+1","Bash+1","Dropkick","Flex+1","Fire Breathing+1","Clash","Bludgeon+1"],"relics":["Burning Blood","NeowsBlessing","Matryoshka","Frozen Egg 2","Omamori","Self Forming Clay","InkBottle"],"acts_visited":["Exordium"],"potions_floor_usage":[],"damage_taken":[{"damage":0,"enemies":"Cultist","floor":1,"turns":1},{"damage":0,"enemies":"2 Louse","floor":5,"turns":1},{"damage":0,"enemies":"3 Sentries","floor":7,"turns":2},{"damage":7,"enemies":"Small Slimes","floor":11,"turns":5},{"damage":0,"enemies":"Exordium Wildlife","floor":13,"turns":4},{"damage":30,"enemies":"Lagavulin","floor":14,"turns":6},{"damage":0,"enemies":"The Guardian","floor":16,"turns":1}],"seed_played":"-1112122974478135058","potions_obtained":[{"floor":5,"key":"Explosive Potion"},{"floor":13,"key":"Weak Potion"}],"is_trial":false,"path_per_floor":["M","?","?","?","M","R","E","$","T","?","M","R","M","E","R","B"],"character_chosen":"IRONCLAD","items_purchased":["Flex"],"campfire_rested":0,"item_purchase_floors":[8],"current_hp_per_floor":[74,74,51,46,52,52,58,58,58,58,57,57,63,39,39,39,39],"gold":97,"neow_bonus":"THREE_ENEMY_KILL","is_daily":false,"chose_seed":false,"campfire_upgraded":3,"win_rate":0.0,"timestamp":1609751120,"path_taken":["M","?","?","?","?","R","E","?","T","?","M","R","M","E","R","BOSS"],"items_purchased_type":["Card"],"build_version":"2020-12-22","purchased_purges":0,"victory":false,"max_hp_per_floor":[75,75,75,75,75,75,75,75,75,75,75,75,75,75,75,75,75],"card_choices":[{"not_picked":["Cleave","Headbutt","Armaments"],"picked":"SKIP","floor":1},{"not_picked":["Entrench","Iron Wave","Heavy Blade"],"picked":"SKIP","floor":5},{"not_picked":["Clash","Sentinel"],"picked":"Dropkick","floor":7},{"not_picked":["Shrug It Off","Flex"],"picked":"Fire Breathing+1","floor":11},{"not_picked":["Dark Embrace+1","Heavy Blade"],"picked":"Clash","floor":13},{"not_picked":["Shrug It Off","Seeing Red"],"picked":"Bludgeon","floor":14}],"player_experience":9360,"relics_obtained":[{"floor":7,"key":"Frozen Egg 2"},{"floor":9,"key":"Omamori"},{"floor":9,"key":"Self Forming Clay"},{"floor":14,"key":"InkBottle"}],"event_choices":[{"damage_healed":0,"gold_gain":0,"player_choice":"Ignored","damage_taken":0,"max_hp_gain":0,"max_hp_loss":0,"event_name":"Liars Game","floor":2,"gold_loss":0},{"damage_healed":0,"gold_gain":0,"player_choice":"Entered Light","damage_taken":23,"max_hp_gain":0,"max_hp_loss":0,"event_name":"Shining Light","floor":3,"gold_loss":0,"cards_upgraded":["Strike_R","Defend_R"]},{"damage_healed":0,"gold_gain":0,"player_choice":"Success","damage_taken":5,"relics_obtained":["Matryoshka"],"max_hp_gain":0,"max_hp_loss":0,"event_name":"Scrap Ooze","floor":4,"gold_loss":0},{"cards_removed":["Strike_R"],"damage_healed":0,"gold_gain":0,"player_choice":"Card Removal","damage_taken":0,"max_hp_gain":0,"max_hp_loss":0,"event_name":"The Cleric","floor":10,"gold_loss":75}],"is_beta":false,"boss_relics":[],"items_purged_floors":[],"is_endless":false,"potions_floor_spawned":[5,13,14],"killed_by":"The Guardian","ascension_level":20}}