{"host":"bf9sa99gaumonoeu","time":1609776064,"event":{"mods":["AchievementEnabler","Act Like it!","BaseMod","Better Sensory Stone","Colored Map","Colored Powertips","Downfall","Duelist Mod","Friendly Minions","Gensokyo","GifTheSpireLib","Hallownest","Hermit","Hubris","Jorbs\u0027s Wanderer Trilogy","KinomotoSakuraMod(????)","Koishi","Lobotomy","Marisa????????","Minty Spire (QoL Compilation)","Rare Cards Sparkle","Reimu??????","Remilia??????","Replay The Spire","Shop Mod","StSLib","The Administrix","The Animator","The Blue Laboratory","The Bug Knight","The Construct","The Cursed","The Disciple","The Hierophant","The Mystic","The Necromancer","The Poker Player","The Runesmith","The Senshi","The Servant 0.9.4","Waifu the Spire"],"gold_per_floor":[116,141,13,29,29,68,68,86,111,144,144,154,196,196,196,308,308,323,334,36,36,36],"floor_reached":21,"playtime":1239,"items_purged":["animator:Strike"],"score":258,"play_id":"3213b03f-8ff1-474f-8e64-08023d662123","local_time":"20210104140104","is_ascension_mode":true,"campfire_choices":[{"data":"animator:NarberalGamma","floor":7,"key":"SMITH"},{"floor":11,"key":"REST"},{"floor":15,"key":"REST"}],"circlet_count":0,"master_deck":["animator:Strike_Overlord","animator:Defend_Overlord","animator:Defend","animator:Defend","animator:Cocytus","animator:Demiurge","animator:Shimakaze","animator:Vanir","animator:Sebas+1","animator:Cocytus","animator:PandorasActor","animator:NarberalGamma+1","animator:Ainz","animator:Entoma+1","animator:ItamiYouji","animator:PandorasActor"],"relics":["animator:LivingPicture","animator:TheMissingPiece","Happy Flower","ReplayTheSpireMod:Lightbulb","Unceasing Top","Replay:Drink Me","Snack Pack"],"acts_visited":["Exordium","TheCity"],"potions_floor_usage":[6,16,18],"damage_taken":[{"damage":4,"enemies":"Small Slimes","floor":1,"turns":5},{"damage":0,"enemies":"Cultist","floor":2,"turns":3},{"damage":0,"enemies":"2 Louse","floor":4,"turns":3},{"damage":12,"enemies":"3 Sentries","floor":6,"turns":6},{"damage":17,"enemies":"Exordium Thugs","floor":8,"turns":4},{"damage":16,"enemies":"Lagavulin","floor":10,"turns":5},{"damage":0,"enemies":"2 Fungi Beasts","floor":12,"turns":4},{"damage":0,"enemies":"3 Louse","floor":13,"turns":4},{"damage":18,"enemies":"Slime Boss","floor":16,"turns":6},{"damage":10,"enemies":"2 Thieves","floor":18,"turns":2},{"damage":19,"enemies":"Spheric Guardian","floor":19,"turns":4},{"damage":10,"enemies":"3 Cultists","floor":21,"turns":2}],"seed_played":"-8643938755693317784","potions_obtained":[{"floor":2,"key":"LiquidBronze"},{"floor":8,"key":"Venom Potion"},{"floor":12,"key":"FearPotion"},{"floor":14,"key":"champ:CounterPotion"},{"floor":14,"key":"FearPotion"},{"floor":19,"key":"Weak Potion"}],"is_trial":false,"path_per_floor":["M","M","$","M","?","E","R","M","T","E","R","M","M","?","R","B",null,"M","M","$","M"],"character_chosen":"THE_ANIMATOR","items_purchased":["animator:Cocytus","Snack Pack","Block Potion"],"campfire_rested":2,"item_purchase_floors":[3,20,20],"current_hp_per_floor":[55,55,55,56,56,44,44,27,27,12,32,32,32,32,52,34,47,39,20,20,10,10],"gold":36,"neow_bonus":"RANDOM_COLORLESS","is_daily":false,"chose_seed":true,"campfire_upgraded":1,"win_rate":0.0,"timestamp":1609776064,"path_taken":["M","M","$","M","?","E","R","M","T","E","R","?","M","?","R","BOSS","M","?","$","M"],"items_purchased_type":["Card","Relic","Potion"],"build_version":"2020-12-22","purchased_purges":1,"victory":false,"max_hp_per_floor":[66,66,66,67,67,67,67,67,67,68,68,68,68,68,68,68,51,53,53,53,53,53],"card_choices":[{"not_picked":["animator:Zero","animator:Magilou"],"picked":"animator:Shimakaze","floor":0},{"not_picked":["animator:Azekura","animator:Demiurge"],"picked":"animator:Vanir","floor":1},{"not_picked":["animator:Tet","animator:Tyuule"],"picked":"animator:Sebas","floor":2},{"not_picked":["animator:SougenEsaka","animator:MaesHughes"],"picked":"animator:PandorasActor","floor":4},{"not_picked":["animator:Evileye","animator:PandorasActor"],"picked":"animator:NarberalGamma","floor":6},{"not_picked":["animator:WinryRockbell","animator:TsurugaMeisai","animator:Sloth"],"picked":"SKIP","floor":8},{"not_picked":["animator:SougenEsaka","animator:TsurugaMeisai"],"picked":"animator:Ainz","floor":10},{"not_picked":["animator:ZankiKiguchi","animator:Kazuma","animator:ShizuruNakatsu"],"picked":"SKIP","floor":12},{"not_picked":["animator:Demiurge","animator:Cocytus"],"picked":"animator:Entoma","floor":13},{"not_picked":["animator:PinaCoLada","animator:Hans"],"picked":"animator:ItamiYouji","floor":16},{"not_picked":["animator:Gluttony+1","animator:SakuyaOhtori","animator:Konayuki+1"],"picked":"SKIP","floor":18},{"not_picked":["animator:Tyuule","animator:Verdia"],"picked":"animator:PandorasActor","floor":19}],"player_experience":742137,"relics_obtained":[{"floor":6,"key":"Happy Flower"},{"floor":9,"key":"ReplayTheSpireMod:Lightbulb"},{"floor":10,"key":"Unceasing Top"}],"event_choices":[{"damage_healed":0,"gold_gain":0,"player_choice":"Forge","damage_taken":0,"max_hp_gain":0,"max_hp_loss":0,"event_name":"Accursed Blacksmith","floor":5,"gold_loss":0,"cards_upgraded":["animator:Sebas"]},{"damage_healed":0,"gold_gain":0,"player_choice":"Got Potions","damage_taken":0,"max_hp_gain":0,"max_hp_loss":0,"event_name":"Lab","floor":14,"gold_loss":0}],"is_beta":false,"boss_relics":[{"not_picked":["RedLine:ReiMu","Ectoplasm"],"picked":"Replay:Drink Me"}],"items_purged_floors":[3],"is_endless":false,"potions_floor_spawned":[2,8,12,19],"killed_by":"3 Cultists","ascension_level":7}}