{"host":"0vlubjftylzdr3ny","time":1609753145,"event":{"mods":["Always Whale","BaseMod","GifTheSpireLib","Minty Spire (QoL Compilation)","Relic Filter","StSLib","Stuff the Spire"],"gold_per_floor":[111,121,121,137,157,157,170,170,197,197,197,197,231,249,249,249,249],"floor_reached":16,"playtime":569,"items_purged":[],"score":204,"play_id":"dced8d26-8773-4d6b-8729-e01684212b94","local_time":"20210104103905","is_ascension_mode":true,"campfire_choices":[{"data":"Body Slam","floor":6.0,"key":"SMITH"},{"data":"Iron Wave","floor":8.0,"key":"SMITH"},{"data":"Iron Wave","floor":10.0,"key":"SMITH"},{"data":"Flame Barrier","floor":15,"key":"SMITH"}],"circlet_count":0,"master_deck":["AscendersBane","Strike_R","Strike_R+1","Strike_R","Defend_R","Defend_R","Defend_R+1","Defend_R","Bash","Iron Wave+1","Iron Wave+1","Twin Strike","Seeing Red","Body Slam+1","Flame Barrier+1"],"relics":["Burning Blood","Bronze Scales","Golden Idol","Lantern"],"acts_visited":["Exordium"],"potions_floor_usage":[13,14],"damage_taken":[{"damage":2.0,"enemies":"2 Louse","floor":1.0,"turns":5.0},{"damage":9.0,"enemies":"Jaw Worm","floor":2.0,"turns":4.0},{"damage":6.0,"enemies":"Small Slimes","floor":4.0,"turns":5.0},{"damage":6.0,"enemies":"Exordium Wildlife","floor":5.0,"turns":4.0},{"damage":11.0,"enemies":"3 Louse","floor":7.0,"turns":3.0},{"damage":13,"enemies":"Gremlin Nob","floor":13,"turns":4},{"damage":8,"enemies":"Lots of Slimes","floor":14,"turns":3},{"damage":22,"enemies":"The Guardian","floor":16,"turns":6}],"seed_played":"-7045887355801222653","potions_obtained":[{"floor":2.0,"key":"SpeedPotion"},{"floor":13,"key":"BloodPotion"},{"floor":14,"key":"SteroidPotion"}],"is_trial":false,"path_per_floor":["M","M","?","M","M","R","M","R","T","R","?","?","E","M","R","B"],"character_chosen":"IRONCLAD","items_purchased":[],"campfire_rested":0,"item_purchase_floors":[],"current_hp_per_floor":[72,69,69,69,69,69,64,64,64,64,41,15,8,21,21,0,0],"gold":249,"neow_bonus":"TRANSFORM_CARD","is_daily":false,"chose_seed":false,"campfire_upgraded":4,"win_rate":0.0,"timestamp":1609753145,"path_taken":["M","M","?","M","M","R","M","R","T","R","?","?","E","?","R","BOSS"],"items_purchased_type":[],"build_version":"2020-12-22","purchased_purges":0,"victory":false,"max_hp_per_floor":[75,75,75,75,75,75,75,75,75,75,75,75,75,75,75,75,75],"card_choices":[{"not_picked":["Havoc","StuffTheSpire:RagingBull"],"picked":"Iron Wave","floor":1.0},{"not_picked":["Metallicize","Havoc"],"picked":"Twin Strike","floor":2.0},{"not_picked":["Armaments","True Grit"],"picked":"Body Slam","floor":4.0},{"not_picked":["StuffTheSpire:Slingshot","Sword Boomerang","Anger"],"picked":"SKIP","floor":5.0},{"not_picked":["Fire Breathing","StuffTheSpire:Pyroclast","Dual Wield"],"picked":"SKIP","floor":7.0},{"not_picked":["Fire Breathing","Heavy Blade","Thunderclap"],"picked":"SKIP","floor":13},{"not_picked":["Dual Wield","Clothesline"],"picked":"Flame Barrier","floor":14}],"player_experience":798167,"relics_obtained":[{"floor":9.0,"key":"Bronze Scales"},{"floor":13,"key":"Lantern"}],"event_choices":[{"damage_healed":0.0,"max_hp_gain":0.0,"max_hp_loss":0.0,"gold_gain":0.0,"cards_transformed":["Strike_R"],"event_name":"Living Wall","player_choice":"Change","floor":3.0,"gold_loss":0.0,"damage_taken":0.0,"cards_obtained":["Seeing Red"]},{"damage_healed":0.0,"max_hp_gain":0.0,"max_hp_loss":0.0,"gold_gain":0.0,"event_name":"Shining Light","player_choice":"Entered Light","floor":11.0,"gold_loss":0.0,"damage_taken":23.0,"cards_upgraded":["Strike_R","Defend_R"]},{"damage_healed":0.0,"max_hp_gain":0.0,"max_hp_loss":0.0,"gold_gain":0.0,"event_name":"Golden Idol","player_choice":"Take Damage","floor":12.0,"gold_loss":0.0,"damage_taken":26.0,"relics_obtained":["Golden Idol"]}],"is_beta":false,"boss_relics":[],"items_purged_floors":[],"is_endless":false,"potions_floor_spawned":[2,13,14],"killed_by":"The Guardian","ascension_level":20}}