{"host":"dnd25fcf5l5puhl9","time":1609775173,"event":{"mods":["AchievementEnabler","Act Like it!","BaseMod","BetterRewards","Colored Map","Colored Powertips","Downfall","Infinite Spire","Minty Spire (QoL Compilation)","Replay The Spire","StSLib","SuperFastMode"],"gold_per_floor":[99,112,287,287,304,304,304,139,139,139,139,170,185,217,232,333,333,183,203,223,223,223,223,223],"floor_reached":22,"playtime":17983,"items_purged":[],"score":202,"play_id":"63099297-7bc6-479c-810d-ecacb45d4d92","local_time":"20210104134613","is_ascension_mode":true,"campfire_choices":[{"data":"champ:Taunt","floor":1.0,"key":"SMITH"},{"data":"champ:Circumvent","floor":9.0,"key":"SMITH"},{"floor":11.0,"key":"RECALL"},{"data":"champ:Circumvent","floor":18.0,"key":"SMITH"}],"circlet_count":0,"master_deck":["champ:Strike","champ:Strike","champ:Strike","champ:Defend","champ:Defend+1","champ:Defend","champ:Defend","champ:Execute","champ:Taunt+1","champ:Circumvent+1","champ:RisingSlash","champ:Circumvent+1","champ:FalseCounter+1","champ:HeavySlash","Hallucinations","Regret","sneckomod:Bewildered","champ:Balance","champ:StanceDance+1"],"relics":["Ring of the Snake","Bird Faced Urn","infinitespire:Cubic Diamond","Pantograph","Sling","Gremlin Food","War Paint","Replay:Ancient Bell","Bag of Preparation","ReplayTheSpireMod:Ninjato","FossilizedHelix","downfall:HeartBlessingRed","downfall:HeartBlessingGreen","champ:BerserkersGuideToSlaughter"],"acts_visited":[],"potions_floor_usage":[22],"damage_taken":[{"damage":6.0,"enemies":"Jaw Worm","floor":2.0,"turns":4.0},{"damage":0.0,"enemies":"2 Louse","floor":5.0,"turns":4.0},{"damage":0.0,"enemies":"downfall:FleeingMerchant","floor":8.0,"turns":4.0},{"damage":18.0,"enemies":"3 Sentries","floor":12.0,"turns":8.0},{"damage":17.0,"enemies":"Cultist","floor":13.0,"turns":3.0},{"damage":37.0,"enemies":"Lagavulin","floor":14.0,"turns":10.0},{"damage":13.0,"enemies":"Exordium Wildlife","floor":15.0,"turns":5.0},{"damage":31.0,"enemies":"downfall:Watcher","floor":16.0,"turns":16.0},{"damage":21.0,"enemies":"3 Byrds","floor":19.0,"turns":5.0},{"damage":71,"enemies":"Shell Parasite","floor":20,"turns":14},{"damage":25,"enemies":"Snake Plant","floor":22,"turns":4}],"seed_played":"3998882068734395138","potions_obtained":[{"floor":13.0,"key":"Venom Potion"},{"floor":14.0,"key":"AttackPotion"},{"floor":15.0,"key":"Languid Potion"},{"floor":16.0,"key":"PowerPotion"},{"floor":19.0,"key":"PowerPotion"}],"is_trial":false,"path_per_floor":["R","M","?","?","M","?","T","$","R","?","R","E","M","E","M","B",null,"R","M","M","?","M"],"character_chosen":"THE_CHAMP","items_purchased":["Sling"],"campfire_rested":0,"item_purchase_floors":[8],"current_hp_per_floor":[81,80,80,80,80,80,80,80,80,80,80,72,66,43,35,50,81,81,70,21,21,0,0,0],"gold":223,"neow_bonus":"ONE_RARE_RELIC","is_daily":false,"chose_seed":false,"campfire_upgraded":3,"win_rate":0.0,"timestamp":1609775173,"path_taken":["R","M","?","?","?","?","T","$","R","?","R","E","?","E","M","BOSS","R","M","M","?","M"],"items_purchased_type":["Relic"],"build_version":"2020-12-22","purchased_purges":0,"victory":false,"max_hp_per_floor":[81,81,81,81,81,81,81,81,81,81,81,81,81,81,81,81,81,81,81,81,81,81,81,81],"card_choices":[{"not_picked":["champ:CrookedStrike","champ:BladeFlurry"],"picked":"champ:Circumvent","floor":2.0},{"not_picked":["champ:Duel","champ:PerfectedStrike"],"picked":"champ:RisingSlash","floor":5.0},{"not_picked":["champ:Backstep","champ:CrookedStrike","champ:DancingMaster"],"picked":"SKIP","floor":8.0},{"not_picked":["champ:RisingSlash","champ:FlashCut"],"picked":"champ:Circumvent","floor":12.0},{"not_picked":["champ:GutPunch","champ:RisingSlash","champ:BringItOn"],"picked":"SKIP","floor":13.0},{"not_picked":["champ:RisingSlash","champ:Backstep"],"picked":"champ:FalseCounter","floor":14.0},{"not_picked":["champ:BerserkerStyle","champ:GutPunch","champ:Aggression"],"picked":"SKIP","floor":15.0},{"not_picked":["champ:DancingMaster","champ:LastStand"],"picked":"champ:HeavySlash","floor":16.0},{"not_picked":["AbeCurse","Spreading Infection"],"picked":"Hallucinations","floor":17.0},{"not_picked":["Overencumbered","Pain"],"picked":"Regret","floor":17.0},{"not_picked":["ReplayTheSpireMod:IOU","Overencumbered"],"picked":"sneckomod:Bewildered","floor":17.0},{"not_picked":["champ:FanOfKnives+1","champ:Encircle"],"picked":"champ:Balance","floor":19.0},{"not_picked":["champ:FightOn","champ:EndlessRage+1"],"picked":"champ:StanceDance+1","floor":20}],"player_experience":471318,"relics_obtained":[{"floor":7.0,"key":"Pantograph"},{"floor":12.0,"key":"Gremlin Food"},{"floor":14.0,"key":"War Paint"}],"event_choices":[{"cards_removed":["Doubt"],"damage_healed":0.0,"max_hp_gain":0.0,"max_hp_loss":0.0,"gold_gain":0.0,"event_name":"Purifier","player_choice":"Purged","floor":4.0,"gold_loss":0.0,"damage_taken":0.0},{"cards_removed":["champ:Strike"],"damage_healed":0.0,"max_hp_gain":0.0,"max_hp_loss":0.0,"gold_gain":0.0,"event_name":"Bonfire Elementals","player_choice":"Offered Basic","floor":10.0,"gold_loss":0.0,"damage_taken":0.0}],"is_beta":false,"boss_relics":[{"not_picked":["ReplayTheSpireMod:SealedPack","Honey Jar"],"picked":"Replay:Ancient Bell"},{"not_picked":["Potion Belt","Lantern"],"picked":"Bag of Preparation"},{"not_picked":["Toxic Egg 2","Replay:Ringing Soul"],"picked":"ReplayTheSpireMod:Ninjato"},{"not_picked":["Dead Branch","TungstenRod"],"picked":"FossilizedHelix"}],"items_purged_floors":[],"is_endless":false,"potions_floor_spawned":[13,14,15,16,19],"killed_by":"Snake Plant","ascension_level":1}}