{"host":"344lv32hnei0mdhu","time":1609797211,"event":{"mods":["Act Like it!","BaseMod","Better Match","Better Sensory Stone","Better Skull","Better Third Choice","Better Vampires","Colored Powertips","Highlight Path","Minty Spire (QoL Compilation)","Quick Restart","Random Character Button","Rare Cards Sparkle","StSLib"],"gold_per_floor":[114,133,58,23,34,34,68,68,68,80,109,121,448,466,466,571,571,590,610,610,630,649,649,649],"floor_reached":23,"playtime":958,"items_purged":[],"score":348,"play_id":"8e9fac18-08d8-4e40-9ae7-63698f23ac57","local_time":"20210104155331","is_ascension_mode":true,"campfire_choices":[{"data":"BattleHymn","floor":6,"key":"SMITH"},{"floor":15,"key":"REST"}],"circlet_count":0,"master_deck":["Strike_P","Strike_P","Strike_P","Strike_P","Defend_P","Defend_P","Defend_P","Defend_P","Eruption","Vigilance","Evaluate","Halt","SpiritShield+1","DevaForm+1","Vault+1","BattleHymn+1","Consecrate","Consecrate+1","FollowUp+1","BowlingBash+1","DeusExMachina","ConjureBlade","DeceiveReality+1","ForeignInfluence+1","Judgement"],"relics":["PureWater","NeowsBlessing","Pantograph","Blood Vial","Molten Egg 2","Old Coin","SacredBark"],"acts_visited":["Exordium","TheCity"],"potions_floor_usage":[7,13,16,16,22],"damage_taken":[{"damage":0.0,"enemies":"Cultist","floor":1.0,"turns":1.0},{"damage":0.0,"enemies":"Jaw Worm","floor":2.0,"turns":1.0},{"damage":0,"enemies":"2 Louse","floor":5,"turns":2},{"damage":0,"enemies":"Lagavulin","floor":7,"turns":6},{"damage":12,"enemies":"Exordium Wildlife","floor":10,"turns":4},{"damage":15,"enemies":"3 Sentries","floor":11,"turns":7},{"damage":0,"enemies":"2 Fungi Beasts","floor":12,"turns":3},{"damage":18,"enemies":"Lagavulin","floor":13,"turns":5},{"damage":5,"enemies":"Large Slime","floor":14,"turns":3},{"damage":9,"enemies":"Hexaghost","floor":16,"turns":8},{"damage":17,"enemies":"Shell Parasite","floor":18,"turns":4},{"damage":0,"enemies":"Spheric Guardian","floor":19,"turns":3},{"damage":5,"enemies":"Snake Plant","floor":21,"turns":3},{"damage":26,"enemies":"Snecko","floor":22,"turns":6},{"damage":34,"enemies":"Slavers","floor":23,"turns":1}],"seed_played":"1394777011606391728","potions_obtained":[{"floor":5,"key":"BlessingOfTheForge"},{"floor":12,"key":"Weak Potion"},{"floor":13,"key":"Swift Potion"},{"floor":14,"key":"EssenceOfSteel"},{"floor":16,"key":"CultistPotion"},{"floor":19,"key":"ColorlessPotion"}],"is_trial":false,"path_per_floor":["M","M","?","?","M","R","E","$","T","M","E","M","E","M","R","B",null,"M","M","?","M","M","E"],"character_chosen":"WATCHER","items_purchased":[],"campfire_rested":1,"item_purchase_floors":[],"current_hp_per_floor":[65,65,65,72,72,72,72,72,72,60,47,49,33,30,51,63,70,55,57,57,54,30,0,0],"gold":649,"neow_bonus":"THREE_ENEMY_KILL","is_daily":false,"chose_seed":false,"campfire_upgraded":1,"win_rate":0.0,"timestamp":1609797211,"path_taken":["M","?","?","?","M","R","E","?","T","?","E","M","E","M","R","BOSS","M","M","?","M","M","E"],"items_purchased_type":[],"build_version":"2020-12-22","purchased_purges":0,"victory":false,"max_hp_per_floor":[72,72,72,72,72,72,72,72,72,72,72,72,72,72,72,72,72,72,72,72,72,72,72,72],"card_choices":[{"not_picked":["ClearTheMind","FlurryOfBlows"],"picked":"Evaluate","floor":1.0},{"not_picked":["PathToVictory","ClearTheMind"],"picked":"Halt","floor":2.0},{"not_picked":["MasterReality+1","Alpha+1"],"picked":"SpiritShield+1","floor":3},{"not_picked":["Vault+1","Omniscience+1"],"picked":"DevaForm+1","floor":3},{"not_picked":["Alpha+1","Blasphemy+1"],"picked":"Vault+1","floor":3},{"not_picked":["FlyingSleeves","InnerPeace"],"picked":"BattleHymn","floor":5},{"not_picked":["Crescendo","CutThroughFate"],"picked":"Consecrate","floor":7},{"not_picked":["EmptyFist","Halt","MasterReality"],"picked":"SKIP","floor":10},{"not_picked":["EmptyMind","FlurryOfBlows+1"],"picked":"Consecrate+1","floor":11},{"not_picked":["FlurryOfBlows+1","PathToVictory"],"picked":"FollowUp+1","floor":12},{"not_picked":["FollowUp+1","DeceiveReality"],"picked":"BowlingBash+1","floor":13},{"not_picked":["Evaluate","EmptyBody"],"picked":"DeusExMachina","floor":14},{"not_picked":["DeusExMachina","SpiritShield"],"picked":"ConjureBlade","floor":16},{"not_picked":["PathToVictory","CrushJoints+1"],"picked":"DeceiveReality+1","floor":18},{"not_picked":["Protect","Nirvana","Adaptation"],"picked":"SKIP","floor":19},{"not_picked":["Evaluate","CrushJoints+1"],"picked":"ForeignInfluence+1","floor":21},{"not_picked":["PathToVictory","ClearTheMind"],"picked":"Judgement","floor":22}],"player_experience":311676,"relics_obtained":[{"floor":7,"key":"Pantograph"},{"floor":9,"key":"Blood Vial"},{"floor":11,"key":"Molten Egg 2"},{"floor":13,"key":"Old Coin"}],"event_choices":[{"damage_healed":0,"gold_gain":0,"player_choice":"3","damage_taken":0,"max_hp_gain":0,"max_hp_loss":0,"event_name":"betterMatch:BetterMatch","floor":3,"gold_loss":0,"cards_obtained":["betterMatch:RareCard"]},{"damage_healed":18,"gold_gain":0,"player_choice":"Healed","damage_taken":0,"max_hp_gain":0,"max_hp_loss":0,"event_name":"The Cleric","floor":4,"gold_loss":35},{"damage_healed":0,"gold_gain":0,"player_choice":"Ignored","damage_taken":0,"max_hp_gain":0,"max_hp_loss":0,"event_name":"Cursed Tome","floor":20,"gold_loss":0}],"is_beta":false,"boss_relics":[{"not_picked":["Sozu","Philosopher\u0027s Stone"],"picked":"SacredBark"}],"items_purged_floors":[],"is_endless":false,"potions_floor_spawned":[5,12,13,14,16,19],"killed_by":"Slavers","ascension_level":9}}