{"host":"7sni158j623xchr2","time":1609789854,"event":{"mods":["BaseMod","Colored Map","Highlight Path","Minty Spire (QoL Compilation)","Permanent Neow","Potion Indicator Mod","Rare Cards Sparkle","Relic Sorter","Relic Stats","StSLib","everything is the same but u backflip on backflip"],"gold_per_floor":[117,117,135,60,60,60,86,86,109,127,127,153,167,195,195,298,298,315,333,78,78,94,94,128,147,170,202,202,216,244,42,42,140,140,157,157,157,77,95,95,122,122,175,175,225,252,252,262,262,262,262,262,111,142,142],"floor_reached":56,"playtime":1845,"items_purged":["Strike_R","Strike_R","Strike_R"],"score":1377,"play_id":"0689e9fa-2e3c-4ef1-a753-51e25adcd32a","local_time":"20210104135054","is_ascension_mode":true,"campfire_choices":[{"data":"Uppercut","floor":6,"key":"SMITH"},{"data":"Reaper","floor":8,"key":"SMITH"},{"data":"Sword Boomerang","floor":15,"key":"SMITH"},{"data":"Immolate","floor":23,"key":"SMITH"},{"data":"Disarm","floor":28,"key":"SMITH"},{"data":"Spot Weakness","floor":32,"key":"SMITH"},{"data":"Strike_R+1","floor":40,"key":"PURGE"},{"data":"Defend_R","floor":42,"key":"PURGE"},{"floor":49,"key":"RECALL"},{"data":"Disarm","floor":52,"key":"SMITH"}],"circlet_count":0,"master_deck":["Defend_R+1","Defend_R","Defend_R","Bash","Reaper+1","Uppercut+1","Impervious","Evolve","Spot Weakness+1","Disarm+1","Sword Boomerang+1","Immolate+1","Blood for Blood+1","Shrug It Off","Impervious","Flame Barrier","Flame Barrier","Disarm+1","Exhume","Spot Weakness+1","Entrench","Shrug It Off","Disarm+1","Sword Boomerang+1"],"relics":["Burning Blood","Orichalcum","Potion Belt","Calipers","Charon\u0027s Ashes","Snecko Eye","ClockworkSouvenir","StrikeDummy","Letter Opener","Peace Pipe","SlaversCollar","Blood Vial","Juzu Bracelet","Anchor","StoneCalendar","Bag of Preparation","Bronze Scales","Pantograph"],"acts_visited":["Exordium","TheCity","TheBeyond","TheEnding"],"potions_floor_usage":[7,7,7,12,55,55,55,55,55],"damage_taken":[{"damage":7,"enemies":"Jaw Worm","floor":1,"turns":3},{"damage":5,"enemies":"2 Louse","floor":3,"turns":3},{"damage":10,"enemies":"3 Sentries","floor":7,"turns":4},{"damage":0,"enemies":"Cultist","floor":10,"turns":3},{"damage":9,"enemies":"Gremlin Nob","floor":12,"turns":4},{"damage":12,"enemies":"2 Fungi Beasts","floor":13,"turns":4},{"damage":18,"enemies":"3 Sentries","floor":14,"turns":7},{"damage":15,"enemies":"The Guardian","floor":16,"turns":9},{"damage":7,"enemies":"Chosen","floor":18,"turns":3},{"damage":6,"enemies":"Spheric Guardian","floor":19,"turns":4},{"damage":6,"enemies":"Snake Plant","floor":22,"turns":4},{"damage":21,"enemies":"Slavers","floor":24,"turns":4},{"damage":2,"enemies":"Snecko","floor":25,"turns":3},{"damage":0,"enemies":"Gremlin Leader","floor":27,"turns":4},{"damage":0,"enemies":"Sentry and Sphere","floor":29,"turns":4},{"damage":25,"enemies":"Slavers","floor":30,"turns":3},{"damage":42,"enemies":"Champ","floor":33,"turns":11},{"damage":0,"enemies":"3 Shapes","floor":35,"turns":2},{"damage":0,"enemies":"Orb Walker","floor":39,"turns":2},{"damage":11,"enemies":"Nemesis","floor":41,"turns":7},{"damage":0,"enemies":"Mind Bloom Boss Battle","floor":45,"turns":8},{"damage":3,"enemies":"Giant Head","floor":46,"turns":5},{"damage":19,"enemies":"Spire Growth","floor":48,"turns":5},{"damage":7,"enemies":"Awakened One","floor":50,"turns":10},{"damage":47,"enemies":"Shield and Spear","floor":54,"turns":7},{"damage":35,"enemies":"The Heart","floor":55,"turns":9}],"seed_played":"331299018251122551","potions_obtained":[{"floor":0,"key":"Strength Potion"},{"floor":0,"key":"Regen Potion"},{"floor":0,"key":"AttackPotion"},{"floor":1,"key":"Explosive Potion"},{"floor":7,"key":"Fire Potion"},{"floor":13,"key":"Strength Potion"},{"floor":14,"key":"GamblersBrew"},{"floor":19,"key":"Dexterity Potion"},{"floor":22,"key":"LiquidBronze"},{"floor":25,"key":"FearPotion"},{"floor":29,"key":"HeartOfIron"},{"floor":39,"key":"BloodPotion"}],"is_trial":false,"path_per_floor":["M","?","M","$","?","R","E","R","T","M","?","E","M","E","R","B",null,"M","M","$","?","M","R","E","M","T","E","R","M","E","$","R","B",null,"M","?","T","$","M","R","E","R","T","?","?","E","?","M","R","B",null,"R","$","E","B",null],"character_chosen":"IRONCLAD","items_purchased":["ClockworkSouvenir","Disarm","Entrench","Bronze Scales"],"campfire_rested":0,"item_purchase_floors":[20,31,38,53],"current_hp_per_floor":[79,84,85,85,68,68,76,76,76,82,82,85,79,77,77,83,85,85,85,85,85,85,85,85,85,85,85,85,85,66,66,66,67,85,85,75,75,75,85,85,85,85,85,85,85,85,81,68,68,80,81,81,81,40,67],"gold":142,"neow_bonus":"THREE_SMALL_POTIONS","is_daily":false,"chose_seed":false,"campfire_upgraded":7,"win_rate":0.0,"timestamp":1609789854,"path_taken":["M","?","M","$","?","R","E","R","T","M","?","E","M","E","R","BOSS","M","?","$","?","M","R","E","M","T","E","R","?","E","$","R","BOSS","M","?","?","?","M","R","E","R","T","?","?","E","?","M","R","BOSS","R","$","E","BOSS"],"items_purchased_type":["Relic","Card","Card","Relic"],"build_version":"2020-12-22","purchased_purges":3,"victory":true,"max_hp_per_floor":[80,85,85,85,85,85,85,85,85,85,85,85,85,85,85,85,85,85,85,85,85,85,85,85,85,85,85,85,85,85,85,85,85,85,85,85,85,85,85,85,85,85,85,85,85,85,81,81,81,81,81,81,81,81,81],"relic_stats":{"counters":[26,132],"StoneCalendar":[70],"Charon\u0027s Ashes":[264],"Juzu Bracelet":1,"Bag of Preparation":[8],"Letter Opener":[118],"Orichalcum":[198],"Burning Blood":95,"Peace Pipe":2,"Blood Vial":6,"Bronze Scales":[141],"Pantograph":25,"Snecko Eye":[160,185,164,176],"obtain_stats":[{"Potion Belt":9,"Calipers":12,"StoneCalendar":45,"Charon\u0027s Ashes":14,"Juzu Bracelet":41,"Bag of Preparation":46,"Letter Opener":27,"Orichalcum":7,"Burning Blood":0,"ClockworkSouvenir":20,"Peace Pipe":30,"Blood Vial":37,"SlaversCollar":34,"Anchor":43,"Bronze Scales":53,"Pantograph":54,"Snecko Eye":17,"StrikeDummy":24},{"Potion Belt":3,"Calipers":5,"StoneCalendar":21,"Charon\u0027s Ashes":7,"Juzu Bracelet":20,"Bag of Preparation":22,"Letter Opener":14,"Orichalcum":3,"Burning Blood":0,"ClockworkSouvenir":10,"Peace Pipe":16,"Blood Vial":18,"SlaversCollar":17,"Anchor":20,"Bronze Scales":24,"Pantograph":25,"Snecko Eye":8,"StrikeDummy":12},{"Potion Belt":10,"Calipers":17,"StoneCalendar":96,"Charon\u0027s Ashes":28,"Juzu Bracelet":88,"Bag of Preparation":101,"Letter Opener":59,"Orichalcum":10,"Burning Blood":0,"ClockworkSouvenir":44,"Peace Pipe":66,"Blood Vial":79,"SlaversCollar":77,"Anchor":88,"Bronze Scales":116,"Pantograph":123,"Snecko Eye":37,"StrikeDummy":52}]},"card_choices":[{"not_picked":["Headbutt","Sentinel"],"picked":"Reaper","floor":1},{"not_picked":["Clothesline","Pummel"],"picked":"Uppercut","floor":3},{"not_picked":["Searing Blow","Armaments"],"picked":"Impervious","floor":7},{"not_picked":["Dual Wield","Iron Wave"],"picked":"Evolve","floor":10},{"not_picked":["Intimidate","Body Slam"],"picked":"Spot Weakness","floor":12},{"not_picked":["Body Slam","Shockwave"],"picked":"Disarm","floor":13},{"not_picked":["Iron Wave","Rupture"],"picked":"Sword Boomerang","floor":14},{"not_picked":["Reaper","Bludgeon"],"picked":"Immolate","floor":16},{"not_picked":["Spot Weakness+1","Anger"],"picked":"Blood for Blood+1","floor":18},{"not_picked":["Power Through+1","Perfected Strike"],"picked":"Shrug It Off","floor":19},{"not_picked":["Power Through","Rampage+1","Armaments"],"picked":"SKIP","floor":22},{"not_picked":["Power Through","Thunderclap+1"],"picked":"Flame Barrier","floor":24},{"not_picked":["Infernal Blade","Iron Wave"],"picked":"Flame Barrier","floor":25},{"not_picked":["Pummel","Bloodletting","Warcry+1"],"picked":"SKIP","floor":27},{"not_picked":["Havoc","Perfected Strike","Twin Strike"],"picked":"SKIP","floor":29},{"not_picked":["Twin Strike+1","Whirlwind"],"picked":"Reaper","floor":30},{"not_picked":["Feed","Fiend Fire"],"picked":"Exhume","floor":33},{"not_picked":["Twin Strike","Anger"],"picked":"Spot Weakness+1","floor":35},{"not_picked":["Dropkick+1","Headbutt","Fire Breathing"],"picked":"SKIP","floor":39},{"not_picked":["Pommel Strike+1","Hemokinesis+1","Pummel+1"],"picked":"SKIP","floor":41},{"not_picked":["Cleave","Evolve"],"picked":"Shrug It Off","floor":46},{"not_picked":["Clothesline+1","Intimidate+1"],"picked":"Disarm+1","floor":48},{"not_picked":["Anger","Pummel"],"picked":"Sword Boomerang+1","floor":54}],"player_experience":1590479,"relics_obtained":[{"floor":7,"key":"Orichalcum"},{"floor":9,"key":"Potion Belt"},{"floor":12,"key":"Calipers"},{"floor":14,"key":"Charon\u0027s Ashes"},{"floor":24,"key":"StrikeDummy"},{"floor":27,"key":"Letter Opener"},{"floor":30,"key":"Peace Pipe"},{"floor":37,"key":"Blood Vial"},{"floor":41,"key":"Juzu Bracelet"},{"floor":43,"key":"Anchor"},{"floor":45,"key":"StoneCalendar"},{"floor":46,"key":"Bag of Preparation"},{"floor":54,"key":"Pantograph"}],"event_choices":[{"damage_healed":0,"gold_gain":0,"player_choice":"Donut","damage_taken":0,"max_hp_gain":5,"max_hp_loss":0,"event_name":"Big Fish","floor":2,"gold_loss":0},{"damage_healed":0,"gold_gain":0,"player_choice":"Entered Light","damage_taken":17,"max_hp_gain":0,"max_hp_loss":0,"event_name":"Shining Light","floor":5,"gold_loss":0,"cards_upgraded":["Strike_R","Defend_R"]},{"cards_removed":["Strike_R"],"damage_healed":0,"gold_gain":0,"player_choice":"Purged","damage_taken":0,"max_hp_gain":0,"max_hp_loss":0,"event_name":"Purifier","floor":11,"gold_loss":0},{"damage_healed":0,"gold_gain":0,"player_choice":"Copied","damage_taken":0,"max_hp_gain":0,"max_hp_loss":0,"event_name":"Duplicator","floor":21,"gold_loss":0,"cards_obtained":["Impervious"]},{"damage_healed":0,"gold_gain":0,"player_choice":"Memory 3","damage_taken":10,"max_hp_gain":0,"max_hp_loss":0,"event_name":"SensoryStone","floor":36,"gold_loss":0},{"cards_removed":["Reaper"],"damage_healed":0,"gold_gain":0,"player_choice":"Removed Attack","damage_taken":0,"max_hp_gain":0,"max_hp_loss":0,"event_name":"Falling","floor":44,"gold_loss":0},{"damage_healed":0,"gold_gain":0,"player_choice":"Fight","damage_taken":0,"max_hp_gain":0,"max_hp_loss":0,"event_name":"MindBloom","floor":45,"gold_loss":0},{"damage_healed":0,"gold_gain":0,"player_choice":"Max HP","damage_taken":0,"max_hp_gain":0,"max_hp_loss":4,"event_name":"Winding Halls","floor":47,"gold_loss":0}],"is_beta":false,"boss_relics":[{"not_picked":["Coffee Dripper","Calling Bell"],"picked":"Snecko Eye"},{"not_picked":["Black Blood","Tiny House"],"picked":"SlaversCollar"}],"items_purged_floors":[4,20,31],"is_endless":false,"potions_floor_spawned":[1,7,13,14,19,22,25,29,30,39,46],"ascension_level":2}}