{"host":"7sni158j623xchr2","time":1609743470,"event":{"mods":["BaseMod","Colored Map","Highlight Path","Minty Spire (QoL Compilation)","Permanent Neow","Potion Indicator Mod","Rare Cards Sparkle","Relic Sorter","Relic Stats","StSLib","everything is the same but u backflip on backflip"],"gold_per_floor":[118,131,151,326,326,351,351,363,388,420,27,39,73,87,87,185,185,200,30,49,49,49,82,115,115,115,115,147,163,190,206,206,303,303,315,315,315,331,4,4,17,37,37,52,85,85,102,136,136,136,136,136,36,65,65],"floor_reached":56,"playtime":2108,"items_purged":["Doubt","Strike_G","Strike_G"],"score":1490,"play_id":"eb709d23-adbf-4e66-9474-e33a603ab47f","local_time":"20210104005750","is_ascension_mode":true,"campfire_choices":[{"data":"Dagger Spray","floor":7,"key":"SMITH"},{"data":"Crippling Poison","floor":15,"key":"SMITH"},{"data":"Dash","floor":25,"key":"SMITH"},{"data":"Footwork","floor":27,"key":"SMITH"},{"data":"Terror","floor":32,"key":"SMITH"},{"floor":40,"key":"RECALL"},{"data":"Phantasmal Killer","floor":46,"key":"SMITH"},{"data":"Burst","floor":49,"key":"SMITH"},{"data":"Malaise","floor":52,"key":"SMITH"}],"circlet_count":0,"master_deck":["Strike_G","Strike_G","Defend_G+1","Defend_G","Defend_G","Defend_G+1","Defend_G","Survivor","Neutralize","Deadly Poison","Sucker Punch","Dagger Spray+1","Masterful Stab","Bouncing Flask","Crippling Poison+1","Footwork+1","Cloak And Dagger","Acrobatics","Deflect","Burst+1","Well Laid Plans","Dash+1","Blade Dance+1","PiercingWail","Cloak And Dagger+1","Finisher","Terror+1","Phantasmal Killer+1","Accuracy+1","Malaise+1","Deflect","Dodge and Roll+1","Footwork","Night Terror+1","After Image"],"relics":["Ring of the Snake","Peace Pipe","Omamori","PreservedInsect","Pen Nib","Sundial","Mercury Hourglass","Kunai","Black Star","Necronomicon","Torii","Bronze Scales","Centennial Puzzle","Red Mask","Oddly Smooth Stone","Nunchaku","War Paint","Mango","MealTicket","Philosopher\u0027s Stone","Happy Flower","Toxic Egg 2","Shuriken","Blood Vial","Paper Crane","Du-Vu Doll","Boot"],"acts_visited":["Exordium","TheCity","TheBeyond","TheEnding"],"potions_floor_usage":[6,8,16,24,30,47,47,50,55,55,55],"damage_taken":[{"damage":0,"enemies":"Cultist","floor":1,"turns":4},{"damage":0,"enemies":"Small Slimes","floor":2,"turns":3},{"damage":0,"enemies":"2 Louse","floor":3,"turns":3},{"damage":28,"enemies":"3 Sentries","floor":6,"turns":8},{"damage":0,"enemies":"Large Slime","floor":8,"turns":3},{"damage":6,"enemies":"Lagavulin","floor":10,"turns":5},{"damage":9,"enemies":"Exordium Thugs","floor":12,"turns":4},{"damage":0,"enemies":"3 Sentries","floor":13,"turns":2},{"damage":0,"enemies":"Blue Slaver","floor":14,"turns":4},{"damage":0,"enemies":"Slime Boss","floor":16,"turns":6},{"damage":0,"enemies":"3 Byrds","floor":18,"turns":4},{"damage":2,"enemies":"Chosen","floor":20,"turns":5},{"damage":2,"enemies":"Book of Stabbing","floor":23,"turns":5},{"damage":0,"enemies":"Masked Bandits","floor":24,"turns":3},{"damage":0,"enemies":"Gremlin Leader","floor":28,"turns":4},{"damage":0,"enemies":"Snake Plant","floor":29,"turns":3},{"damage":1,"enemies":"Slavers","floor":30,"turns":3},{"damage":0,"enemies":"Chosen and Byrds","floor":31,"turns":2},{"damage":20,"enemies":"Champ","floor":33,"turns":11},{"damage":1,"enemies":"Orb Walker","floor":35,"turns":2},{"damage":0,"enemies":"3 Darklings","floor":38,"turns":4},{"damage":9,"enemies":"Sphere and 2 Shapes","floor":41,"turns":3},{"damage":9,"enemies":"Writhing Mass","floor":42,"turns":6},{"damage":7,"enemies":"Maw","floor":44,"turns":6},{"damage":6,"enemies":"Reptomancer","floor":45,"turns":4},{"damage":0,"enemies":"Jaw Worm Horde","floor":47,"turns":3},{"damage":6,"enemies":"Giant Head","floor":48,"turns":7},{"damage":16,"enemies":"Time Eater","floor":50,"turns":13},{"damage":3,"enemies":"Shield and Spear","floor":54,"turns":7},{"damage":69,"enemies":"The Heart","floor":55,"turns":10}],"seed_played":"-5859034862962853639","potions_obtained":[{"floor":2,"key":"FearPotion"},{"floor":6,"key":"SteroidPotion"},{"floor":8,"key":"LiquidMemories"},{"floor":10,"key":"Ancient Potion"},{"floor":23,"key":"BlessingOfTheForge"},{"floor":29,"key":"AttackPotion"},{"floor":31,"key":"BlessingOfTheForge"},{"floor":33,"key":"Fire Potion"},{"floor":41,"key":"CunningPotion"},{"floor":47,"key":"BlessingOfTheForge"}],"is_trial":false,"path_per_floor":["M","M","M","?","?","E","R","M","T","E","$","M","E","M","R","B",null,"M","$","M","?","?","E","?","R","T","R","E","M","E","M","R","B",null,"M","?","?","M","$","R","M","M","T","M","E","R","M","E","R","B",null,"R","$","E","B",null],"character_chosen":"THE_SILENT","items_purchased":["Mercury Hourglass","Footwork","Dash","Happy Flower","Deflect","SkillPotion","SpeedPotion"],"campfire_rested":0,"item_purchase_floors":[11,11,19,39,39,53,53],"current_hp_per_floor":[63,63,63,63,51,23,23,23,23,17,17,8,8,8,8,8,63,63,63,61,45,45,43,43,43,43,43,43,43,56,56,56,36,77,76,76,76,76,77,77,68,59,59,52,46,46,46,40,40,26,77,77,77,74,7],"gold":65,"neow_bonus":"ONE_RARE_RELIC","is_daily":false,"chose_seed":false,"campfire_upgraded":8,"win_rate":0.0,"timestamp":1609743470,"path_taken":["M","M","?","?","?","E","R","M","T","E","$","M","E","M","R","BOSS","M","$","M","?","?","E","?","R","T","R","E","?","E","M","R","BOSS","M","?","?","M","$","R","M","M","T","M","E","R","M","E","R","BOSS","R","$","E","BOSS"],"items_purchased_type":["Relic","Card","Card","Relic","Card","Potion","Potion"],"build_version":"2020-12-22","purchased_purges":3,"victory":true,"max_hp_per_floor":[63,63,63,63,63,63,63,63,63,63,63,63,63,63,63,63,63,63,63,63,63,63,63,63,63,63,63,63,63,77,77,77,77,77,77,77,77,77,77,77,77,77,77,77,77,77,77,77,77,77,77,77,77,77,77],"relic_stats":{"Torii":33,"Happy Flower":[19],"counters":[30,145],"PreservedInsect":434,"Pen Nib":[29],"War Paint":["Defend_G","Defend_G"],"Boot":[0],"Mercury Hourglass":[431],"Peace Pipe":0,"Blood Vial":4,"Centennial Puzzle":[33],"Nunchaku":[22],"Sundial":[8],"Shuriken":[20],"Bronze Scales":[377],"MealTicket":1,"Black Star":6,"Necronomicon":[20],"Kunai":[60],"obtain_stats":[{"Torii":22,"Mango":30,"Boot":54,"Blood Vial":48,"Centennial Puzzle":23,"Nunchaku":28,"Sundial":10,"MealTicket":30,"Philosopher\u0027s Stone":34,"Necronomicon":21,"Red Mask":24,"Kunai":13,"Toxic Egg 2":45,"Ring of the Snake":0,"Happy Flower":39,"Oddly Smooth Stone":26,"PreservedInsect":6,"Pen Nib":9,"Omamori":5,"War Paint":28,"Paper Crane":48,"Mercury Hourglass":11,"Peace Pipe":0,"Du-Vu Doll":54,"Shuriken":45,"Bronze Scales":23,"Black Star":17},{"Torii":12,"Mango":17,"Boot":29,"Blood Vial":27,"Centennial Puzzle":13,"Nunchaku":15,"Sundial":6,"MealTicket":17,"Philosopher\u0027s Stone":19,"Necronomicon":12,"Red Mask":14,"Kunai":8,"Toxic Egg 2":25,"Ring of the Snake":0,"Happy Flower":21,"Oddly Smooth Stone":14,"PreservedInsect":4,"Pen Nib":5,"Omamori":3,"War Paint":15,"Paper Crane":27,"Mercury Hourglass":6,"Peace Pipe":0,"Du-Vu Doll":29,"Shuriken":25,"Bronze Scales":13,"Black Star":10},{"Torii":50,"Mango":68,"Boot":135,"Blood Vial":116,"Centennial Puzzle":55,"Nunchaku":62,"Sundial":26,"MealTicket":68,"Philosopher\u0027s Stone":81,"Necronomicon":50,"Red Mask":58,"Kunai":32,"Toxic Egg 2":106,"Ring of the Snake":0,"Happy Flower":87,"Oddly Smooth Stone":58,"PreservedInsect":18,"Pen Nib":21,"Omamori":10,"War Paint":62,"Paper Crane":116,"Mercury Hourglass":26,"Peace Pipe":0,"Du-Vu Doll":135,"Shuriken":106,"Bronze Scales":55,"Black Star":42}],"Ring of the Snake":[60]},"card_choices":[{"not_picked":["Bane","Cloak And Dagger"],"picked":"Deadly Poison","floor":1},{"not_picked":["Flechettes","Reflex"],"picked":"Sucker Punch","floor":2},{"not_picked":["Accuracy","Deflect"],"picked":"Dagger Spray","floor":3},{"not_picked":["Backflip","Expertise"],"picked":"Masterful Stab","floor":6},{"not_picked":["Slice","Quick Slash"],"picked":"Bouncing Flask","floor":8},{"not_picked":["Prepared","Endless Agony"],"picked":"Crippling Poison","floor":10},{"not_picked":["Underhanded Strike","Poisoned Stab"],"picked":"Cloak And Dagger","floor":12},{"not_picked":["Riddle With Holes","Accuracy"],"picked":"Acrobatics","floor":13},{"not_picked":["Bane","Reflex"],"picked":"Deflect","floor":14},{"not_picked":["Grand Finale","Unload"],"picked":"Burst","floor":16},{"not_picked":["Sucker Punch","Dagger Throw"],"picked":"Well Laid Plans","floor":18},{"not_picked":["Expertise","Dagger Spray"],"picked":"Blade Dance+1","floor":20},{"not_picked":["Backstab","Cloak And Dagger"],"picked":"PiercingWail","floor":23},{"not_picked":["Blade Dance","Poisoned Stab+1"],"picked":"Cloak And Dagger+1","floor":28},{"not_picked":["Noxious Fumes+1","Reflex","Bane"],"picked":"SKIP","floor":29},{"not_picked":["Noxious Fumes","Distraction"],"picked":"Finisher","floor":30},{"not_picked":["Slice+1","Backstab"],"picked":"Terror","floor":31},{"not_picked":["Burst","Wraith Form v2"],"picked":"Phantasmal Killer","floor":33},{"not_picked":["Flying Knee","Bouncing Flask+1"],"picked":"Accuracy+1","floor":35},{"not_picked":["Cloak And Dagger","Slice+1"],"picked":"Malaise","floor":38},{"not_picked":["Bane+1","Backflip"],"picked":"Dodge and Roll+1","floor":41},{"not_picked":["Deadly Poison+1","Dodge and Roll+1"],"picked":"Footwork","floor":42},{"not_picked":["Dagger Throw","Prepared+1","Outmaneuver"],"picked":"SKIP","floor":44},{"not_picked":["Skewer+1","Masterful Stab+1"],"picked":"Night Terror+1","floor":45},{"not_picked":["Underhanded Strike","Heel Hook","Dodge and Roll+1"],"picked":"SKIP","floor":47},{"not_picked":["Expertise+1","Terror+1","Flying Knee+1"],"picked":"SKIP","floor":48},{"not_picked":["All Out Attack+1","Skewer"],"picked":"After Image","floor":54}],"player_experience":1583969,"relics_obtained":[{"floor":6,"key":"PreservedInsect"},{"floor":9,"key":"Pen Nib"},{"floor":10,"key":"Sundial"},{"floor":13,"key":"Kunai"},{"floor":21,"key":"Necronomicon"},{"floor":23,"key":"Bronze Scales"},{"floor":23,"key":"Centennial Puzzle"},{"floor":24,"key":"Red Mask"},{"floor":26,"key":"Oddly Smooth Stone"},{"floor":28,"key":"Nunchaku"},{"floor":28,"key":"War Paint"},{"floor":30,"key":"Mango"},{"floor":30,"key":"MealTicket"},{"floor":45,"key":"Toxic Egg 2"},{"floor":45,"key":"Shuriken"},{"floor":48,"key":"Blood Vial"},{"floor":48,"key":"Paper Crane"},{"floor":54,"key":"Du-Vu Doll"},{"floor":54,"key":"Boot"}],"event_choices":[{"damage_healed":0,"gold_gain":175,"player_choice":"AGREE","damage_taken":0,"max_hp_gain":0,"max_hp_loss":0,"event_name":"Liars Game","floor":4,"gold_loss":0,"cards_obtained":["Doubt"]},{"damage_healed":0,"gold_gain":0,"player_choice":"Success","damage_taken":12,"relics_obtained":["Omamori"],"max_hp_gain":0,"max_hp_loss":0,"event_name":"Scrap Ooze","floor":5,"gold_loss":0},{"damage_healed":0,"gold_gain":0,"player_choice":"Obtained Book","damage_taken":16,"max_hp_gain":0,"max_hp_loss":0,"event_name":"Cursed Tome","floor":21,"gold_loss":0},{"damage_healed":0,"gold_gain":0,"player_choice":"Opened","damage_taken":0,"relics_obtained":["Torii"],"max_hp_gain":0,"max_hp_loss":0,"event_name":"The Mausoleum","floor":22,"gold_loss":0},{"damage_healed":0,"gold_gain":0,"player_choice":"Fought Bandits","damage_taken":0,"max_hp_gain":0,"max_hp_loss":0,"event_name":"Masked Bandits","floor":24,"gold_loss":0},{"damage_healed":0,"gold_gain":0,"player_choice":"Ignored","damage_taken":0,"max_hp_gain":0,"max_hp_loss":0,"event_name":"Mysterious Sphere","floor":36,"gold_loss":0},{"cards_removed":["Strike_G"],"damage_healed":0,"gold_gain":0,"player_choice":"Offered Basic","damage_taken":0,"max_hp_gain":0,"max_hp_loss":0,"event_name":"Bonfire Elementals","floor":37,"gold_loss":0}],"is_beta":false,"boss_relics":[{"not_picked":["Snecko Eye","Empty Cage"],"picked":"Black Star"},{"not_picked":["Ring of the Serpent","Tiny House"],"picked":"Philosopher\u0027s Stone"}],"items_purged_floors":[11,19,39],"is_endless":false,"potions_floor_spawned":[2,6,8,10,23,29,31,33,35,38,41,47],"ascension_level":1}}