{"host":"68ryiucqar8jyfi2","time":1609778070,"event":{"mods":["2.2 Compatiblity","Act Like it!","Aspiration","BaseMod","Better Match","Better Note","Better Skull","Better Third Choice","CCEM","CapriCore","Curses Come First","Defuse TimeMaze Blight","Displayed Cursed Tome","Emptier Cage","Energized Spire","Friendly Minions","GifTheSpireLib","HexUI Lib","Hubris","Hyrulean Relics","Infinite Spire","Minty Spire (QoL Compilation)","Permanent Neow","RNG Fix","Replay The Spire","Robot Space Explorer","StSLib","Stuff the Spire","The Blue Laboratory","Trackpad","Transform Curses","Uncapped","Wandering Minibosses"],"gold_per_floor":[119,69,60,60,60,90,90,190,190,365,375,375,375,397,397,490,490,505,945,741,741,666,666,689,455,455,455,529,529,529,538,538,538,538],"floor_reached":33,"playtime":973,"items_purged":["Gash","StuffTheSpire:Coldhearted","Compile Driver"],"score":315,"play_id":"9808621d-b309-4640-af0c-a9a992015913","local_time":"20210104163430","daily_mods":["SealedDeck","Vintage","Heirloom","Flight"],"is_ascension_mode":false,"campfire_choices":[{"data":"ReplayTheSpireMod:Calculation Training","floor":7.0,"key":"SMITH"},{"data":"Barrage","floor":12.0,"key":"SMITH"},{"data":"Doubt","floor":15.0,"key":"PURGE"},{"data":"Conserve Battery","floor":23.0,"key":"SMITH"},{"data":"ReplayTheSpireMod:Calculation Training","floor":27.0,"key":"SMITH"},{"data":"Defragment","floor":30,"key":"SMITH"},{"floor":32,"key":"DIG"}],"circlet_count":0,"master_deck":["Barrage+1","Conserve Battery+1","Self Repair+1","Madness+1","ReplayTheSpireMod:Calculation Training+1","Defragment+1","Echo Form+1","Capacitor","Blizzard+1","ReplayTheSpireMod:Calculation Training+1","FIFO Queue+1"],"relics":["Cracked Core","StuffTheSpire:Nightcore","CCEMRelics:D6","PreservedInsect","zeldaRelics:CourageTriforce","infinitespire:Lychee Nut","energizedSpire:RedRose","hubris:CuriousFeather","zeldaRelics:WisdomTriforce","Replay:Wax Seal","Guide Book","CCEMRelics:DissonantTune","Toxic Egg 2"],"acts_visited":["Exordium","TheCity"],"potions_floor_usage":[31,33,33],"damage_taken":[{"damage":0.0,"enemies":"Jaw Worm","floor":1.0,"turns":4.0},{"damage":0.0,"enemies":"Cultist","floor":3.0,"turns":7.0},{"damage":3.0,"enemies":"Replay:BlueRogue","floor":6.0,"turns":4.0},{"damage":0.0,"enemies":"2 Louse","floor":11.0,"turns":2.0},{"damage":0.0,"enemies":"Lagavulin","floor":14.0,"turns":8.0},{"damage":3.0,"enemies":"Slime Boss","floor":16.0,"turns":9.0},{"damage":10.0,"enemies":"2 Thieves","floor":18.0,"turns":5.0},{"damage":11.0,"enemies":"Nightmare","floor":24.0,"turns":6.0},{"damage":23,"enemies":"Shell Parasite","floor":31,"turns":11},{"damage":5,"enemies":"Champ","floor":33,"turns":6}],"seed_played":"560671297643957689","potions_obtained":[{"floor":5.0,"key":"blueLaboratory:RecallPotion"},{"floor":5.0,"key":"blueLaboratory:ConsumingVoid"},{"floor":5.0,"key":"FairyPotion"},{"floor":6.0,"key":"Dexterity Potion"},{"floor":11.0,"key":"AttackPotion"},{"floor":16.0,"key":"blueLaboratory:RecallPotion"},{"floor":31,"key":"Block Potion"}],"is_trial":true,"path_per_floor":["M","?","M","?","?","E","R","?","T","?","M","R","?","E","R","B",null,"M","?","$","?","?","R","NM","$","T","R","T","AVR","R","M","R","B"],"character_chosen":"DEFECT","items_purchased":["Capacitor","Blizzard+1","Replay:Wax Seal","FIFO Queue+1"],"campfire_rested":0,"item_purchase_floors":[20,20,25,25],"current_hp_per_floor":[75,75,75,75,75,75,75,75,75,75,56,56,49,56,56,56,56,56,21,21,21,21,21,23,23,23,23,23,23,23,16,16,17,17],"gold":538,"neow_bonus":"","is_daily":false,"chose_seed":false,"campfire_upgraded":5,"win_rate":0.0,"timestamp":1609778070,"path_taken":["M","?","M","?","?","E","R","?","T","?","?","R","?","E","R","BOSS","M","?","$","?","?","R","NM","$","T","R","?","AVR","R","M","R","BOSS"],"items_purchased_type":["Card","Card","Relic","Card"],"build_version":"2020-12-22","purchased_purges":3,"victory":false,"max_hp_per_floor":[75,75,75,75,75,75,75,75,75,75,56,56,56,56,56,56,56,56,56,56,56,56,56,56,56,56,56,56,56,56,56,56,56,56],"card_choices":[{"not_picked":["StuffTheSpire:LoadUp","Undo"],"picked":"ReplayTheSpireMod:Calculation Training","floor":6.0},{"not_picked":["Rebound","Cold Snap"],"picked":"Defragment","floor":14.0},{"not_picked":["Biased Cognition","Hyperbeam"],"picked":"Echo Form","floor":16.0},{"not_picked":["Turbo+1","hubris:DoWhile"],"picked":"ReplayTheSpireMod:Calculation Training","floor":24.0}],"player_experience":202407,"relics_obtained":[{"floor":1.0,"key":"CCEMRelics:D6"},{"floor":3.0,"key":"PreservedInsect"},{"floor":6.0,"key":"zeldaRelics:CouragePiece"},{"floor":9.0,"key":"zeldaRelics:CouragePiece"},{"floor":11.0,"key":"infinitespire:Lychee Nut"},{"floor":14.0,"key":"zeldaRelics:CouragePiece"},{"floor":18.0,"key":"hubris:CuriousFeather"},{"floor":24.0,"key":"zeldaRelics:WisdomPiece"},{"floor":26.0,"key":"zeldaRelics:WisdomPiece"},{"floor":28.0,"key":"zeldaRelics:WisdomPiece"},{"floor":31,"key":"CCEMRelics:DissonantTune"},{"floor":32,"key":"Toxic Egg 2"}],"event_choices":[{"cards_removed":["Storm"],"damage_healed":0.0,"max_hp_gain":0.0,"max_hp_loss":0.0,"gold_gain":0.0,"event_name":"The Cleric","player_choice":"Card Removal","floor":2.0,"gold_loss":50.0,"damage_taken":0.0},{"damage_healed":0.0,"max_hp_gain":0.0,"max_hp_loss":0.0,"gold_gain":0.0,"event_name":"Living Wall","player_choice":"Grow","floor":4.0,"gold_loss":0.0,"damage_taken":0.0,"cards_upgraded":["StuffTheSpire:Snapshot"]},{"damage_healed":0.0,"max_hp_gain":0.0,"max_hp_loss":0.0,"gold_gain":0.0,"event_name":"Lab","player_choice":"Got Potions","floor":5.0,"gold_loss":0.0,"damage_taken":0.0},{"damage_healed":0.0,"max_hp_gain":0.0,"max_hp_loss":0.0,"gold_gain":100.0,"event_name":"Golden Shrine","player_choice":"Pray","floor":8.0,"gold_loss":0.0,"damage_taken":0.0},{"damage_healed":0.0,"max_hp_gain":0.0,"max_hp_loss":0.0,"gold_gain":175.0,"event_name":"betterThird:BetterSerpent","player_choice":"AGREE","floor":10.0,"gold_loss":0.0,"damage_taken":190.0},{"cards_removed":["Barrage"],"damage_healed":0.0,"max_hp_gain":0.0,"max_hp_loss":0.0,"gold_gain":0.0,"event_name":"Golden Wing","player_choice":"Card Removal","floor":13.0,"gold_loss":0.0,"damage_taken":7.0},{"damage_healed":0.0,"max_hp_gain":0.0,"max_hp_loss":0.0,"gold_gain":440.0,"event_name":"betterSkull:BetterSkull","player_choice":"GO GO GO GO ","floor":19.0,"gold_loss":0.0,"damage_taken":39.0,"cards_upgraded":[],"relics_obtained":[]},{"damage_healed":0.0,"max_hp_gain":0.0,"max_hp_loss":0.0,"gold_gain":0.0,"event_name":"betterNote:BetterNote","player_choice":"Ignored","floor":21.0,"gold_loss":0.0,"damage_taken":0.0,"cards_obtained":["RobotSpaceExplorer:Counterblock"]},{"cards_removed":["Leap"],"damage_healed":0.0,"max_hp_gain":0.0,"max_hp_loss":0.0,"gold_gain":0.0,"event_name":"Beggar","player_choice":"Gave Gold","floor":22.0,"gold_loss":75.0,"damage_taken":0.0}],"is_beta":false,"boss_relics":[{"not_picked":["aspiration:SecretTechniqueScroll","Velvet Choker"],"picked":"energizedSpire:RedRose"}],"items_purged_floors":[20,25,29],"is_endless":true,"potions_floor_spawned":[6,11,14,16,31],"killed_by":"Champ","ascension_level":0}}