{"host":"2no1vwhhkhf0ohz3","time":1609765797,"event":{"mods":["AchievementEnabler","BaseMod","Colored Map","DeckTracker","Keyboard Shortcuts","Minty Spire (QoL Compilation)","Relic Stats","SuperFastMode"],"gold_per_floor":[18,18,18,41,54,54,73,107,107,107,132,132,132],"floor_reached":12,"playtime":175,"items_purged":[],"score":116,"play_id":"f4d51bc1-6500-4974-ba01-1c7919ddab5c","local_time":"20210104220957","is_ascension_mode":true,"campfire_choices":[{"data":"Bludgeon","floor":6,"key":"SMITH"},{"data":"Bash","floor":10,"key":"SMITH"}],"circlet_count":0,"master_deck":["Strike_R","Strike_R","Strike_R","Strike_R","Strike_R","Defend_R","Defend_R","Defend_R","Defend_R","Bash+1","Bludgeon+1","Body Slam","Sentinel","Battle Trance"],"relics":["Burning Blood","Golden Idol","Centennial Puzzle","Blue Candle","MealTicket"],"acts_visited":["Exordium"],"potions_floor_usage":[11],"damage_taken":[{"damage":8,"enemies":"Small Slimes","floor":1,"turns":2},{"damage":2,"enemies":"Jaw Worm","floor":4,"turns":3},{"damage":1,"enemies":"Cultist","floor":5,"turns":3},{"damage":1,"enemies":"Exordium Thugs","floor":7,"turns":4},{"damage":42,"enemies":"Lagavulin","floor":8,"turns":7},{"damage":7,"enemies":"Large Slime","floor":11,"turns":3},{"damage":8,"enemies":"Gremlin Nob","floor":12,"turns":3}],"seed_played":"3188397042225623916","potions_obtained":[{"floor":7,"key":"LiquidBronze"},{"floor":8,"key":"LiquidMemories"}],"is_trial":false,"path_per_floor":["M","?","?","M","M","R","M","E","T","R","M","E"],"character_chosen":"IRONCLAD","items_purchased":[],"campfire_rested":0,"item_purchase_floors":[],"current_hp_per_floor":[70,50,43,47,52,52,57,21,21,21,20,12,12],"gold":132,"neow_bonus":"THREE_RARE_CARDS","is_daily":false,"chose_seed":false,"campfire_upgraded":2,"win_rate":0.0,"timestamp":1609765797,"path_taken":["M","?","?","M","M","R","M","E","T","R","M","E"],"items_purchased_type":[],"build_version":"2020-12-22","purchased_purges":0,"victory":false,"max_hp_per_floor":[80,80,80,80,80,80,80,80,80,80,80,80,80],"relic_stats":{"Centennial Puzzle":[18],"counters":[7,25],"Golden Idol":24,"Blue Candle":[0],"MealTicket":0,"obtain_stats":[{"Centennial Puzzle":3,"Golden Idol":2,"Blue Candle":8,"MealTicket":9,"Burning Blood":0},{"Centennial Puzzle":1,"Golden Idol":1,"Blue Candle":5,"MealTicket":5,"Burning Blood":0},{"Centennial Puzzle":2,"Golden Idol":2,"Blue Candle":19,"MealTicket":19,"Burning Blood":0}],"Burning Blood":36},"card_choices":[{"not_picked":["Reaper","Double Tap"],"picked":"Bludgeon","floor":0},{"not_picked":["Clothesline","Heavy Blade","Havoc"],"picked":"SKIP","floor":1},{"not_picked":["Twin Strike","Combust"],"picked":"Body Slam","floor":4},{"not_picked":["Ghostly Armor","Armaments"],"picked":"Sentinel","floor":5},{"not_picked":["Intimidate","Sword Boomerang","Wild Strike"],"picked":"SKIP","floor":7},{"not_picked":["Wild Strike","Iron Wave","Heavy Blade"],"picked":"SKIP","floor":8},{"not_picked":["Dropkick","Headbutt"],"picked":"Battle Trance","floor":11}],"player_experience":284193,"relics_obtained":[{"floor":8,"key":"Blue Candle"},{"floor":9,"key":"MealTicket"}],"event_choices":[{"damage_healed":0,"gold_gain":0,"player_choice":"Take Damage","damage_taken":20,"relics_obtained":["Golden Idol"],"max_hp_gain":0,"max_hp_loss":0,"event_name":"Golden Idol","floor":2,"gold_loss":0},{"damage_healed":0,"gold_gain":0,"player_choice":"Success","damage_taken":7,"relics_obtained":["Centennial Puzzle"],"max_hp_gain":0,"max_hp_loss":0,"event_name":"Scrap Ooze","floor":3,"gold_loss":0}],"is_beta":false,"boss_relics":[],"items_purged_floors":[],"is_endless":false,"potions_floor_spawned":[7,8],"killed_by":"Gremlin Nob","ascension_level":9}}