{"host":"dlyy4wv9zatha4f7","time":1609784140,"event":{"mods":["BaseMod","Better Third Choice","Colored Map","GifTheSpireLib","Minty Spire (QoL Compilation)","Spicy Shops","StSLib","SuperFastMode","Unceasing Turn Reminder"],"gold_per_floor":[109,109,109,122,122,122,153,153,153,168,194,194,144,169,169,271,271,286,286,40,60,77,77,77],"floor_reached":23,"playtime":1036,"items_purged":["Strike_B"],"score":398,"play_id":"9a3d5563-96f0-4567-ba73-00b7270e4af7","local_time":"20210104201540","is_ascension_mode":true,"campfire_choices":[{"data":"1","floor":6,"key":"LIFT"},{"data":"2","floor":8,"key":"LIFT"},{"floor":12,"key":"REST"},{"floor":15,"key":"REST"}],"circlet_count":0,"master_deck":["Strike_B","Defend_B","Defend_B","Defend_B","Zap+1","Dualcast","Gash","Conserve Battery","Darkness","Darkness","Loop","Glacier","Hyperbeam","Lockon+1","Ghostly","Ghostly","Ghostly","Ghostly","Ghostly","Rip and Tear"],"relics":["Cracked Core","Girya","Blue Candle","Orichalcum","Gremlin Horn","Question Card","Cursed Key","Membership Card","Darkstone Periapt"],"acts_visited":["Exordium","TheCity"],"potions_floor_usage":[16,16,21],"damage_taken":[{"damage":0,"enemies":"Small Slimes","floor":1,"turns":3},{"damage":0,"enemies":"2 Louse","floor":4,"turns":3},{"damage":33,"enemies":"Gremlin Nob","floor":7,"turns":4},{"damage":1,"enemies":"Cultist","floor":10,"turns":3},{"damage":21,"enemies":"3 Sentries","floor":11,"turns":7},{"damage":20,"enemies":"Lagavulin","floor":14,"turns":6},{"damage":0,"enemies":"Hexaghost","floor":16,"turns":7},{"damage":8,"enemies":"Chosen","floor":18,"turns":5},{"damage":4,"enemies":"2 Thieves","floor":21,"turns":4},{"damage":0,"enemies":"Centurion and Healer","floor":22,"turns":6},{"damage":42,"enemies":"Gremlin Leader","floor":23,"turns":7}],"seed_played":"4702728385310057765","potions_obtained":[{"floor":10,"key":"PotionOfCapacity"},{"floor":14,"key":"BlessingOfTheForge"},{"floor":18,"key":"AttackPotion"}],"is_trial":false,"path_per_floor":["M","?","?","M","?","R","E","R","T","M","E","R","?","E","R","B",null,"M","?","$","M","M","E"],"character_chosen":"DEFECT","items_purchased":["Membership Card","Darkstone Periapt"],"campfire_rested":2,"item_purchase_floors":[20,20],"current_hp_per_floor":[68,68,68,68,68,68,35,35,35,34,13,33,33,13,33,33,59,51,34,34,30,30,0,0],"gold":77,"neow_bonus":"REMOVE_TWO","is_daily":false,"chose_seed":false,"campfire_upgraded":0,"win_rate":0.0,"timestamp":1609784140,"path_taken":["M","?","?","?","?","R","E","R","T","?","E","R","?","E","R","BOSS","M","?","$","M","M","E"],"items_purchased_type":["Relic","Relic"],"build_version":"2020-12-22","purchased_purges":1,"victory":false,"max_hp_per_floor":[68,68,68,68,68,68,68,68,68,68,68,68,68,68,68,68,68,68,34,34,34,34,34,34],"card_choices":[{"not_picked":["Hologram","Leap"],"picked":"Gash","floor":1},{"not_picked":["Recycle","Leap"],"picked":"Conserve Battery","floor":4},{"not_picked":["Heatsinks","BootSequence"],"picked":"Darkness","floor":7},{"not_picked":["Undo","Rebound"],"picked":"Darkness","floor":10},{"not_picked":["Gash","Consume"],"picked":"Loop","floor":11},{"not_picked":["Turbo","Go for the Eyes"],"picked":"Glacier","floor":14},{"not_picked":["Machine Learning","Rainbow","Fission"],"picked":"Hyperbeam","floor":16},{"not_picked":["Turbo","Force Field+1","Gash"],"picked":"Lockon+1","floor":18},{"not_picked":["Aggregate+1","Scrape","Sweeping Beam","Stack"],"picked":"SKIP","floor":21},{"not_picked":["Aggregate+1","Scrape","Sweeping Beam","Stack"],"picked":"SKIP","floor":21},{"not_picked":["Sweeping Beam+1","Cold Snap","Redo+1"],"picked":"Rip and Tear","floor":22}],"player_experience":2229043,"relics_obtained":[{"floor":7,"key":"Blue Candle"},{"floor":9,"key":"Orichalcum"},{"floor":11,"key":"Gremlin Horn"},{"floor":14,"key":"Question Card"}],"event_choices":[{"damage_healed":0,"gold_gain":0,"player_choice":"Box","damage_taken":0,"relics_obtained":["Girya"],"max_hp_gain":0,"max_hp_loss":0,"event_name":"Big Fish","floor":2,"gold_loss":0,"cards_obtained":["Regret"]},{"cards_removed":["Regret"],"damage_healed":0,"gold_gain":0,"player_choice":"Purged","damage_taken":0,"max_hp_gain":0,"max_hp_loss":0,"event_name":"Purifier","floor":3,"gold_loss":0},{"damage_healed":0,"gold_gain":0,"player_choice":"Upgraded","damage_taken":0,"max_hp_gain":0,"max_hp_loss":0,"event_name":"Upgrade Shrine","floor":5,"gold_loss":0,"cards_upgraded":["Zap"]},{"cards_removed":["Strike_B"],"damage_healed":0,"gold_gain":0,"player_choice":"Card Removal","damage_taken":0,"max_hp_gain":0,"max_hp_loss":0,"event_name":"The Cleric","floor":13,"gold_loss":50},{"damage_healed":0,"gold_gain":0,"player_choice":"Became a Ghost","damage_taken":0,"max_hp_gain":0,"max_hp_loss":34,"event_name":"Ghosts","floor":19,"gold_loss":0,"cards_obtained":["Ghostly","Ghostly","Ghostly","Ghostly","Ghostly"]}],"is_beta":false,"boss_relics":[{"not_picked":["Fusion Hammer","Empty Cage"],"picked":"Cursed Key"}],"items_purged_floors":[20],"is_endless":false,"potions_floor_spawned":[10,14,18],"killed_by":"Gremlin Leader","ascension_level":9}}