{"host":"bydnmyvf669xu6ab","time":1609799420,"event":{"mods":["Aspiration","BaseMod","Better Note","BetterRewards","Colored Map","Colored Powertips","Minty Spire (QoL Compilation)","Rare Cards Sparkle","Relic Stats","Shop Mod","StSLib","SuperFastMode","Virulent Crown"],"gold_per_floor":[113,0,0,19,92,92,120,120,171,181,107,126,126,143,143,244,244,263,263,263,278,303,338,338,371,371,388,388,398,398,415,415,415,415],"floor_reached":33,"playtime":1468,"items_purged":[],"score":352,"play_id":"e6891bcf-6b00-4b82-978d-f99383f5be63","local_time":"20210104143020","is_ascension_mode":true,"campfire_choices":[{"data":"Swift Strike","floor":6,"key":"SMITH"},{"data":"Juggernaut","floor":15,"key":"SMITH"},{"floor":24,"key":"REST"},{"floor":28,"key":"REST"},{"floor":32,"key":"RECALL"}],"circlet_count":0,"master_deck":["Strike_R","Strike_R","Strike_R","Defend_R","Bash","Swift Strike+1","Searing Blow","Metallicize+1","Battle Trance","Perfected Strike","Feel No Pain","Pummel","Perfected Strike","Flex","Pommel Strike","Shrug It Off","Juggernaut+1","Immolate+1","Rage+1","Fiend Fire+1","Clash+1","Armaments+1","Metallicize+1","Armaments","Bloodletting","Feed","Rampage+1","Heavy Blade+1","Flame Barrier"],"relics":["Burning Blood","Ancient Tea Set","Astrolabe","Juzu Bracelet","aspiration:AnachronicSnailShell","Oddly Smooth Stone","Molten Egg 2"],"acts_visited":["Exordium","TheCity"],"potions_floor_usage":[16,16,23,25,33,33],"damage_taken":[{"damage":11,"enemies":"Jaw Worm","floor":1,"turns":3},{"damage":0,"enemies":"Cultist","floor":4,"turns":4},{"damage":7,"enemies":"Gremlin Nob","floor":7,"turns":4},{"damage":0,"enemies":"2 Louse","floor":10,"turns":2},{"damage":0,"enemies":"2 Fungi Beasts","floor":12,"turns":2},{"damage":0,"enemies":"Large Slime","floor":14,"turns":5},{"damage":0,"enemies":"Slime Boss","floor":16,"turns":4},{"damage":30,"enemies":"2 Thieves","floor":18,"turns":4},{"damage":1,"enemies":"Spheric Guardian","floor":21,"turns":3},{"damage":52,"enemies":"Slavers","floor":23,"turns":7},{"damage":9,"enemies":"Book of Stabbing","floor":25,"turns":5},{"damage":25,"enemies":"Snake Plant","floor":27,"turns":4},{"damage":15,"enemies":"Centurion and Healer","floor":29,"turns":5},{"damage":10,"enemies":"Cultist and Chosen","floor":31,"turns":4},{"damage":47,"enemies":"Collector","floor":33,"turns":8}],"seed_played":"2368302293951608518","potions_obtained":[{"floor":7,"key":"Explosive Potion"},{"floor":14,"key":"Strength Potion"},{"floor":16,"key":"BloodPotion"},{"floor":18,"key":"BlessingOfTheForge"},{"floor":21,"key":"Swift Potion"},{"floor":23,"key":"SmokeBomb"},{"floor":25,"key":"Weak Potion"}],"is_trial":false,"path_per_floor":["M","$","?","M","?","R","E","?","T","M","$","M","$","M","R","B",null,"M","?","?","M","T","E","R","E","T","M","R","M","?","M","R","B"],"character_chosen":"IRONCLAD","items_purchased":["Metallicize","Battle Trance","Flex","Pommel Strike"],"campfire_rested":2,"item_purchase_floors":[2,2,11,11],"current_hp_per_floor":[75,75,75,80,80,80,79,79,79,80,80,80,80,80,80,80,80,56,56,56,61,61,31,55,52,52,33,57,48,48,44,44,0,0],"gold":415,"neow_bonus":"RANDOM_COLORLESS","is_daily":false,"chose_seed":false,"campfire_upgraded":2,"win_rate":0.0,"timestamp":1609799420,"path_taken":["M","$","?","?","?","R","E","?","T","M","$","M","$","M","R","BOSS","M","?","?","M","?","E","R","E","T","M","R","M","?","M","R","BOSS"],"items_purchased_type":["Card","Card","Card","Card"],"build_version":"2020-12-22","purchased_purges":0,"victory":false,"max_hp_per_floor":[80,80,80,80,80,80,80,80,80,80,80,80,80,80,80,80,80,80,80,80,80,80,80,80,80,80,80,80,80,80,80,80,80,80],"relic_stats":{"counters":[15,64],"Astrolabe":["Rage","Fiend Fire","Clash"],"Juzu Bracelet":1,"obtain_stats":[{"Astrolabe":17,"aspiration:AnachronicSnailShell":23,"Oddly Smooth Stone":25,"Molten Egg 2":26,"Juzu Bracelet":22,"Ancient Tea Set":7,"Burning Blood":0},{"Astrolabe":7,"aspiration:AnachronicSnailShell":10,"Oddly Smooth Stone":11,"Molten Egg 2":11,"Juzu Bracelet":9,"Ancient Tea Set":3,"Burning Blood":0},{"Astrolabe":24,"aspiration:AnachronicSnailShell":38,"Oddly Smooth Stone":43,"Molten Egg 2":43,"Juzu Bracelet":31,"Ancient Tea Set":11,"Burning Blood":0}],"Burning Blood":60},"card_choices":[{"not_picked":["Finesse","PanicButton"],"picked":"Swift Strike","floor":0},{"not_picked":["Warcry","Thunderclap"],"picked":"Searing Blow","floor":1},{"not_picked":["Wild Strike","Havoc"],"picked":"Perfected Strike","floor":4},{"not_picked":["Blood for Blood","Headbutt"],"picked":"Feel No Pain","floor":7},{"not_picked":["True Grit","Clothesline"],"picked":"Perfected Strike","floor":10},{"not_picked":["Clash","Anger"],"picked":"Shrug It Off","floor":12},{"not_picked":["Cleave","Iron Wave"],"picked":"Juggernaut","floor":14},{"not_picked":["Corruption","Bludgeon"],"picked":"Immolate","floor":16},{"not_picked":["Anger","Hemokinesis"],"picked":"Armaments+1","floor":18},{"not_picked":["Warcry","Headbutt+1"],"picked":"Armaments","floor":21},{"not_picked":["Warcry","Wild Strike+1"],"picked":"Bloodletting","floor":23},{"not_picked":["Sword Boomerang","Pummel"],"picked":"Feed","floor":25},{"not_picked":["Armaments+1","Wild Strike+1"],"picked":"Rampage+1","floor":27},{"not_picked":["Burning Pact","Headbutt+1"],"picked":"Heavy Blade+1","floor":29},{"not_picked":["Wild Strike+1","Shrug It Off+1"],"picked":"Flame Barrier","floor":31}],"player_experience":2122198,"relics_obtained":[{"floor":7,"key":"Ancient Tea Set"},{"floor":22,"key":"Juzu Bracelet"},{"floor":23,"key":"aspiration:AnachronicSnailShell"},{"floor":25,"key":"Oddly Smooth Stone"},{"floor":26,"key":"Molten Egg 2"}],"event_choices":[{"damage_healed":0,"gold_gain":0,"player_choice":"Upgraded","damage_taken":0,"max_hp_gain":0,"max_hp_loss":0,"event_name":"Upgrade Shrine","floor":3,"gold_loss":0,"cards_upgraded":["Metallicize"]},{"damage_healed":0,"gold_gain":73,"player_choice":"Gained Gold","damage_taken":0,"max_hp_gain":0,"max_hp_loss":0,"event_name":"Golden Wing","floor":5,"gold_loss":0},{"damage_healed":0,"gold_gain":0,"cards_transformed":["Strike_R"],"player_choice":"Change","damage_taken":0,"max_hp_gain":0,"max_hp_loss":0,"event_name":"Living Wall","floor":8,"gold_loss":0,"cards_obtained":["Pummel"]},{"damage_healed":0,"gold_gain":0,"player_choice":"Forge","damage_taken":0,"max_hp_gain":0,"max_hp_loss":0,"event_name":"Accursed Blacksmith","floor":19,"gold_loss":0,"cards_upgraded":["Immolate"]},{"damage_healed":0,"gold_gain":0,"player_choice":"Copied","damage_taken":0,"max_hp_gain":0,"max_hp_loss":0,"event_name":"Duplicator","floor":20,"gold_loss":0,"cards_obtained":["Metallicize"]},{"cards_removed":["Strike_R"],"damage_healed":0,"gold_gain":0,"player_choice":"Purged","damage_taken":0,"max_hp_gain":0,"max_hp_loss":0,"event_name":"Purifier","floor":30,"gold_loss":0}],"is_beta":false,"boss_relics":[{"not_picked":["Pandora\u0027s Box","Black Star"],"picked":"Astrolabe"}],"items_purged_floors":[],"is_endless":false,"potions_floor_spawned":[7,14,16,18,21,23,25],"killed_by":"Collector","ascension_level":1}}