{"host":"qxeepl7ydvsgmfdb","time":1609774822,"event":{"mods":["AchievementEnabler","BaseMod","Colored Powertips","Minty Spire (QoL Compilation)","Quick Restart","slay the spire mod where everything is the same but ironclad has a cowboy hat"],"gold_per_floor":[115,115,62,62,237,268,268,294,349,349,349,369,381,392,392,490,490,477,496,348,348,363,391,391,419,419,419,439,188,188,203,203,304,304,317,143,193,213,232,232,244,244,244,262,262,27,61,61,61],"floor_reached":48,"playtime":1752,"items_purged":["Strike_G","Defend_G","Strike_G"],"score":753,"play_id":"b0af84bf-9cc8-4cd5-b66d-66f847db2c87","local_time":"20210104104022","is_ascension_mode":true,"campfire_choices":[{"data":"Poisoned Stab","floor":7.0,"key":"SMITH"},{"data":"Regret","floor":10.0,"key":"PURGE"},{"floor":15.0,"key":"REST"},{"floor":24.0,"key":"REST"},{"floor":30.0,"key":"REST"},{"floor":32.0,"key":"REST"},{"floor":40.0,"key":"REST"},{"floor":42.0,"key":"REST"}],"circlet_count":0,"master_deck":["Strike_G","Strike_G","Defend_G","Defend_G","Defend_G","Defend_G","Survivor+1","Neutralize","Endless Agony+1","Poisoned Stab+1","Doubt","Backflip","Poisoned Stab","Cloak And Dagger","Deflect","Deadly Poison","After Image","Prepared+1","Noxious Fumes","Blade Dance","Dagger Spray","Deadly Poison","Backstab","Phantasmal Killer+1","Backstab"],"relics":["Ring of the Snake","NeowsBlessing","Thread and Needle","Question Card","Peace Pipe","MealTicket","Du-Vu Doll","Philosopher\u0027s Stone","Lantern","Eternal Feather","Tough Bandages","Cauldron","Membership Card","Bird Faced Urn","Vajra","Ice Cream","PreservedInsect"],"acts_visited":["Exordium","TheCity","TheBeyond"],"potions_floor_usage":[47,47],"damage_taken":[{"damage":0.0,"enemies":"Small Slimes","floor":1.0,"turns":1.0},{"damage":0.0,"enemies":"3 Sentries","floor":6.0,"turns":1.0},{"damage":0.0,"enemies":"Lagavulin","floor":8.0,"turns":1.0},{"damage":0.0,"enemies":"2 Louse","floor":12.0,"turns":2.0},{"damage":0.0,"enemies":"Jaw Worm","floor":13.0,"turns":3.0},{"damage":0.0,"enemies":"2 Fungi Beasts","floor":14.0,"turns":3.0},{"damage":53.0,"enemies":"Hexaghost","floor":16.0,"turns":11.0},{"damage":3.0,"enemies":"2 Thieves","floor":18.0,"turns":4.0},{"damage":0.0,"enemies":"Chosen","floor":19.0,"turns":4.0},{"damage":4.0,"enemies":"Snake Plant","floor":22.0,"turns":4.0},{"damage":42.0,"enemies":"Gremlin Leader","floor":23.0,"turns":8.0},{"damage":42.0,"enemies":"Book of Stabbing","floor":25.0,"turns":7.0},{"damage":0.0,"enemies":"Chosen and Byrds","floor":28.0,"turns":5.0},{"damage":7.0,"enemies":"Shelled Parasite and Fungi","floor":31.0,"turns":6.0},{"damage":59.0,"enemies":"Automaton","floor":33.0,"turns":10.0},{"damage":3.0,"enemies":"3 Shapes","floor":35.0,"turns":3.0},{"damage":17.0,"enemies":"Mind Bloom Boss Battle","floor":37.0,"turns":9.0},{"damage":7.0,"enemies":"Orb Walker","floor":38.0,"turns":3.0},{"damage":28.0,"enemies":"Writhing Mass","floor":39.0,"turns":7.0},{"damage":17.0,"enemies":"Maw","floor":41.0,"turns":8.0},{"damage":2.0,"enemies":"3 Darklings","floor":44.0,"turns":5.0},{"damage":68,"enemies":"Giant Head","floor":47,"turns":8},{"damage":15,"enemies":"Spire Growth","floor":48,"turns":2}],"seed_played":"2192645939899740459","potions_obtained":[{"floor":1.0,"key":"EntropicBrew"},{"floor":8.0,"key":"Fire Potion"},{"floor":18.0,"key":"Strength Potion"},{"floor":25.0,"key":"Swift Potion"},{"floor":29.0,"key":"EntropicBrew"},{"floor":29.0,"key":"SneckoOil"},{"floor":33.0,"key":"DistilledChaos"},{"floor":38.0,"key":"ColorlessPotion"},{"floor":39.0,"key":"Swift Potion"}],"is_trial":false,"path_per_floor":["M","?","$","?","?","E","R","E","T","R","T","M","M","M","R","B",null,"M","M","$","?","M","E","R","E","T","?","M","$","R","M","R","B",null,"M","$","?","M","M","R","M","R","T","M","?","$","E","M"],"character_chosen":"THE_SILENT","items_purchased":["Poisoned Stab","Noxious Fumes","Cauldron","Membership Card","Backstab","Ice Cream","SkillPotion"],"campfire_rested":6,"item_purchase_floors":[3,20,29,36,36,46,46],"current_hp_per_floor":[63,49,49,49,49,49,49,49,49,49,49,49,49,49,70,17,57,54,54,69,69,65,23,44,2,2,2,2,17,50,43,70,11,55,52,67,50,43,19,55,42,70,70,68,68,70,2,0,0],"gold":61,"neow_bonus":"THREE_ENEMY_KILL","is_daily":false,"chose_seed":false,"campfire_upgraded":1,"win_rate":0.0,"timestamp":1609774822,"path_taken":["M","?","$","?","?","E","R","E","T","R","?","M","M","?","R","BOSS","M","M","$","?","?","E","R","E","T","?","M","$","R","M","R","BOSS","M","$","?","M","M","R","M","R","T","M","?","$","E","M"],"items_purchased_type":["Card","Card","Relic","Relic","Card","Relic","Potion"],"build_version":"2020-12-22","purchased_purges":3,"victory":false,"max_hp_per_floor":[70,70,70,70,70,70,70,70,70,70,70,70,70,70,70,70,70,70,70,70,70,70,70,70,70,70,70,70,70,70,70,70,70,70,70,70,70,70,70,70,70,70,70,70,70,70,70,70,70],"card_choices":[{"not_picked":["Accuracy","Expertise"],"picked":"Endless Agony","floor":1.0},{"not_picked":["Endless Agony","Underhanded Strike"],"picked":"Backflip","floor":6.0},{"not_picked":["Caltrops","Blur","Acrobatics"],"picked":"Poisoned Stab","floor":8.0},{"not_picked":["Bane","Quick Slash","Dagger Throw"],"picked":"Cloak And Dagger","floor":12.0},{"not_picked":["Backflip","Leg Sweep","Caltrops"],"picked":"Deflect","floor":13.0},{"not_picked":["Prepared","Storm of Steel","Dagger Throw"],"picked":"Deadly Poison","floor":14.0},{"not_picked":["Die Die Die","Adrenaline","Wraith Form v2"],"picked":"After Image","floor":16.0},{"not_picked":["Catalyst","Flying Knee+1","Dodge and Roll+1"],"picked":"Prepared+1","floor":18.0},{"not_picked":["Deflect+1","Backflip+1","Prepared+1","Outmaneuver"],"picked":"SKIP","floor":19.0},{"not_picked":["Acrobatics+1","Cloak And Dagger","PiercingWail+1"],"picked":"Blade Dance","floor":22.0},{"not_picked":["Bane","Skewer","Accuracy","Storm of Steel"],"picked":"SKIP","floor":23.0},{"not_picked":["Reflex","Outmaneuver","Dagger Throw"],"picked":"Dagger Spray","floor":25.0},{"not_picked":["Setup","Expertise+1","Escape Plan"],"picked":"Deadly Poison","floor":28.0},{"not_picked":["Footwork","Choke+1","Concentrate"],"picked":"Backstab","floor":31.0},{"not_picked":["Burst","Unload","After Image"],"picked":"Phantasmal Killer","floor":33.0},{"not_picked":["Acrobatics+1","PiercingWail","All Out Attack+1","Dodge and Roll"],"picked":"SKIP","floor":35.0},{"not_picked":["Crippling Poison","Slice+1","Underhanded Strike+1","Deflect+1"],"picked":"SKIP","floor":38.0},{"not_picked":["Prepared+1","Slice","Dodge and Roll+1","After Image"],"picked":"SKIP","floor":39.0},{"not_picked":["Dagger Throw+1","Underhanded Strike+1","Cloak And Dagger","Well Laid Plans+1"],"picked":"SKIP","floor":41.0},{"not_picked":["Bane+1","Backflip+1","Blur+1","Terror+1"],"picked":"SKIP","floor":44.0},{"not_picked":["Heel Hook+1","Finisher","Prepared+1","Blade Dance"],"picked":"SKIP","floor":47}],"player_experience":366399,"relics_obtained":[{"floor":6.0,"key":"Question Card"},{"floor":8.0,"key":"Peace Pipe"},{"floor":9.0,"key":"MealTicket"},{"floor":11.0,"key":"Du-Vu Doll"},{"floor":23.0,"key":"Lantern"},{"floor":25.0,"key":"Eternal Feather"},{"floor":26.0,"key":"Tough Bandages"},{"floor":37.0,"key":"Bird Faced Urn"},{"floor":43.0,"key":"Vajra"},{"floor":47,"key":"PreservedInsect"}],"event_choices":[{"damage_healed":0.0,"max_hp_gain":0.0,"max_hp_loss":0.0,"gold_gain":0.0,"event_name":"Shining Light","player_choice":"Entered Light","floor":2.0,"gold_loss":0.0,"damage_taken":14.0,"cards_upgraded":["Survivor","Endless Agony"]},{"damage_healed":0.0,"max_hp_gain":0.0,"max_hp_loss":0.0,"gold_gain":0.0,"event_name":"Big Fish","player_choice":"Box","floor":4.0,"gold_loss":0.0,"damage_taken":0.0,"relics_obtained":["Thread and Needle"],"cards_obtained":["Regret"]},{"damage_healed":0.0,"max_hp_gain":0.0,"max_hp_loss":0.0,"gold_gain":175.0,"event_name":"Liars Game","player_choice":"AGREE","floor":5.0,"gold_loss":0.0,"damage_taken":0.0,"cards_obtained":["Doubt"]},{"cards_removed":["Strike_G"],"damage_healed":0.0,"max_hp_gain":0.0,"max_hp_loss":0.0,"gold_gain":0.0,"event_name":"Purifier","player_choice":"Purged","floor":21.0,"gold_loss":0.0,"damage_taken":0.0},{"damage_healed":0.0,"max_hp_gain":0.0,"max_hp_loss":0.0,"gold_gain":0.0,"event_name":"Ghosts","player_choice":"Ignored","floor":27.0,"gold_loss":0.0,"damage_taken":0.0},{"damage_healed":0.0,"max_hp_gain":0.0,"max_hp_loss":0.0,"gold_gain":0.0,"event_name":"MindBloom","player_choice":"Fight","floor":37.0,"gold_loss":0.0,"damage_taken":0.0},{"damage_healed":0.0,"max_hp_gain":0.0,"max_hp_loss":0.0,"gold_gain":0.0,"event_name":"Upgrade Shrine","player_choice":"Upgraded","floor":45.0,"gold_loss":0.0,"damage_taken":0.0,"cards_upgraded":["Phantasmal Killer"]}],"is_beta":false,"boss_relics":[{"not_picked":["Velvet Choker","HoveringKite"],"picked":"Philosopher\u0027s Stone"},{"not_picked":["Busted Crown","Sozu","Runic Pyramid"]}],"items_purged_floors":[20,29,46],"is_endless":false,"potions_floor_spawned":[1,8,14,18,22,25,33,38,39],"killed_by":"Spire Growth","ascension_level":7}}