{"host":"kabf61oc9jgfwufg","time":1609784295,"event":{"mods":["AchievementEnabler","Act Like it!","Aspiration","BaseMod","Conspire","GifTheSpireLib","Halation","HexUI Lib","Hubris","Infinite Spire","Minty Spire (QoL Compilation)","Pale of the Ancients","Rare Cards Sparkle","Replay The Spire","StSLib","The Jungle"],"gold_per_floor":[112,112,112,123,123,123,123,148,148,73,86,86,102,120,120,223,223,242,242,256,269,269,294,39,39,62,72,72,84,98,111,111,111,111],"floor_reached":33,"playtime":1118,"items_purged":["Injury","Strike_R","Voices"],"score":269,"play_id":"b3d40344-4a10-468a-b2b4-e360444cf7ee","local_time":"20210104181815","is_ascension_mode":false,"campfire_choices":[{"data":"conspire:Charge","floor":6,"key":"SMITH"},{"data":"Bash","floor":12,"key":"SMITH"},{"floor":15,"key":"RECALL"},{"data":"infinitespire:UltimateForm","floor":32,"key":"SMITH"}],"circlet_count":0,"master_deck":["Strike_R","Strike_R","Strike_R+1","Strike_R","Defend_R+1","Defend_R","Defend_R","Defend_R","Bash+1","conspire:Charge+1","Dagger Spray+1","hubris:CleavingFinish+1","conspire:Charge+1","Double Tap","Flex","infinitespire:UltimateForm+1","Burning Pact","Rage","Combust","infinitespire:OneForAll+1"],"relics":["Burning Blood","Simple Rune","Ring of Fury","Ring of Peace","Molten Egg 2","Mango","hubris:DisguiseKit","infinitespire:Cupcake","hubris:VirtuousBlindfold","ReplayFunnel","PrismaticShard","Magic Flower","Strange Spoon","hubris:BottledHeart","Blood Vial"],"acts_visited":["Exordium","TheCity"],"potions_floor_usage":[16,21,33],"damage_taken":[{"damage":6,"enemies":"Cultist","floor":1,"turns":4},{"damage":0,"enemies":"Jaw Worm","floor":4,"turns":3},{"damage":18,"enemies":"Lagavulin","floor":8,"turns":7},{"damage":0,"enemies":"Small Slimes","floor":11,"turns":3},{"damage":4,"enemies":"2 Fungi Beasts","floor":13,"turns":2},{"damage":0,"enemies":"Blue Slaver","floor":14,"turns":2},{"damage":46,"enemies":"Hexaghost","floor":16,"turns":7},{"damage":4,"enemies":"3 Byrds","floor":18,"turns":5},{"damage":7,"enemies":"2 Thieves","floor":20,"turns":4},{"damage":6,"enemies":"Cultist and Chosen","floor":21,"turns":4},{"damage":18,"enemies":"Gremlin Leader","floor":23,"turns":5},{"damage":0,"enemies":"Centurion and Healer","floor":27,"turns":5},{"damage":0,"enemies":"Snake Plant","floor":29,"turns":3},{"damage":0,"enemies":"Shelled Parasite and Fungi","floor":30,"turns":4},{"damage":0,"enemies":"Sentry and Sphere","floor":31,"turns":4},{"damage":1,"enemies":"hubris:MusketHawk","floor":33,"turns":7}],"seed_played":"3961200693122432309","potions_obtained":[{"floor":11,"key":"ColorlessPotion"},{"floor":14,"key":"SkillPotion"},{"floor":16,"key":"SteroidPotion"},{"floor":21,"key":"ElixirPotion"},{"floor":29,"key":"Dexterity Potion"}],"is_trial":false,"path_per_floor":["M","?","?","M","?","R","?","E","T","$","M","R","M","M","R","B",null,"M","AVR","M","M","?","E","$","?","T","M","?","M","M","M","R","B"],"character_chosen":"IRONCLAD","items_purchased":["Strange Spoon"],"campfire_rested":0,"item_purchase_floors":[24],"current_hp_per_floor":[80,80,85,85,85,85,85,87,87,87,93,93,95,99,99,59,99,99,99,98,98,90,78,78,1,1,1,1,1,1,1,1,0,0],"gold":111,"neow_bonus":"RANDOM_COMMON_RELIC","is_daily":false,"chose_seed":false,"campfire_upgraded":3,"win_rate":0.0,"timestamp":1609784295,"path_taken":["M","?","?","M","?","R","?","E","T","$","M","R","M","?","R","BOSS","M","AVR","M","M","?","E","$","?","T","M","?","?","M","M","R","BOSS"],"items_purchased_type":["Relic"],"build_version":"2020-12-22","purchased_purges":3,"victory":false,"max_hp_per_floor":[80,80,85,85,85,85,85,99,99,99,99,99,99,99,99,99,99,99,99,99,99,99,99,99,1,1,1,1,1,1,1,1,1,1],"card_choices":[{"not_picked":["Heavy Blade","ReplayTheSpireMod:Muscle Training","Sever Soul"],"picked":"SKIP","floor":1},{"not_picked":["Wild Strike","Body Slam"],"picked":"conspire:Charge","floor":4},{"not_picked":["Iron Wave+1","Sword Boomerang+1","Abandon"],"picked":"SKIP","floor":8},{"not_picked":["conspire:ExplosiveBarrier","Body Slam+1","Bludgeon+1"],"picked":"Dagger Spray","floor":11},{"not_picked":["Dropkick+1","Anger+1","Outmaneuver"],"picked":"hubris:CleavingFinish+1","floor":13},{"not_picked":["Dark Embrace","ReplayTheSpireMod:Strike From Hell+1","Slice"],"picked":"conspire:Charge+1","floor":14},{"not_picked":["Exhume","Replay:Many Hands","Bullet Time"],"picked":"Double Tap","floor":16},{"not_picked":["Bloodletting","hubris:ReadiedAction","Blade Dance"],"picked":"Flex","floor":18},{"not_picked":["Uppercut+1","Headbutt+1","Dropkick+1","Escape Plan"],"picked":"SKIP","floor":20},{"not_picked":["Pommel Strike+1","Second Wind","Backflip"],"picked":"Burning Pact","floor":21},{"not_picked":["Replay:ManipulateFuture","EmptyFist+1","Draining Mist"],"picked":"Rage","floor":23},{"not_picked":["Streamline+1","Atom Bomb+1","Slice"],"picked":"Combust","floor":27},{"not_picked":["Enlightenment","ReplayTheSpireMod:Strike From Hell+1","Blade Dance","Sucker Punch"],"picked":"SKIP","floor":29},{"not_picked":["Dodge and Roll","ReplayTheSpireMod:Limb From Limb+1","Intimidate","Deadly Poison"],"picked":"SKIP","floor":30},{"not_picked":["Deadly Poison","Wild Strike+1","FlurryOfBlows+1","ReplayTheSpireMod:Speed Training"],"picked":"SKIP","floor":31}],"player_experience":38601,"relics_obtained":[{"floor":2,"key":"Ring of Fury"},{"floor":2,"key":"Ring of Peace"},{"floor":8,"key":"Mango"},{"floor":9,"key":"hubris:DisguiseKit"},{"floor":22,"key":"PrismaticShard"},{"floor":23,"key":"Magic Flower"},{"floor":26,"key":"Blood Vial"}],"event_choices":[{"damage_healed":0,"gold_gain":0,"player_choice":"Donut","damage_taken":0,"max_hp_gain":5,"max_hp_loss":0,"event_name":"Big Fish","floor":3,"gold_loss":0},{"damage_healed":0,"gold_gain":0,"player_choice":"Read","damage_taken":0,"max_hp_gain":0,"max_hp_loss":0,"event_name":"The Library","floor":28,"gold_loss":0,"cards_obtained":["infinitespire:OneForAll"]}],"is_beta":false,"boss_relics":[{"not_picked":["halation:PinkAlligatorPlush","Ectoplasm"],"picked":"infinitespire:Cupcake"}],"items_purged_floors":[10,19,24],"is_endless":false,"potions_floor_spawned":[11,14,16,21,29],"killed_by":"hubris:MusketHawk","ascension_level":0}}