{"host":"1eo5f82aifdzd7pr","time":1609760250,"event":{"mods":["AchievementEnabler","BaseMod","Colored Map","Colored Powertips","DeckTracker","Marisa????????","Minty Spire (QoL Compilation)","StSLib","SuperFastMode"],"gold_per_floor":[111,123,143,143,160,160,192,192,192,202,237,253,36,53,53,152,152,139,139,158,168,188,188,218,218,218,229,209,209,237,253,253,356,356,375,375,393,218,229,229,257,274,321,321,321,334,384,259,259,259,259,259,109,140,140],"floor_reached":56,"playtime":3469,"items_purged":["Strike_B","Defend_B","Doubt","Strike_B"],"score":1281,"play_id":"0a86895e-5546-4832-855a-c93b1efd0528","local_time":"20210104133730","is_ascension_mode":false,"campfire_choices":[{"data":"Zap","floor":6.0,"key":"SMITH"},{"data":"Chill","floor":8.0,"key":"SMITH"},{"data":"Consume","floor":15.0,"key":"SMITH"},{"data":"Fission","floor":23.0,"key":"SMITH"},{"data":"Defragment","floor":25.0,"key":"SMITH"},{"data":"Capacitor","floor":29.0,"key":"SMITH"},{"floor":32.0,"key":"RECALL"},{"data":"Coolheaded","floor":40.0,"key":"SMITH"},{"data":"Loop","floor":44.0,"key":"SMITH"},{"data":"Capacitor","floor":49.0,"key":"SMITH"},{"data":"Capacitor","floor":52.0,"key":"SMITH"}],"circlet_count":0,"master_deck":["Strike_B","Defend_B","Defend_B","Defend_B","Zap+1","Dualcast","Cold Snap","Ball Lightning","Coolheaded+1","Chill+1","Capacitor+1","Coolheaded","Capacitor+1","Consume+1","Defragment+1","Cold Snap","Fission+1","Glacier","Loop+1","Conserve Battery","Core Surge","Coolheaded+1","Capacitor+1"],"relics":["Cracked Core","Ice Cream","InkBottle","Eternal Feather","SlaversCollar","Nunchaku","Incense Burner","Thread and Needle","Du-Vu Doll","Cursed Key","Molten Egg 2","Prayer Wheel","Orichalcum"],"acts_visited":["Exordium","TheCity","TheBeyond","TheEnding"],"potions_floor_usage":[55,55],"damage_taken":[{"damage":1.0,"enemies":"Cultist","floor":1.0,"turns":3.0},{"damage":5.0,"enemies":"Small Slimes","floor":2.0,"turns":3.0},{"damage":1.0,"enemies":"Jaw Worm","floor":3.0,"turns":3.0},{"damage":2.0,"enemies":"Exordium Thugs","floor":5.0,"turns":5.0},{"damage":12.0,"enemies":"3 Sentries","floor":7.0,"turns":7.0},{"damage":0.0,"enemies":"3 Louse","floor":10.0,"turns":2.0},{"damage":8.0,"enemies":"Gremlin Nob","floor":11.0,"turns":4.0},{"damage":4.0,"enemies":"Red Slaver","floor":12.0,"turns":4.0},{"damage":1.0,"enemies":"2 Fungi Beasts","floor":14.0,"turns":15.0},{"damage":9.0,"enemies":"Hexaghost","floor":16.0,"turns":9.0},{"damage":13.0,"enemies":"2 Thieves","floor":18.0,"turns":4.0},{"damage":5.0,"enemies":"Spheric Guardian","floor":20.0,"turns":6.0},{"damage":6.0,"enemies":"Centurion and Healer","floor":21.0,"turns":7.0},{"damage":0.0,"enemies":"3 Cultists","floor":22.0,"turns":8.0},{"damage":0.0,"enemies":"Book of Stabbing","floor":24.0,"turns":7.0},{"damage":5.0,"enemies":"Shelled Parasite and Fungi","floor":27.0,"turns":23.0},{"damage":0.0,"enemies":"Slavers","floor":30.0,"turns":6.0},{"damage":0.0,"enemies":"Sentry and Sphere","floor":31.0,"turns":6.0},{"damage":0.0,"enemies":"Automaton","floor":33.0,"turns":15.0},{"damage":0.0,"enemies":"Orb Walker","floor":35.0,"turns":6.0},{"damage":6.0,"enemies":"3 Shapes","floor":37.0,"turns":6.0},{"damage":10.0,"enemies":"Jaw Worm Horde","floor":39.0,"turns":6.0},{"damage":25.0,"enemies":"Reptomancer","floor":41.0,"turns":7.0},{"damage":0.0,"enemies":"Transient","floor":42.0,"turns":5.0},{"damage":0.0,"enemies":"Writhing Mass","floor":46.0,"turns":6.0},{"damage":15.0,"enemies":"Mind Bloom Boss Battle","floor":47.0,"turns":6.0},{"damage":10.0,"enemies":"Time Eater","floor":50.0,"turns":13.0},{"damage":5.0,"enemies":"Shield and Spear","floor":54.0,"turns":10.0},{"damage":40,"enemies":"The Heart","floor":55,"turns":12}],"seed_played":"-6031818059853455686","potions_obtained":[{"floor":5.0,"key":"GamblersBrew"},{"floor":11.0,"key":"Weak Potion"},{"floor":14.0,"key":"SkillPotion"},{"floor":16.0,"key":"SpeedPotion"},{"floor":21.0,"key":"Energy Potion"},{"floor":24.0,"key":"Energy Potion"},{"floor":28.0,"key":"Strength Potion"},{"floor":41.0,"key":"SkillPotion"},{"floor":47.0,"key":"FocusPotion"}],"is_trial":false,"path_per_floor":["M","M","M","?","M","R","E","R","T","M","E","M","$","M","R","B",null,"M","?","M","M","M","R","E","R","T","M","?","R","E","M","R","B",null,"M","?","M","$","M","R","E","M","T","R","?","M","?","$","R","B",null,"R","$","E","B",null],"character_chosen":"DEFECT","items_purchased":["Consume","Defragment","Capacitor"],"campfire_rested":0,"item_purchase_floors":[13,13,38],"current_hp_per_floor":[74,69,68,68,66,66,54,54,54,54,46,42,42,41,50,41,75,62,62,57,51,51,63,63,75,75,70,70,75,75,75,75,75,75,75,71,65,65,55,67,42,42,42,57,57,57,42,42,54,44,71,71,71,66,26],"gold":140,"neow_bonus":"THREE_CARDS","is_daily":false,"chose_seed":false,"campfire_upgraded":10,"win_rate":0.0,"timestamp":1609760250,"path_taken":["M","M","M","?","M","R","E","R","T","?","E","M","$","M","R","BOSS","M","?","M","M","M","R","E","R","T","M","?","R","E","M","R","BOSS","M","?","M","$","M","R","E","?","T","R","?","M","?","?","R","BOSS","R","$","E","BOSS"],"items_purchased_type":["Card","Card","Card"],"build_version":"2020-12-22","purchased_purges":4,"victory":true,"max_hp_per_floor":[75,75,75,75,75,75,75,75,75,75,75,75,75,75,75,75,75,75,75,75,75,75,75,75,75,75,75,75,75,75,75,75,75,75,75,71,71,71,71,71,71,71,71,71,71,71,71,71,71,71,71,71,71,71,71],"card_choices":[{"not_picked":["Sweeping Beam","FTL"],"picked":"Cold Snap","floor":0.0},{"not_picked":["Sweeping Beam","Steam","Leap"],"picked":"SKIP","floor":1.0},{"not_picked":["Steam Power","Rebound"],"picked":"Ball Lightning","floor":2.0},{"not_picked":["Conserve Battery","Doom and Gloom"],"picked":"Coolheaded","floor":3.0},{"not_picked":["Heatsinks","Darkness"],"picked":"Capacitor","floor":5.0},{"not_picked":["Sweeping Beam","Hyperbeam","Compile Driver"],"picked":"SKIP","floor":7.0},{"not_picked":["Sunder","Steam"],"picked":"Coolheaded","floor":10.0},{"not_picked":["Beam Cell","Hologram","Rebound"],"picked":"SKIP","floor":11.0},{"not_picked":["Gash","Aggregate"],"picked":"Capacitor","floor":12.0},{"not_picked":["Sunder","Hologram"],"picked":"Cold Snap","floor":14.0},{"not_picked":["Amplify","Biased Cognition"],"picked":"Fission","floor":16.0},{"not_picked":["Loop+1","Leap+1"],"picked":"Glacier","floor":18.0},{"not_picked":["Storm+1","Beam Cell"],"picked":"Loop","floor":20.0},{"not_picked":["Leap","Streamline","Storm+1"],"picked":"SKIP","floor":21.0},{"not_picked":["Turbo","Leap"],"picked":"Conserve Battery","floor":22.0},{"not_picked":["Cold Snap","Compile Driver+1","Force Field"],"picked":"SKIP","floor":24.0},{"not_picked":["Ball Lightning+1","Gash","Thunder Strike"],"picked":"SKIP","floor":27.0},{"not_picked":["Stack","Fusion","Gash"],"picked":"SKIP","floor":30.0},{"not_picked":["Turbo+1","Go for the Eyes","Reinforced Body+1"],"picked":"SKIP","floor":31.0},{"not_picked":["Machine Learning","Amplify"],"picked":"Core Surge","floor":33.0},{"not_picked":["Loop","Steam Power+1","Go for the Eyes+1"],"picked":"SKIP","floor":35.0},{"not_picked":["Beam Cell","Cold Snap+1"],"picked":"Coolheaded+1","floor":37.0},{"not_picked":["Consume","Rip and Tear","Steam"],"picked":"SKIP","floor":39.0},{"not_picked":["Sweeping Beam+1","Conserve Battery","Tempest+1"],"picked":"SKIP","floor":41.0},{"not_picked":["Conserve Battery","Thunder Strike+1","Gash+1"],"picked":"SKIP","floor":42.0},{"not_picked":["Capacitor+1","Cold Snap+1","Double Energy"],"picked":"SKIP","floor":46.0},{"not_picked":["FTL+1","Steam+1","Heatsinks"],"picked":"SKIP","floor":54.0}],"player_experience":785469,"relics_obtained":[{"floor":7.0,"key":"Ice Cream"},{"floor":9.0,"key":"InkBottle"},{"floor":11.0,"key":"Eternal Feather"},{"floor":24.0,"key":"Incense Burner"},{"floor":26.0,"key":"Thread and Needle"},{"floor":30.0,"key":"Du-Vu Doll"},{"floor":41.0,"key":"Molten Egg 2"},{"floor":47.0,"key":"Prayer Wheel"},{"floor":54.0,"key":"Orichalcum"}],"event_choices":[{"damage_healed":0.0,"max_hp_gain":0.0,"max_hp_loss":0.0,"gold_gain":0.0,"cards_transformed":["Strike_B"],"event_name":"Transmorgrifier","player_choice":"Transformed","floor":4.0,"gold_loss":0.0,"damage_taken":0.0,"cards_obtained":["Chill"]},{"damage_healed":0.0,"max_hp_gain":0.0,"max_hp_loss":0.0,"gold_gain":0.0,"event_name":"The Mausoleum","player_choice":"Opened","floor":19.0,"gold_loss":0.0,"damage_taken":0.0,"relics_obtained":["Nunchaku"]},{"damage_healed":0.0,"max_hp_gain":0.0,"max_hp_loss":0.0,"gold_gain":0.0,"event_name":"The Woman in Blue","player_choice":"Bought 1 Potion","floor":28.0,"gold_loss":0.0,"damage_taken":0.0},{"damage_healed":0.0,"max_hp_gain":0.0,"max_hp_loss":4.0,"gold_gain":0.0,"event_name":"Winding Halls","player_choice":"Max HP","floor":36.0,"gold_loss":0.0,"damage_taken":0.0},{"damage_healed":0.0,"max_hp_gain":0.0,"max_hp_loss":0.0,"gold_gain":0.0,"event_name":"Tomb of Lord Red Mask","player_choice":"Ignored","floor":45.0,"gold_loss":0.0,"damage_taken":0.0},{"damage_healed":0.0,"max_hp_gain":0.0,"max_hp_loss":0.0,"gold_gain":0.0,"event_name":"MindBloom","player_choice":"Fight","floor":47.0,"gold_loss":0.0,"damage_taken":0.0}],"is_beta":false,"boss_relics":[{"not_picked":["Runic Pyramid","Ectoplasm"],"picked":"SlaversCollar"},{"not_picked":["Calling Bell","Runic Dome"],"picked":"Cursed Key"}],"items_purged_floors":[13,38,48,53],"is_endless":false,"potions_floor_spawned":[5,11,14,16,21,24,30,31,37,39,41,47],"ascension_level":0}}