{"host":"igj4vwc42ivwqexo","time":1609784087,"event":{"mods":["BaseMod","Better Third Choice","Koishi","Marisa????????","Minty Spire (QoL Compilation)","Shop Mod","StSLib","The Blue Laboratory","The Disciple","The Hierophant","The Servant 0.9.4"],"gold_per_floor":[114,134,134,146,164,164,196,196,243,258,286,301,318,26,26,125,125,145,163,262,262,272,272,272,272,272,15,30,30,130,148,148,247,247,261,261,261,277,294,294,306,333,404,404,437,437,56,56,56,56],"floor_reached":51,"playtime":8642,"items_purged":["Koishi:BasicStrike","Decay"],"score":869,"play_id":"d9a88e8c-95bc-48c2-b652-3c811870859a","local_time":"20210104191447","is_ascension_mode":true,"campfire_choices":[{"data":"Koishi:JumpScare","floor":6,"key":"SMITH"},{"data":"Koishi:Possession","floor":8,"key":"SMITH"},{"data":"Koishi:PerfectMindControl","floor":15,"key":"SMITH"},{"data":"Koishi:TerrifyingSpectre","floor":23,"key":"SMITH"},{"data":"Koishi:ImGoingToCallYouNow","floor":25,"key":"SMITH"},{"data":"Koishi:Catatonia","floor":29,"key":"SMITH"},{"data":"Koishi:PredatoryInstincts","floor":32,"key":"SMITH"},{"data":"Koishi:GeneticsOfTheUnconscious","floor":40,"key":"SMITH"},{"data":"Koishi:VengefulSpirit","floor":44,"key":"SMITH"},{"data":"Koishi:Untouchable","floor":49,"key":"SMITH"}],"circlet_count":0,"master_deck":["Koishi:BasicStrike","Koishi:BasicStrike","Koishi:BasicStrike","Koishi:BasicDefend","Koishi:BasicDefend","Koishi:BasicDefend","Koishi:Provoke","Koishi:HauntingSlash","Koishi:MindNumbingTerror","Koishi:Possession+1","Koishi:DNAsFlaw","Koishi:DreadfulBlow","Koishi:Provoke","Koishi:JumpScare+1","Koishi:YoukaiPolygraph","Koishi:SpiritedAway","Koishi:SpiritedAway","Koishi:TerrifyingSpectre+1","Koishi:ParalyzingFear","Koishi:DreadfulBlow","Koishi:PerfectMindControl+1","Koishi:GeneticsOfTheUnconscious+1","Koishi:ImGoingToCallYouNow+1","Koishi:PredatoryInstincts+1","Koishi:EmbryosDream+1","Koishi:Catatonia+1","Koishi:GhostParty+1","Koishi:ReflexRadar+1","Koishi:UnseenTerror+1","Koishi:GrowingPain+1","Koishi:RacingHeart+1","Koishi:VengefulSpirit+1","Koishi:GhostParty+1","Koishi:Whimsy+1","Koishi:SprinkleStarAndHeart+1","Koishi:ConfinedInnocent","Koishi:Untouchable+1"],"relics":["Koishi:ImaginaryFriend","Koishi:LettersToReimu","Strawberry","Bronze Scales","Koishi:ColorfulDays","Pantograph","Molten Egg 2","Toxic Egg 2","Du-Vu Doll","Black Star","Juzu Bracelet","Dream Catcher","Mercury Hourglass","Ancient Tea Set","StrikeDummy","Mummified Hand"],"acts_visited":["Exordium","TheCity","TheBeyond"],"potions_floor_usage":[12,30,30,33,33,35,39,50],"damage_taken":[{"damage":0,"enemies":"Small Slimes","floor":1,"turns":4},{"damage":1,"enemies":"Cultist","floor":2,"turns":4},{"damage":2,"enemies":"2 Louse","floor":4,"turns":3},{"damage":0,"enemies":"Large Slime","floor":5,"turns":10},{"damage":6,"enemies":"Lagavulin","floor":7,"turns":8},{"damage":3,"enemies":"2 Fungi Beasts","floor":10,"turns":4},{"damage":11,"enemies":"3 Sentries","floor":11,"turns":11},{"damage":7,"enemies":"Blue Slaver","floor":12,"turns":3},{"damage":7,"enemies":"Red Slaver","floor":13,"turns":2},{"damage":0,"enemies":"Slime Boss","floor":16,"turns":11},{"damage":16,"enemies":"2 Thieves","floor":18,"turns":3},{"damage":1,"enemies":"Chosen","floor":19,"turns":5},{"damage":0,"enemies":"Centurion and Healer","floor":22,"turns":5},{"damage":0,"enemies":"Snake Plant","floor":28,"turns":2},{"damage":17,"enemies":"Colosseum Slavers","floor":30,"turns":6},{"damage":2,"enemies":"Colosseum Nobs","floor":30,"turns":4},{"damage":0,"enemies":"Chosen and Byrds","floor":31,"turns":8},{"damage":23,"enemies":"Automaton","floor":33,"turns":10},{"damage":23,"enemies":"3 Darklings","floor":35,"turns":5},{"damage":23,"enemies":"3 Shapes","floor":38,"turns":5},{"damage":36,"enemies":"Writhing Mass","floor":39,"turns":6},{"damage":11,"enemies":"Spire Growth","floor":41,"turns":6},{"damage":0,"enemies":"Reptomancer","floor":42,"turns":5},{"damage":6,"enemies":"Giant Head","floor":45,"turns":10},{"damage":21,"enemies":"Donu and Deca","floor":50,"turns":9}],"seed_played":"-2805990591025045372","potions_obtained":[{"floor":1,"key":"blueLaboratory:NullPotion"},{"floor":7,"key":"Strength Potion"},{"floor":10,"key":"LiquidBronze"},{"floor":11,"key":"ColorlessPotion"},{"floor":13,"key":"Energy Potion"},{"floor":28,"key":"Fire Potion"},{"floor":30,"key":"Swift Potion"},{"floor":31,"key":"Swift Potion"},{"floor":35,"key":"blueLaboratory:StoneskinPotion"},{"floor":41,"key":"blueLaboratory:LouseDecoction"}],"is_trial":false,"path_per_floor":["M","M","?","M","M","R","E","R","T","M","E","M","M","$","R","B",null,"M","M","?","?","M","R","?","R","T","$","M","R","?","M","R","B",null,"M","?","?","M","M","R","M","E","T","R","E","?","$","?","R","B",null],"character_chosen":"KOISHI","items_purchased":["Koishi:PerfectMindControl","Koishi:GeneticsOfTheUnconscious","Molten Egg 2","Mummified Hand","Koishi:Untouchable"],"campfire_rested":0,"item_purchase_floors":[14,14,27,47,47],"current_hp_per_floor":[66,66,66,65,66,66,66,66,73,71,67,65,63,63,63,65,73,64,73,73,73,73,73,73,73,73,73,73,73,73,73,73,73,73,73,73,73,66,73,73,73,73,73,73,73,73,73,73,73,73],"gold":56,"neow_bonus":"TEN_PERCENT_HP_BONUS","is_daily":false,"chose_seed":false,"campfire_upgraded":10,"win_rate":0.0,"timestamp":1609784087,"path_taken":["M","M","?","M","M","R","E","R","T","?","E","M","M","?","R","BOSS","M","M","?","?","M","R","?","R","T","?","?","R","?","M","R","BOSS","M","?","?","M","M","R","?","E","T","R","E","?","$","?","R","BOSS"],"items_purchased_type":["Card","Card","Relic","Relic","Card"],"build_version":"2020-12-22","purchased_purges":2,"victory":true,"max_hp_per_floor":[66,66,66,66,66,66,66,66,73,73,73,73,73,73,73,73,73,73,73,73,73,73,73,73,73,73,73,73,73,73,73,73,73,73,73,73,73,73,73,73,73,73,73,73,73,73,73,73,73,73],"card_choices":[{"not_picked":["Koishi:IdleWhim","Koishi:StingingMind"],"picked":"Koishi:MindNumbingTerror","floor":1},{"not_picked":["Koishi:StingingMind","Koishi:DanmakuParanoia"],"picked":"Koishi:Possession","floor":2},{"not_picked":["Koishi:BramblyRoseGarden","Koishi:CatchAndRose"],"picked":"Koishi:JumpScare","floor":4},{"not_picked":["Koishi:PhantomStrike","Koishi:ParalyzingFear"],"picked":"Koishi:YoukaiPolygraph","floor":5},{"not_picked":["Koishi:SubterraneanRose","Koishi:PhantomBarrier"],"picked":"Koishi:SpiritedAway","floor":7},{"not_picked":["Koishi:Jaunt","Koishi:StingingMind"],"picked":"Koishi:SpiritedAway","floor":10},{"not_picked":["Koishi:FourthEye","Koishi:SprinkleStarAndHeart"],"picked":"Koishi:TerrifyingSpectre","floor":11},{"not_picked":["Koishi:PhantomBarrier","Koishi:Jaunt"],"picked":"Koishi:ParalyzingFear","floor":12},{"not_picked":["Koishi:CatchAndRose","Koishi:HeartfeltFancy"],"picked":"Koishi:DreadfulBlow","floor":13},{"not_picked":["Koishi:HeartStoppingHorror","Koishi:FadingMemory"],"picked":"Koishi:ImGoingToCallYouNow","floor":16},{"not_picked":["Koishi:Jaunt","Koishi:Prune"],"picked":"Koishi:PredatoryInstincts","floor":18},{"not_picked":["Koishi:Vanish","Koishi:Possession"],"picked":"Koishi:EmbryosDream+1","floor":19},{"not_picked":["Koishi:JumpScare","Koishi:SubconsciousSweep","Koishi:FourthEye"],"picked":"SKIP","floor":22},{"not_picked":["Koishi:StrangeCloudFist+1","Koishi:HeartfeltFancy"],"picked":"Koishi:GhostParty+1","floor":28},{"not_picked":["Koishi:FourthEye+1","Koishi:UnconsciousUprising+1"],"picked":"Koishi:ReflexRadar+1","floor":30},{"not_picked":["Koishi:UnansweredLove+1","Koishi:BramblyRoseGarden"],"picked":"Koishi:UnseenTerror+1","floor":31},{"not_picked":["Koishi:RollingInRichesHeart+1","Koishi:Heartbroken"],"picked":"Koishi:GrowingPain+1","floor":33},{"not_picked":["Koishi:BloodcurdlingScream+1","Koishi:UnconsciousUprising+1"],"picked":"Koishi:RacingHeart+1","floor":35},{"not_picked":["Koishi:StrangeCloudFist+1","Koishi:IdleWhim+1"],"picked":"Koishi:GhostParty+1","floor":38},{"not_picked":["Koishi:DreadfulBlow+1","Koishi:ParalyzingFear+1"],"picked":"Koishi:Whimsy+1","floor":39},{"not_picked":["Koishi:DNAsFlaw+1","Koishi:EmbryosDream+1","Koishi:UnansweredLove+1"],"picked":"SKIP","floor":41},{"not_picked":["Koishi:SubconsciousSweep+1","Koishi:HeartfeltFancy+1"],"picked":"Koishi:SprinkleStarAndHeart+1","floor":42},{"not_picked":["Koishi:PhantomBarrier+1","Koishi:ReflexRadar+1"],"picked":"Koishi:ConfinedInnocent","floor":45}],"player_experience":327174,"relics_obtained":[{"floor":7,"key":"Koishi:LettersToReimu"},{"floor":9,"key":"Strawberry"},{"floor":11,"key":"Bronze Scales"},{"floor":26,"key":"Pantograph"},{"floor":30,"key":"Toxic Egg 2"},{"floor":30,"key":"Du-Vu Doll"},{"floor":42,"key":"Juzu Bracelet"},{"floor":42,"key":"Dream Catcher"},{"floor":43,"key":"Mercury Hourglass"},{"floor":45,"key":"Ancient Tea Set"},{"floor":45,"key":"StrikeDummy"}],"event_choices":[{"damage_healed":0,"gold_gain":0,"player_choice":"3 cards matched","damage_taken":0,"max_hp_gain":0,"max_hp_loss":0,"event_name":"Match and Keep!","floor":3,"gold_loss":0,"cards_obtained":["Koishi:DNAsFlaw","Koishi:DreadfulBlow","Koishi:Provoke"]},{"damage_healed":0,"gold_gain":99,"player_choice":"Steal","damage_taken":0,"max_hp_gain":0,"max_hp_loss":0,"event_name":"betterThird:BetterNest","floor":20,"gold_loss":0},{"damage_healed":0,"gold_gain":0,"player_choice":"Read","damage_taken":0,"max_hp_gain":0,"max_hp_loss":0,"event_name":"The Library","floor":21,"gold_loss":0,"cards_obtained":["Koishi:Catatonia"]},{"damage_healed":0,"gold_gain":0,"player_choice":"Ignored","damage_taken":0,"max_hp_gain":0,"max_hp_loss":0,"event_name":"Vampires","floor":24,"gold_loss":0},{"damage_healed":0,"gold_gain":0,"player_choice":"Fight","damage_taken":0,"max_hp_gain":0,"max_hp_loss":0,"event_name":"Colosseum","floor":30,"gold_loss":0},{"damage_healed":0,"gold_gain":0,"player_choice":"Fought Nobs","damage_taken":0,"max_hp_gain":0,"max_hp_loss":0,"event_name":"Colosseum","floor":30,"gold_loss":0},{"damage_healed":0,"gold_gain":0,"player_choice":"Ignored","damage_taken":0,"max_hp_gain":0,"max_hp_loss":0,"event_name":"Tomb of Lord Red Mask","floor":36,"gold_loss":0},{"damage_healed":0,"gold_gain":0,"player_choice":"1 cards matched","damage_taken":0,"max_hp_gain":0,"max_hp_loss":0,"event_name":"Match and Keep!","floor":37,"gold_loss":0,"cards_obtained":["Koishi:VengefulSpirit"]},{"damage_healed":0,"gold_gain":0,"player_choice":"Cursed","damage_taken":0,"max_hp_gain":0,"max_hp_loss":0,"event_name":"Wheel of Change","floor":46,"gold_loss":0,"cards_obtained":["Decay"]},{"cards_removed":["Koishi:BasicDefend"],"damage_healed":0,"gold_gain":0,"player_choice":"Removed Skill","damage_taken":0,"max_hp_gain":0,"max_hp_loss":0,"event_name":"Falling","floor":48,"gold_loss":0}],"is_beta":false,"boss_relics":[{"not_picked":["Runic Pyramid","SacredBark"],"picked":"Koishi:ColorfulDays"},{"not_picked":["Calling Bell","Sozu"],"picked":"Black Star"}],"items_purged_floors":[14,47],"is_endless":false,"potions_floor_spawned":[1,7,10,11,13,28,30,31,35,41],"ascension_level":2}}