{"host":"weghyrtrhzwgovqi","time":1609735730,"event":{"mods":["Act Like it!","BaseMod","Defuse TimeMaze Blight","Dota2Spire","Gensokyo","Minty Spire (QoL Compilation)","Remilia£¨ÀÙÃ×ÀòÑÇ£©","RumiaBox-Â¶Ã×æ«µÄÉñÃØºÐ×Ó","StSLib","Uncapped","UnlockEverythingMod","Youmu£¨»êÆÇÑýÃÎ£©","[IsaacMod]ÒÔÈö¼âËþ","noobMod"],"gold_per_floor":[119,119,119],"floor_reached":2,"playtime":71,"items_purged":[],"score":112,"play_id":"8e015b0c-ae8e-408b-ac6a-977c781435c7","local_time":"20210104124850","daily_mods":["Shiny","Vintage","Diverse","Heirloom","Time Dilation","Flight","Lethality"],"is_ascension_mode":false,"campfire_choices":[],"circlet_count":0,"master_deck":["ScarletCoffin","DemonKingCradle","TricksterDevil","BloodRain","ForecastOfChange","CurseOfVladTepes","TransientEternity","EquivalentExchange","ScarletMeister","QueenOfMidnight","KillingBlow","BloodyHallows","BatForm","BloodyCatastrophe","CeilingFear","ChaoticDestiny","BloodySeventeenLaser","HellCatastrophe","HeartBreak","FastingOfTheYoungPreta","MatsuyoiReflectingSatelliteSlash","GreatEnlightenmentAppearingAndDisappearing","IrresoluteSoul","HeavenGodSword","DeadlyForm","ReincarnationSword","SlashOfTheEternalFuture","WickedSoul","HellRealmSword","AsuraSword","CelestialStarSword","StrangeHalfBody","SuddenDivineSeveringOfKarmicWind","CherryBlossomSword","HeavenSword","VoidnessSword","SlashOfSaigyouSpringWind","ASingleThoughtAndInfiniteKalpas","Brilliance","Devotion","LessonLearned","Vault","Alpha","Establishment","DeusExMachina","Judgement","ConjureBlade","MasterReality","Blasphemy","Ragnarok","Scrawl","Wish","Omniscience","SpiritShield","DevaForm","Hyperbeam","Machine Learning","Buffer","Seek","Echo Form","All For One","Reboot","Fission","Core Surge","Multi-Cast","Thunder Strike","Biased Cognition","ElectricPowerLearning","Electrodynamics","Rainbow","Meteor Strike","Amplify","Creative AI","Corpse Explosion","Die Die Die","Adrenaline","Envenom","Doppelganger","Burst","Wraith Form v2","Tools of the Trade","After Image","A Thousand Cuts","Venomology","Malaise","Phantasmal Killer","Night Terror","Unload","Bullet Time","Storm of Steel","Glass Knife","Grand Finale","Double Tap","Demon Form","Fiend Fire","Berserk","Impervious","Juggernaut","Brutality","Exhume","Offering","Bludgeon","Feed","Limit Break","Corruption","Barricade","Reaper","Immolate"],"relics":["Unceasing Top","HushsDoor","ice","BFFS","Damocles","Calipers","Lantern"],"acts_visited":["Exordium"],"potions_floor_usage":[],"damage_taken":[{"damage":0,"enemies":"Gensokyo:2_Kodama","floor":1,"turns":1},{"damage":7,"enemies":"Gensokyo:Cirno","floor":2,"turns":2}],"seed_played":"7189347476182435026","potions_obtained":[],"is_trial":true,"path_per_floor":["M","?"],"character_chosen":"YOUMU","items_purchased":[],"campfire_rested":0,"item_purchase_floors":[],"current_hp_per_floor":[75,0,0],"gold":119,"neow_bonus":"","is_daily":false,"chose_seed":false,"campfire_upgraded":0,"win_rate":0.0,"timestamp":1609735730,"path_taken":["M","?"],"items_purchased_type":[],"build_version":"2020-12-22","purchased_purges":0,"victory":false,"max_hp_per_floor":[75,75,75],"card_choices":[],"player_experience":286425,"relics_obtained":[{"floor":1,"key":"Calipers"},{"floor":1,"key":"Lantern"}],"event_choices":[],"is_beta":false,"boss_relics":[],"items_purged_floors":[],"is_endless":true,"potions_floor_spawned":[],"killed_by":"Gensokyo:Cirno","ascension_level":0}}