{"host":"3d8t1b2vmfpvguqe","time":1609792302,"event":{"mods":["AchievementEnabler","BaseMod","Block Reminder","Minty Spire (QoL Compilation)","StSLib"],"gold_per_floor":[119,131,144,164,19,19,50,68,68,68,88,104,131,143,143,248,248,268,193,205,205,205,205,205],"floor_reached":23,"playtime":1239,"items_purged":["Strike_G"],"score":255,"play_id":"f8982cad-24b6-4827-927b-e203f19dc89c","local_time":"20210104143142","is_ascension_mode":false,"campfire_choices":[{"data":"Blade Dance","floor":6,"key":"SMITH"},{"data":"Blade Dance","floor":10,"key":"SMITH"},{"floor":15,"key":"REST"}],"circlet_count":0,"master_deck":["Strike_G","Strike_G","Strike_G","Strike_G","Defend_G","Defend_G","Defend_G","Defend_G","Defend_G","Survivor","Neutralize","Dagger Throw","Choke","Blade Dance+1","Blade Dance+1","Crippling Poison","Blade Dance","Blade Dance","Backflip","Well Laid Plans","Envenom"],"relics":["Ring of the Serpent","NeowsBlessing","Pen Nib","Kunai","Ornamental Fan","White Beast Statue","Sundial"],"acts_visited":["Exordium","TheCity"],"potions_floor_usage":[13,16,23],"damage_taken":[{"damage":0,"enemies":"Cultist","floor":1,"turns":1},{"damage":0,"enemies":"Small Slimes","floor":2,"turns":1},{"damage":0,"enemies":"2 Louse","floor":3,"turns":1},{"damage":4,"enemies":"Looter","floor":4,"turns":3},{"damage":0,"enemies":"Gremlin Nob","floor":7,"turns":3},{"damage":3,"enemies":"Large Slime","floor":8,"turns":5},{"damage":1,"enemies":"Red Slaver","floor":11,"turns":2},{"damage":0,"enemies":"Gremlin Gang","floor":12,"turns":4},{"damage":13,"enemies":"Lagavulin","floor":13,"turns":5},{"damage":0,"enemies":"Large Slime","floor":14,"turns":4},{"damage":21,"enemies":"Hexaghost","floor":16,"turns":10},{"damage":18,"enemies":"2 Thieves","floor":18,"turns":4},{"damage":0,"enemies":"Chosen","floor":20,"turns":4},{"damage":55,"enemies":"Gremlin Leader","floor":23,"turns":4}],"seed_played":"-6688840851031900101","potions_obtained":[{"floor":2,"key":"Weak Potion"},{"floor":7,"key":"SteroidPotion"},{"floor":8,"key":"Swift Potion"},{"floor":14,"key":"SpeedPotion"},{"floor":16,"key":"BlessingOfTheForge"}],"is_trial":false,"path_per_floor":["M","M","M","M","$","R","E","M","T","R","M","M","E","M","R","B",null,"M","$","M","?","?","E"],"character_chosen":"THE_SILENT","items_purchased":["Pen Nib"],"campfire_rested":1,"item_purchase_floors":[5],"current_hp_per_floor":[70,70,70,66,66,66,66,63,63,63,62,62,49,49,70,49,70,52,52,52,52,52,0,0],"gold":205,"neow_bonus":"THREE_ENEMY_KILL","is_daily":false,"chose_seed":false,"campfire_upgraded":2,"win_rate":0.0,"timestamp":1609792302,"path_taken":["M","M","?","M","$","R","E","M","T","R","M","M","E","M","R","BOSS","M","$","M","?","?","E"],"items_purchased_type":["Relic"],"build_version":"2020-12-22","purchased_purges":1,"victory":false,"max_hp_per_floor":[70,70,70,70,70,70,70,70,70,70,70,70,70,70,70,70,70,70,70,70,70,70,70,70],"card_choices":[{"not_picked":["Predator","Outmaneuver"],"picked":"Dagger Throw","floor":1},{"not_picked":["Calculated Gamble","Sucker Punch"],"picked":"Choke","floor":2},{"not_picked":["Dagger Spray","Eviscerate"],"picked":"Blade Dance","floor":3},{"not_picked":["Poisoned Stab","Outmaneuver"],"picked":"Blade Dance","floor":4},{"not_picked":["Burst","Blur"],"picked":"Crippling Poison","floor":7},{"not_picked":["PiercingWail","Distraction"],"picked":"Blade Dance","floor":8},{"not_picked":["Outmaneuver","Deadly Poison"],"picked":"Blade Dance","floor":11},{"not_picked":["Dagger Throw","Calculated Gamble","Tactician"],"picked":"SKIP","floor":12},{"not_picked":["Wraith Form v2","Prepared"],"picked":"Backflip","floor":13},{"not_picked":["Crippling Poison","Backflip"],"picked":"Well Laid Plans","floor":14},{"not_picked":["Glass Knife","Burst"],"picked":"Envenom","floor":16},{"not_picked":["Deadly Poison","Poisoned Stab+1","Sucker Punch"],"picked":"SKIP","floor":18},{"not_picked":["Quick Slash+1","Dagger Spray","Backflip"],"picked":"SKIP","floor":20}],"player_experience":4112,"relics_obtained":[{"floor":7,"key":"Kunai"},{"floor":9,"key":"Ornamental Fan"},{"floor":13,"key":"White Beast Statue"}],"event_choices":[{"damage_healed":0,"gold_gain":0,"player_choice":"Opened","damage_taken":0,"relics_obtained":["Sundial"],"max_hp_gain":0,"max_hp_loss":0,"event_name":"The Mausoleum","floor":21,"gold_loss":0},{"damage_healed":0,"gold_gain":0,"player_choice":"Ignored","damage_taken":0,"max_hp_gain":0,"max_hp_loss":0,"event_name":"Ghosts","floor":22,"gold_loss":0}],"is_beta":false,"boss_relics":[{"not_picked":["HoveringKite","Cursed Key"],"picked":"Ring of the Serpent"}],"items_purged_floors":[19],"is_endless":false,"potions_floor_spawned":[2,7,8,11,14,16,18,20],"killed_by":"Gremlin Leader","ascension_level":0}}