{"host":"12lnwhc48gjtaggg","time":1609779971,"event":{"mods":["Aspiration","BaseMod","BetterRewards","Energized Spire","Gold Saver","GungeonMod","Infinite Spire","Minty Spire (QoL Compilation)","Remove Card Discount Mod","Shop Mod","StSLib","Trackpad","[IsaacMod]????"],"gold_per_floor":[876,888,684,695,713,713,739,739,739,739,762,797,811,827,827,929,929,947,679,693,713,731,731,761,772,798,817,817,817,916,936,936,1036,1036,1050,1066,1066,1077,998,1030,1030,1080,1080,1080,1113,1113,1113,1125,1125,1125,1125,1125,1142,1174,1174],"floor_reached":56,"playtime":5021,"items_purged":["Strike_R","Strike_R","Defend_R","Strike_R","Strike_R","Defend_R","Rage","Inflame","Strike_R","DemoMod:WhiteBlade","DemoMod:BlackBlade"],"score":1522,"play_id":"b1220517-3bdf-4cf3-b229-381d691f666d","local_time":"20210104170611","is_ascension_mode":true,"campfire_choices":[{"data":"Second Wind","floor":6,"key":"SMITH"},{"data":"Feel No Pain","floor":8,"key":"SMITH"},{"data":"Bash","floor":15,"key":"SMITH"},{"data":"True Grit","floor":23,"key":"SMITH"},{"data":"Demon Form","floor":32,"key":"SMITH"},{"data":"Limit Break","floor":41,"key":"SMITH"},{"floor":46,"key":"RECALL"},{"data":"Metallicize","floor":49,"key":"SMITH"},{"data":"Sentinel","floor":52,"key":"SMITH"}],"circlet_count":0,"master_deck":["Defend_R","Defend_R","Bash+1","True Grit+1","Second Wind+1","Clash","Sentinel+1","Feel No Pain+1","True Grit+1","Thunderclap","Demon Form+1","Pommel Strike","Headbutt+1","Shockwave+1","Limit Break+1","Shrug It Off+1","Demon Form+1","Immolate","Feed","Metallicize+1","Apotheosis","Shrug It Off","Double Tap"],"relics":["Burning Blood","HushsDoor","SteamSale","DemoMod:Dog","StoneCalendar","MerchantsRug","DemoMod:RingOfEthereal","Lantern","DemoMod:SerJunkan","DemoMod:Junk","BookofShadows","SacredBark","aspiration:HatOfInfinitePower","Chemical X","trackpad:BottledShadow","NineVolt","MagicMushroom","DollysMirror","Membership Card","infinitespire:Satchel","Bottled Lightning","Habit","Self Forming Clay","Bronze Scales","ClockworkSouvenir","Vajra","Kunai"],"acts_visited":["Exordium","TheCity","TheBeyond","TheEnding"],"potions_floor_usage":[7,12,14,14,24,54,55],"damage_taken":[{"damage":9,"enemies":"Cultist","floor":1,"turns":4},{"damage":2,"enemies":"Jaw Worm","floor":2,"turns":4},{"damage":0,"enemies":"Small Slimes","floor":4,"turns":3},{"damage":7,"enemies":"2 Fungi Beasts","floor":5,"turns":3},{"damage":16,"enemies":"Gremlin Nob","floor":7,"turns":4},{"damage":11,"enemies":"The Mushroom Lair","floor":11,"turns":5},{"damage":18,"enemies":"3 Sentries","floor":12,"turns":7},{"damage":0,"enemies":"Looter","floor":13,"turns":3},{"damage":4,"enemies":"Gremlin Gang","floor":14,"turns":7},{"damage":12,"enemies":"Slime Boss","floor":16,"turns":8},{"damage":1,"enemies":"Spheric Guardian","floor":18,"turns":6},{"damage":6,"enemies":"Shell Parasite","floor":20,"turns":5},{"damage":13,"enemies":"Snake Plant","floor":21,"turns":4},{"damage":16,"enemies":"Shelled Parasite and Fungi","floor":22,"turns":6},{"damage":34,"enemies":"Gremlin Leader","floor":24,"turns":8},{"damage":0,"enemies":"Centurion and Healer","floor":25,"turns":5},{"damage":12,"enemies":"Snecko","floor":27,"turns":5},{"damage":17,"enemies":"Snake Plant","floor":31,"turns":4},{"damage":14,"enemies":"Automaton","floor":33,"turns":10},{"damage":13,"enemies":"3 Darklings","floor":35,"turns":6},{"damage":0,"enemies":"Orb Walker","floor":36,"turns":3},{"damage":12,"enemies":"Sphere and 2 Shapes","floor":38,"turns":5},{"damage":3,"enemies":"Giant Head","floor":40,"turns":6},{"damage":9,"enemies":"2 Orb Walkers","floor":42,"turns":4},{"damage":21,"enemies":"Nemesis","floor":45,"turns":5},{"damage":0,"enemies":"Writhing Mass","floor":48,"turns":2},{"damage":2,"enemies":"infinitespire:MassOfShapes","floor":50,"turns":4},{"damage":13,"enemies":"Shield and Spear","floor":54,"turns":2},{"damage":18,"enemies":"The Heart","floor":55,"turns":4}],"seed_played":"4570148099259167958","potions_obtained":[{"floor":1,"key":"AttackPotion"},{"floor":4,"key":"Swift Potion"},{"floor":5,"key":"SkillPotion"},{"floor":12,"key":"Fire Potion"},{"floor":20,"key":"Regen Potion"},{"floor":27,"key":"GamblersBrew"},{"floor":31,"key":"SteroidPotion"},{"floor":33,"key":"Energy Potion"},{"floor":35,"key":"Weak Potion"},{"floor":45,"key":"DemoMod:LeadSkinPotion"},{"floor":54,"key":"Ancient Potion"}],"is_trial":false,"path_per_floor":["M","M","$","M","M","R","E","R","T","?","?","E","M","M","R","B",null,"M","$","M","M","M","R","E","M","T","M","?","?","?","M","R","B",null,"M","M","AVR","M","$","E","R","?","T","?","E","R","$","M","R","B",null,"R","$","E","B",null],"character_chosen":"IRONCLAD","items_purchased":["aspiration:Nostalgia","True Grit","MerchantsRug","Lantern","DemoMod:SerJunkan","aspiration:HatOfInfinitePower","Chemical X","Inflame","Membership Card","infinitespire:Satchel","Bottled Lightning","DemoMod:WhiteBlade","Immolate","Habit","Self Forming Clay","Bronze Scales","Metallicize","ClockworkSouvenir","Vajra","Kunai","Apotheosis","SteroidPotion","Shrug It Off"],"campfire_rested":0,"item_purchase_floors":[0,0,0,3,3,19,19,19,39,39,39,39,39,47,47,47,47,53,53,53,53,53,53],"current_hp_per_floor":[53,57,57,63,62,62,52,52,52,52,47,35,41,43,43,37,80,80,80,80,73,63,63,62,68,68,62,62,62,62,51,51,43,87,80,87,87,81,81,85,85,83,83,83,69,69,69,76,76,81,87,87,87,80,69],"gold":1174,"neow_bonus":"","is_daily":false,"chose_seed":false,"campfire_upgraded":8,"win_rate":0.0,"timestamp":1609779971,"path_taken":["M","M","$","M","?","R","E","R","T","?","?","E","?","M","R","BOSS","M","$","M","M","M","R","E","M","T","M","?","?","?","M","R","BOSS","M","M","AVR","M","$","E","R","?","T","?","E","R","$","M","R","BOSS","R","$","E","BOSS"],"items_purchased_type":["Relic","Card","Relic","Relic","Relic","Relic","Relic","Card","Relic","Relic","Relic","Card","Card","Relic","Relic","Relic","Card","Relic","Relic","Relic","Card","Potion","Card"],"build_version":"2020-12-22","purchased_purges":11,"victory":true,"max_hp_per_floor":[80,80,80,80,80,80,80,80,80,80,80,80,80,80,80,80,80,80,80,80,80,80,80,80,80,80,80,80,80,80,80,80,80,87,87,87,87,87,87,87,87,87,87,87,87,87,87,87,87,87,87,87,87,87,87],"card_choices":[{"not_picked":["Havoc","Clash"],"picked":"Second Wind","floor":1},{"not_picked":["DemoMod:BlackBlade","Clash","Rage"],"picked":"SKIP","floor":2},{"not_picked":["Fire Breathing","Iron Wave"],"picked":"Clash","floor":4},{"not_picked":["Fire Breathing","Power Through"],"picked":"Sentinel","floor":5},{"not_picked":["True Grit","Battle Trance"],"picked":"Feel No Pain","floor":7},{"not_picked":["Anger","Heavy Blade","Flex"],"picked":"SKIP","floor":12},{"not_picked":["Burning Pact","Fire Breathing"],"picked":"True Grit","floor":13},{"not_picked":["Metallicize","Sword Boomerang"],"picked":"Thunderclap","floor":14},{"not_picked":["Fiend Fire","Exhume"],"picked":"Demon Form","floor":16},{"not_picked":["Cleave","Power Through"],"picked":"Pommel Strike","floor":18},{"not_picked":["Fire Breathing","Berserk","Entrench"],"picked":"SKIP","floor":20},{"not_picked":["Cleave","True Grit"],"picked":"Headbutt+1","floor":21},{"not_picked":["Clash","True Grit","Fire Breathing"],"picked":"SKIP","floor":22},{"not_picked":["Clothesline","Pummel","Warcry"],"picked":"SKIP","floor":24},{"not_picked":["Brutality","Havoc+1"],"picked":"Rage","floor":25},{"not_picked":["Headbutt","Entrench"],"picked":"Shockwave+1","floor":27},{"not_picked":["Anger+1","Warcry","Ghostly Armor"],"picked":"SKIP","floor":27},{"not_picked":["Clash","Second Wind","Rage"],"picked":"SKIP","floor":31},{"not_picked":["Corruption","Juggernaut"],"picked":"Limit Break","floor":33},{"not_picked":["Havoc+1","Fire Breathing+1"],"picked":"Shrug It Off+1","floor":35},{"not_picked":["True Grit","Clothesline","Armaments"],"picked":"SKIP","floor":36},{"not_picked":["Shrug It Off","Armaments+1","Wild Strike+1"],"picked":"SKIP","floor":36},{"not_picked":["Spot Weakness","Shrug It Off","Power Through+1"],"picked":"SKIP","floor":38},{"not_picked":["Pommel Strike+1","Bludgeon","Rupture"],"picked":"SKIP","floor":40},{"not_picked":["Havoc","Anger+1"],"picked":"Feed","floor":45},{"not_picked":["Wild Strike","Sever Soul","Clash"],"picked":"SKIP","floor":48},{"not_picked":["Perfected Strike+1","Warcry"],"picked":"Double Tap","floor":54}],"player_experience":375711,"relics_obtained":[{"floor":7,"key":"DemoMod:Junk"},{"floor":9,"key":"BookofShadows"},{"floor":11,"key":"DemoMod:Junk"},{"floor":12,"key":"DemoMod:Junk"},{"floor":24,"key":"trackpad:BottledShadow"},{"floor":26,"key":"NineVolt"},{"floor":40,"key":"DemoMod:Junk"},{"floor":42,"key":"DemoMod:Junk"},{"floor":42,"key":"DemoMod:Junk"},{"floor":45,"key":"DemoMod:Junk"},{"floor":54,"key":"DemoMod:Junk"}],"event_choices":[{"damage_healed":0,"gold_gain":0,"player_choice":"Grow","damage_taken":0,"max_hp_gain":0,"max_hp_loss":0,"event_name":"Living Wall","floor":10,"gold_loss":0,"cards_upgraded":["True Grit"]},{"damage_healed":0,"gold_gain":0,"player_choice":"Fought Mushrooms","damage_taken":0,"max_hp_gain":0,"max_hp_loss":0,"event_name":"Mushrooms","floor":11,"gold_loss":0},{"damage_healed":0,"gold_gain":0,"player_choice":"Ignored","damage_taken":0,"max_hp_gain":0,"max_hp_loss":0,"event_name":"Vampires","floor":29,"gold_loss":0},{"damage_healed":0,"gold_gain":99,"player_choice":"Stole From Cult","damage_taken":0,"max_hp_gain":0,"max_hp_loss":0,"event_name":"Nest","floor":30,"gold_loss":0},{"damage_healed":0,"gold_gain":0,"player_choice":"Fight","damage_taken":0,"max_hp_gain":0,"max_hp_loss":0,"event_name":"Mysterious Sphere","floor":42,"gold_loss":0},{"damage_healed":0,"gold_gain":0,"player_choice":"Memory 1","damage_taken":0,"max_hp_gain":0,"max_hp_loss":0,"event_name":"SensoryStone","floor":44,"gold_loss":0}],"is_beta":false,"boss_relics":[{"not_picked":["trackpad:StolenKidneys","Black Star"],"picked":"SacredBark"},{"not_picked":[]},{"not_picked":["energizedSpire:DeadBattery","infinitespire:Cupcake"],"picked":"MagicMushroom"},{"not_picked":[]}],"items_purged_floors":[39,39,39,39,39,39,39,39,39,47,47],"is_endless":false,"potions_floor_spawned":[1,4,5,12,20,27,31,33,35,45,54],"ascension_level":1}}