{"host":"ksmhkxap3eqvmwsu","time":1609719726,"event":{"mods":["AchievementEnabler","BaseMod","Infinite Spire","Minty Spire (QoL Compilation)","StSLib"],"gold_per_floor":[109,109,184,201,201,233,247,27,27,27,60,60,89,102,102,201,201,216,60,70,70,94,94,113,113,165,184,218,231,231,30,30,134,134,149,149,3,3,3,3,33,48,48,48,50,50,50,61,61,71],"floor_reached":51,"playtime":6047,"items_purged":["Prepared","Flechettes"],"score":947,"play_id":"693e4e8c-e016-4f76-aaaf-d4a8deda8821","local_time":"20210104022206","daily_mods":["SealedDeck"],"is_ascension_mode":true,"campfire_choices":[{"data":"Cloak And Dagger","floor":10,"key":"SMITH"},{"data":"Cloak And Dagger","floor":12,"key":"SMITH"},{"data":"Cloak And Dagger","floor":15,"key":"SMITH"},{"data":"Tools of the Trade","floor":23,"key":"SMITH"},{"data":"Concentrate","floor":25,"key":"SMITH"},{"data":"Distraction","floor":30,"key":"SMITH"},{"data":"Accuracy","floor":32,"key":"SMITH"},{"data":"Footwork","floor":40,"key":"SMITH"},{"data":"Terror","floor":44,"key":"SMITH"},{"data":"infinitespire:UltimateForm","floor":46,"key":"SMITH"},{"data":"Accuracy","floor":49,"key":"SMITH"}],"circlet_count":0,"master_deck":["Setup","Reflex+1","Tactician+1","Cloak And Dagger+1","Concentrate+1","Cloak And Dagger+1","Footwork+1","Blur","Cloak And Dagger+1","Footwork+1","Blur","Infinite Blades","Blur","Tools of the Trade+1","Accuracy+1","Distraction+1","Accuracy+1","Bullet Time","Corpse Explosion","Deep Breath","Terror+1","infinitespire:UltimateForm+1","Blade Dance+1"],"relics":["Ring of the Snake","infinitespire:Midas Blood","Nunchaku","Potion Belt","Vajra","Orichalcum","Runic Pyramid","Toy Ornithopter","Anchor","infinitespire:Cupcake","PreservedInsect","Question Card","infinitespire:Eraser"],"acts_visited":["Exordium","TheCity","TheBeyond"],"potions_floor_usage":[11,11,24,24,28,48,50,50],"damage_taken":[{"damage":0,"enemies":"Jaw Worm","floor":1,"turns":4},{"damage":0,"enemies":"Small Slimes","floor":4,"turns":2},{"damage":25,"enemies":"3 Sentries","floor":6,"turns":21},{"damage":0,"enemies":"Cultist","floor":7,"turns":5},{"damage":0,"enemies":"Gremlin Nob","floor":11,"turns":5},{"damage":0,"enemies":"3 Sentries","floor":13,"turns":8},{"damage":0,"enemies":"Red Slaver","floor":14,"turns":1},{"damage":0,"enemies":"The Guardian","floor":16,"turns":9},{"damage":0,"enemies":"Shell Parasite","floor":18,"turns":5},{"damage":0,"enemies":"3 Byrds","floor":20,"turns":4},{"damage":18,"enemies":"Snake Plant","floor":22,"turns":5},{"damage":0,"enemies":"Snecko","floor":24,"turns":3},{"damage":4,"enemies":"Centurion and Healer","floor":27,"turns":4},{"damage":1,"enemies":"Book of Stabbing","floor":28,"turns":4},{"damage":0,"enemies":"Cultist and Chosen","floor":29,"turns":4},{"damage":0,"enemies":"Champ","floor":33,"turns":7},{"damage":7,"enemies":"3 Shapes","floor":35,"turns":2},{"damage":0,"enemies":"Giant Head","floor":41,"turns":6},{"damage":0,"enemies":"3 Darklings","floor":42,"turns":3},{"damage":0,"enemies":"Transient","floor":48,"turns":5},{"damage":35,"enemies":"Donu and Deca","floor":50,"turns":4}],"seed_played":"-1997707233026797361","potions_obtained":[{"floor":6,"key":"DuplicationPotion"},{"floor":7,"key":"Weak Potion"},{"floor":11,"key":"Regen Potion"},{"floor":13,"key":"Strength Potion"},{"floor":16,"key":"SkillPotion"},{"floor":20,"key":"Swift Potion"},{"floor":24,"key":"LiquidMemories"},{"floor":27,"key":"Weak Potion"},{"floor":42,"key":"CunningPotion"}],"is_trial":true,"path_per_floor":["M","?","?","M","?","E","M","$","T","R","E","R","E","M","R","B",null,"M","$","M","?","M","R","M","R","T","M","E","M","R","$","R","B",null,"M","?","$","?","?","R","E","M","T","R","?","R","$","M","R","B",null],"character_chosen":"THE_SILENT","items_purchased":["Infinite Blades","Nunchaku","Accuracy","FairyPotion","PreservedInsect"],"campfire_rested":0,"item_purchase_floors":[8,8,19,31,37],"current_hp_per_floor":[70,56,45,45,45,20,20,20,20,20,20,20,20,20,20,20,70,70,70,70,70,52,52,52,52,52,48,52,52,52,52,52,52,70,63,63,63,63,63,63,63,63,63,63,46,46,46,51,51,35],"gold":71,"neow_bonus":"","is_daily":false,"chose_seed":false,"campfire_upgraded":11,"win_rate":0.0,"timestamp":1609719726,"path_taken":["M","?","?","M","?","E","?","?","T","R","E","R","E","M","R","BOSS","M","$","M","?","M","R","M","R","T","M","E","?","R","$","R","BOSS","M","?","$","?","?","R","E","?","T","R","?","R","?","M","R","BOSS"],"items_purchased_type":["Card","Relic","Card","Potion","Relic"],"build_version":"2020-12-22","purchased_purges":2,"victory":true,"max_hp_per_floor":[70,70,70,70,70,70,70,70,70,70,70,70,70,70,70,70,70,70,70,70,70,70,70,70,70,70,70,70,70,70,70,70,70,70,70,70,70,70,70,70,70,70,70,70,70,70,70,70,70,70],"card_choices":[{"not_picked":["Reflex","Dodge and Roll"],"picked":"Cloak And Dagger","floor":1},{"not_picked":["Sucker Punch","Dodge and Roll"],"picked":"Footwork","floor":4},{"not_picked":["Quick Slash","Setup"],"picked":"Blur","floor":6},{"not_picked":["Outmaneuver","Sucker Punch","Predator"],"picked":"SKIP","floor":7},{"not_picked":["Outmaneuver","Sucker Punch","Predator"],"picked":"SKIP","floor":7},{"not_picked":["All Out Attack","Deflect","Caltrops"],"picked":"SKIP","floor":11},{"not_picked":["Predator","Calculated Gamble"],"picked":"Flechettes","floor":13},{"not_picked":["Slice","Quick Slash"],"picked":"Blur","floor":14},{"not_picked":["Die Die Die","Malaise"],"picked":"Tools of the Trade","floor":16},{"not_picked":["Outmaneuver","Dagger Spray","Cloak And Dagger"],"picked":"SKIP","floor":18},{"not_picked":["Finisher","Infinite Blades+1"],"picked":"Distraction","floor":20},{"not_picked":["Outmaneuver","Escape Plan","Predator+1"],"picked":"SKIP","floor":22},{"not_picked":["Footwork","Dagger Spray+1"],"picked":"Accuracy","floor":24},{"not_picked":["Underhanded Strike","Deadly Poison+1","Heel Hook"],"picked":"SKIP","floor":27},{"not_picked":["Blade Dance","Backflip+1"],"picked":"Bullet Time","floor":28},{"not_picked":["Deadly Poison","Underhanded Strike","PiercingWail+1"],"picked":"SKIP","floor":29},{"not_picked":["Die Die Die","Malaise"],"picked":"Corpse Explosion","floor":33},{"not_picked":["Deflect+1","Escape Plan+1","Bane"],"picked":"SKIP","floor":35},{"not_picked":["Impatience","Dark Shackles"],"picked":"Deep Breath","floor":36},{"not_picked":["PiercingWail","Backflip+1"],"picked":"Terror","floor":41},{"not_picked":["Flying Knee","Dagger Spray","Deadly Poison","Prepared"],"picked":"SKIP","floor":42},{"not_picked":["infinitespire:Oblivion","infinitespire:NeuralNetwork"],"picked":"infinitespire:UltimateForm","floor":45},{"not_picked":["Acrobatics","PiercingWail","Endless Agony+1"],"picked":"Blade Dance+1","floor":48}],"player_experience":203090,"relics_obtained":[{"floor":6,"key":"infinitespire:Midas Blood"},{"floor":9,"key":"Potion Belt"},{"floor":11,"key":"Vajra"},{"floor":13,"key":"Orichalcum"},{"floor":26,"key":"Toy Ornithopter"},{"floor":28,"key":"Anchor"},{"floor":41,"key":"Question Card"},{"floor":43,"key":"infinitespire:Eraser"}],"event_choices":[{"damage_healed":0,"gold_gain":0,"player_choice":"Entered Light","damage_taken":14,"max_hp_gain":0,"max_hp_loss":0,"event_name":"Shining Light","floor":2,"gold_loss":0,"cards_upgraded":["Tactician","Reflex"]},{"damage_healed":0,"gold_gain":75,"player_choice":"Gather Gold","damage_taken":11,"max_hp_gain":0,"max_hp_loss":0,"event_name":"World of Goop","floor":3,"gold_loss":0},{"damage_healed":0,"gold_gain":0,"player_choice":"Ignored","damage_taken":0,"max_hp_gain":0,"max_hp_loss":0,"event_name":"Purifier","floor":5,"gold_loss":0},{"damage_healed":0,"gold_gain":0,"player_choice":"Ignored","damage_taken":0,"max_hp_gain":0,"max_hp_loss":0,"event_name":"Transmorgrifier","floor":21,"gold_loss":0},{"damage_healed":0,"gold_gain":0,"player_choice":"Memory 1","damage_taken":0,"max_hp_gain":0,"max_hp_loss":0,"event_name":"SensoryStone","floor":36,"gold_loss":0},{"cards_removed":["Finisher"],"damage_healed":0,"gold_gain":0,"player_choice":"Removed Attack","damage_taken":0,"max_hp_gain":0,"max_hp_loss":0,"event_name":"Falling","floor":38,"gold_loss":0},{"damage_healed":0,"gold_gain":0,"player_choice":"Upgraded","damage_taken":0,"max_hp_gain":0,"max_hp_loss":0,"event_name":"Upgrade Shrine","floor":39,"gold_loss":0,"cards_upgraded":["Footwork"]}],"is_beta":false,"boss_relics":[{"not_picked":["Sozu","Runic Dome"],"picked":"Runic Pyramid"},{"not_picked":["Calling Bell","Philosopher\u0027s Stone"],"picked":"infinitespire:Cupcake"}],"items_purged_floors":[19,31],"is_endless":false,"potions_floor_spawned":[6,7,11,13,16,20,24,27,42],"ascension_level":2}}