{"host":"a1eatafr7pisesky","time":1609735815,"event":{"mods":["BaseMod","Colored Map","DeckTracker","Highlight Path","Keyboard Shortcuts","Minty Spire (QoL Compilation)","Permanent Neow","Random Character Button","StSLib","SuperFastMode","everything is the same but u backflip on backflip"],"gold_per_floor":[113,133,208,227,240,269,43,59,84,84,84,108,108,108,108],"floor_reached":14,"playtime":244,"items_purged":["Strike_B"],"score":122,"play_id":"27e4bd8f-da38-4bbf-bdbb-8e19522e4c9a","local_time":"20210104135015","is_ascension_mode":true,"campfire_choices":[{"floor":13.0,"key":"REST"}],"circlet_count":0,"master_deck":["Strike_B","Defend_B","Defend_B","Defend_B","Defend_B","Zap+1","Dualcast+1","Sweeping Beam","Go for the Eyes","Lockon","Turbo","Defragment","Self Repair","Heatsinks"],"relics":["Cracked Core","Omamori","Membership Card","Tiny Chest","War Paint"],"acts_visited":["Exordium"],"potions_floor_usage":[14,14],"damage_taken":[{"damage":0.0,"enemies":"Small Slimes","floor":1.0,"turns":2.0},{"damage":6.0,"enemies":"Cultist","floor":2.0,"turns":3.0},{"damage":0.0,"enemies":"2 Louse","floor":4.0,"turns":2.0},{"damage":7.0,"enemies":"Blue Slaver","floor":5.0,"turns":3.0},{"damage":13.0,"enemies":"Gremlin Nob","floor":6.0,"turns":3.0},{"damage":34.0,"enemies":"Exordium Thugs","floor":8.0,"turns":5.0},{"damage":25,"enemies":"3 Sentries","floor":14,"turns":4}],"seed_played":"6657475734672730775","potions_obtained":[{"floor":5.0,"key":"SpeedPotion"},{"floor":6.0,"key":"BlessingOfTheForge"},{"floor":8.0,"key":"Fire Potion"}],"is_trial":false,"path_per_floor":["M","M","?","M","M","E","$","M","T","?","?","T","R","E"],"character_chosen":"DEFECT","items_purchased":["Membership Card","Self Repair"],"campfire_rested":1,"item_purchase_floors":[7,7],"current_hp_per_floor":[68,62,55,55,48,35,35,8,8,1,1,1,23,0,0],"gold":108,"neow_bonus":"REMOVE_CARD","is_daily":false,"chose_seed":false,"campfire_upgraded":0,"win_rate":0.0,"timestamp":1609735815,"path_taken":["M","M","?","M","?","E","$","M","T","?","?","?","R","E"],"items_purchased_type":["Relic","Card"],"build_version":"2020-12-22","purchased_purges":1,"victory":false,"max_hp_per_floor":[75,75,75,75,75,75,75,75,75,75,75,75,75,75,75],"card_choices":[{"not_picked":["Rebound","Go for the Eyes"],"picked":"Sweeping Beam","floor":1.0},{"not_picked":["Beam Cell","Barrage"],"picked":"Go for the Eyes","floor":2.0},{"not_picked":["Steam Power","Leap"],"picked":"Lockon","floor":4.0},{"not_picked":["Scrape","Gash"],"picked":"Turbo","floor":5.0},{"not_picked":["Beam Cell","Rainbow"],"picked":"Defragment","floor":6.0},{"not_picked":["Steam","Tempest"],"picked":"Heatsinks","floor":8.0}],"player_experience":284232,"relics_obtained":[{"floor":6.0,"key":"Omamori"},{"floor":9.0,"key":"Tiny Chest"},{"floor":12.0,"key":"War Paint"}],"event_choices":[{"damage_healed":0.0,"max_hp_gain":0.0,"max_hp_loss":0.0,"gold_gain":75.0,"event_name":"FaceTrader","player_choice":"Touch","floor":3.0,"gold_loss":0.0,"damage_taken":7.0},{"cards_removed":["Strike_B"],"damage_healed":0.0,"max_hp_gain":0.0,"max_hp_loss":0.0,"gold_gain":0.0,"event_name":"Golden Wing","player_choice":"Card Removal","floor":10.0,"gold_loss":0.0,"damage_taken":7.0},{"damage_healed":0.0,"max_hp_gain":0.0,"max_hp_loss":0.0,"gold_gain":0.0,"event_name":"Liars Game","player_choice":"Ignored","floor":11.0,"gold_loss":0.0,"damage_taken":0.0}],"is_beta":false,"boss_relics":[],"items_purged_floors":[7],"is_endless":false,"potions_floor_spawned":[5,6,8],"killed_by":"3 Sentries","ascension_level":7}}