{"host":"fjaupvxe7fzqrf4j","time":1609747234,"event":{"mods":["ATMod(°¢èªMod)","BaseMod","Minty Spire (QoL Compilation)","StSLib"],"gold_per_floor":[115,40,40,40,53,81,110,137,164,179,207,239,268,300,300,377,377,387,219,62,62,62,92,123,152,152,184,216,216,216,325,325,404,404,428,23,23,1022,1022,1049,1083,1118,1141,1166,1201,1232,1266,1297,1297,1297,1297,1297,1297,1087,1113,1113],"floor_reached":57,"playtime":1166,"items_purged":["Prepared","Expertise+1"],"score":4960,"play_id":"72410c1e-664d-472b-9b8f-260fd036e442","local_time":"20210104160034","daily_mods":["SealedDeck","Heirloom","Time Dilation","Flight","Elite Swarm"],"is_ascension_mode":true,"campfire_choices":[{"data":"AT_KingSlayer","floor":15.0,"key":"SMITH"},{"data":"Tactician","floor":29.0,"key":"SMITH"},{"data":"Acrobatics","floor":30.0,"key":"SMITH"},{"floor":32.0,"key":"RECALL"},{"data":"Doppelganger","floor":49.0,"key":"SMITH"},{"data":"Adrenaline","floor":53.0,"key":"SMITH"}],"circlet_count":0,"master_deck":["AscendersBane","Escape Plan","Tactician+1","Concentrate+1","Backflip","Adrenaline+1","Grand Finale+1","AT_KingSlayer+1","After Image","Acrobatics+1","Prepared+1","AT_ShadowStep+1","Doppelganger+1"],"relics":["Ring of the Snake","AT_ATBox","Turnip","Strawberry","Darkstone Periapt","Omamori","PreservedInsect","Gambling Chip","Ginger","Boot","Empty Cage","Potion Belt","AT_BellDemon","Pocketwatch","CeramicFish","Bottled Flame","Unceasing Top","AT_RedNoBalance","Pen Nib","AT_BellowingDragoncrestRing","Tough Bandages","Mummified Hand","AT_EbonyIvory","Orichalcum","Girya","Gremlin Horn","Meat on the Bone","Torii","Sozu","Dream Catcher","AT_ChloranthyRing","TheAbacus","Whetstone","AT_RedTearstoneRing","Paper Crane","War Paint","Smiling Mask","Tingsha","AT_ArchangelStaff","Bag of Marbles","Blood Vial","Regal Pillow","Frozen Egg 2","AT_LudenTempest","Sundial","Singing Bowl","StrikeDummy","Eternal Feather","Art of War","AT_RabadonDeathcap","Toy Ornithopter"],"acts_visited":["Exordium","TheCity","TheBeyond","TheEnding"],"potions_floor_usage":[56,56,56],"damage_taken":[{"damage":0.0,"enemies":"Small Slimes","floor":1.0,"turns":2.0},{"damage":0.0,"enemies":"Jaw Worm","floor":5.0,"turns":1.0},{"damage":0.0,"enemies":"3 Sentries","floor":6.0,"turns":2.0},{"damage":0.0,"enemies":"Lagavulin","floor":7.0,"turns":1.0},{"damage":0.0,"enemies":"Gremlin Nob","floor":8.0,"turns":1.0},{"damage":0.0,"enemies":"Cultist","floor":10.0,"turns":1.0},{"damage":0.0,"enemies":"Lagavulin","floor":11.0,"turns":1.0},{"damage":0.0,"enemies":"3 Sentries","floor":12.0,"turns":1.0},{"damage":0.0,"enemies":"Gremlin Nob","floor":13.0,"turns":1.0},{"damage":0.0,"enemies":"Lagavulin","floor":14.0,"turns":1.0},{"damage":0.0,"enemies":"The Guardian","floor":16.0,"turns":1.0},{"damage":0.0,"enemies":"Chosen","floor":18.0,"turns":1.0},{"damage":0.0,"enemies":"Book of Stabbing","floor":23.0,"turns":1.0},{"damage":0.0,"enemies":"Gremlin Leader","floor":24.0,"turns":1.0},{"damage":0.0,"enemies":"Slavers","floor":25.0,"turns":1.0},{"damage":0.0,"enemies":"Book of Stabbing","floor":27.0,"turns":1.0},{"damage":0.0,"enemies":"Gremlin Leader","floor":28.0,"turns":1.0},{"damage":0.0,"enemies":"Colosseum Slavers","floor":31.0,"turns":1.0},{"damage":0.0,"enemies":"Colosseum Nobs","floor":31.0,"turns":1.0},{"damage":0.0,"enemies":"Collector","floor":33.0,"turns":1.0},{"damage":0.0,"enemies":"3 Darklings","floor":35.0,"turns":1.0},{"damage":0.0,"enemies":"Nemesis","floor":40.0,"turns":1.0},{"damage":0.0,"enemies":"Reptomancer","floor":41.0,"turns":1.0},{"damage":0.0,"enemies":"Giant Head","floor":42.0,"turns":1.0},{"damage":0.0,"enemies":"Reptomancer","floor":44.0,"turns":1.0},{"damage":0.0,"enemies":"Nemesis","floor":45.0,"turns":1.0},{"damage":0.0,"enemies":"Reptomancer","floor":46.0,"turns":1.0},{"damage":0.0,"enemies":"Nemesis","floor":47.0,"turns":1.0},{"damage":0.0,"enemies":"Reptomancer","floor":48.0,"turns":1.0},{"damage":0.0,"enemies":"Donu and Deca","floor":50.0,"turns":1.0},{"damage":0.0,"enemies":"Awakened One","floor":51.0,"turns":2.0},{"damage":0,"enemies":"Shield and Spear","floor":55,"turns":1},{"damage":0,"enemies":"The Heart","floor":56,"turns":4}],"seed_played":"-7058400054417437680","potions_obtained":[{"floor":1.0,"key":"SkillPotion"},{"floor":6.0,"key":"PowerPotion"},{"floor":8.0,"key":"Fruit Juice"},{"floor":11.0,"key":"GamblersBrew"},{"floor":24.0,"key":"Block Potion"},{"floor":25.0,"key":"Block Potion"}],"is_trial":true,"path_per_floor":["M","?","?","?","M","E","E","E","T","M","E","E","E","E","R","B",null,"M","$","$","?","?","E","E","E","T","E","E","R","R","?","R","B",null,"M","$","?","?","?","E","E","E","T","E","E","E","E","E","R","B","B",null,"R","$","E","B",null],"character_chosen":"THE_SILENT","items_purchased":["Potion Belt","AT_BellDemon","AT_ChloranthyRing","TheAbacus","Art of War"],"campfire_rested":0,"item_purchase_floors":[19,20,36,36,54],"current_hp_per_floor":[59,59,59,59,59,59,66,71,71,71,71,71,71,71,71,71,76,76,76,76,76,76,76,76,76,76,39,39,39,39,39,39,51,71,51,51,51,51,51,51,51,51,51,51,51,53,57,61,67,69,71,76,78,78,80,80],"gold":1113,"neow_bonus":"","is_daily":false,"chose_seed":false,"campfire_upgraded":5,"win_rate":0.0,"timestamp":1609747234,"path_taken":["M","?","?","?","?","E","E","E","T","?","E","E","E","E","R","BOSS","M","$","$","?","?","E","E","E","T","E","E","R","R","?","R","BOSS","M","$","?","?","?","E","E","E","T","E","E","E","E","E","R","BOSS","BOSS","R","$","E","BOSS"],"items_purchased_type":["Relic","Relic","Relic","Relic","Relic"],"build_version":"2020-12-22","purchased_purges":2,"victory":true,"max_hp_per_floor":[66,66,66,66,66,66,73,78,78,78,78,78,78,78,78,78,78,78,78,78,78,78,78,78,78,78,78,78,78,78,78,78,78,78,78,78,74,74,74,74,74,74,74,74,74,74,76,78,78,78,78,78,78,78,80,80],"card_choices":[{"not_picked":["Cloak And Dagger","Distraction","Skewer"],"picked":"SKIP","floor":1.0},{"not_picked":["Backflip","Dodge and Roll","Concentrate"],"picked":"SKIP","floor":5.0},{"not_picked":["Night Terror","Corpse Explosion"],"picked":"Adrenaline","floor":6.0},{"not_picked":["Glass Knife","AT_MyraUnstableElement"],"picked":"Grand Finale","floor":7.0},{"not_picked":["Phantasmal Killer","Storm of Steel","AT_MyraUnstableElement"],"picked":"SKIP","floor":8.0},{"not_picked":["Backflip","Slice","Crippling Poison"],"picked":"SKIP","floor":10.0},{"not_picked":["Glass Knife","Wraith Form v2","AT_EssenceShift"],"picked":"SKIP","floor":11.0},{"not_picked":["Night Terror","Storm of Steel"],"picked":"AT_KingSlayer","floor":12.0},{"not_picked":["Phantasmal Killer","AT_EssenceShift","Glass Knife"],"picked":"SKIP","floor":13.0},{"not_picked":["Unload","A Thousand Cuts","Bullet Time"],"picked":"SKIP","floor":14.0},{"not_picked":["Tools of the Trade","Phantasmal Killer"],"picked":"After Image","floor":16.0},{"not_picked":["Prepared","AT_FocusSwordFire","Sucker Punch+1"],"picked":"SKIP","floor":18.0},{"not_picked":["Wraith Form v2","Night Terror","AT_MyraUnstableElement"],"picked":"SKIP","floor":23.0},{"not_picked":["Envenom","Unload","Grand Finale"],"picked":"SKIP","floor":24.0},{"not_picked":["Wraith Form v2","Doppelganger","Phantasmal Killer"],"picked":"SKIP","floor":25.0},{"not_picked":["AT_MyraUnstableElement","Malaise","Storm of Steel"],"picked":"SKIP","floor":27.0},{"not_picked":["After Image","Night Terror","Storm of Steel"],"picked":"SKIP","floor":28.0},{"not_picked":["Backstab+1","Bane"],"picked":"Prepared+1","floor":31.0},{"not_picked":["Dagger Throw","Escape Plan"],"picked":"AT_ShadowStep","floor":35.0},{"not_picked":["A Thousand Cuts","Wraith Form v2","Doppelganger"],"picked":"SKIP","floor":40.0},{"not_picked":["Burst","A Thousand Cuts"],"picked":"Doppelganger","floor":41.0},{"not_picked":["Malaise","Corpse Explosion","Tools of the Trade"],"picked":"SKIP","floor":42.0},{"not_picked":["AT_EssenceShift","Burst","A Thousand Cuts"],"picked":"SKIP","floor":44.0},{"not_picked":["Bullet Time","After Image","Phantasmal Killer"],"picked":"SKIP","floor":45.0},{"not_picked":["Storm of Steel","Corpse Explosion","A Thousand Cuts+1"],"picked":"SKIP","floor":46.0},{"not_picked":["Tools of the Trade+1","Grand Finale","Storm of Steel"],"picked":"Singing Bowl","floor":47.0},{"not_picked":["Unload","AT_EssenceShift+1","Bullet Time"],"picked":"Singing Bowl","floor":48.0},{"not_picked":["Die Die Die","A Thousand Cuts+1","Venomology"],"picked":"Singing Bowl","floor":55}],"player_experience":334152,"relics_obtained":[{"floor":7.0,"key":"Strawberry"},{"floor":8.0,"key":"Darkstone Periapt"},{"floor":9.0,"key":"Omamori"},{"floor":11.0,"key":"PreservedInsect"},{"floor":12.0,"key":"Gambling Chip"},{"floor":13.0,"key":"Ginger"},{"floor":14.0,"key":"Boot"},{"floor":23.0,"key":"Pocketwatch"},{"floor":23.0,"key":"CeramicFish"},{"floor":24.0,"key":"Bottled Flame"},{"floor":24.0,"key":"Unceasing Top"},{"floor":25.0,"key":"AT_SilverBalance"},{"floor":25.0,"key":"Pen Nib"},{"floor":26.0,"key":"AT_BellowingDragoncrestRing"},{"floor":27.0,"key":"Tough Bandages"},{"floor":27.0,"key":"Mummified Hand"},{"floor":28.0,"key":"AT_EbonyIvory"},{"floor":28.0,"key":"Orichalcum"},{"floor":31.0,"key":"Girya"},{"floor":31.0,"key":"Gremlin Horn"},{"floor":31.0,"key":"Meat on the Bone"},{"floor":33.0,"key":"Torii"},{"floor":35.0,"key":"Dream Catcher"},{"floor":40.0,"key":"Whetstone"},{"floor":40.0,"key":"AT_RedTearstoneRing"},{"floor":41.0,"key":"Paper Crane"},{"floor":41.0,"key":"War Paint"},{"floor":42.0,"key":"Smiling Mask"},{"floor":42.0,"key":"Tingsha"},{"floor":44.0,"key":"AT_ArchangelStaff"},{"floor":44.0,"key":"Bag of Marbles"},{"floor":45.0,"key":"Blood Vial"},{"floor":45.0,"key":"Regal Pillow"},{"floor":46.0,"key":"Frozen Egg 2"},{"floor":46.0,"key":"AT_LudenTempest"},{"floor":47.0,"key":"Sundial"},{"floor":47.0,"key":"Singing Bowl"},{"floor":48.0,"key":"StrikeDummy"},{"floor":48.0,"key":"Eternal Feather"},{"floor":55,"key":"AT_RabadonDeathcap"},{"floor":55,"key":"Toy Ornithopter"}],"event_choices":[{"cards_removed":["Dagger Throw"],"damage_healed":0.0,"max_hp_gain":0.0,"max_hp_loss":0.0,"gold_gain":0.0,"event_name":"The Cleric","player_choice":"Card Removal","floor":2.0,"gold_loss":75.0,"damage_taken":0.0},{"damage_healed":0.0,"max_hp_gain":0.0,"max_hp_loss":0.0,"gold_gain":0.0,"event_name":"Living Wall","player_choice":"Grow","floor":3.0,"gold_loss":0.0,"damage_taken":0.0,"cards_upgraded":["Concentrate"]},{"damage_healed":0.0,"max_hp_gain":0.0,"max_hp_loss":0.0,"gold_gain":0.0,"cards_transformed":["Backflip"],"event_name":"Transmorgrifier","player_choice":"Transformed","floor":4.0,"gold_loss":0.0,"damage_taken":0.0,"cards_obtained":["Masterful Stab"]},{"damage_healed":0.0,"max_hp_gain":0.0,"max_hp_loss":0.0,"gold_gain":0.0,"event_name":"Ghosts","player_choice":"Ignored","floor":21.0,"gold_loss":0.0,"damage_taken":0.0},{"damage_healed":0.0,"max_hp_gain":0.0,"max_hp_loss":0.0,"gold_gain":0.0,"event_name":"The Library","player_choice":"Read","floor":22.0,"gold_loss":0.0,"damage_taken":0.0,"cards_obtained":["Acrobatics"]},{"damage_healed":0.0,"max_hp_gain":0.0,"max_hp_loss":0.0,"gold_gain":0.0,"event_name":"Colosseum","player_choice":"Fight","floor":31.0,"gold_loss":0.0,"damage_taken":0.0},{"damage_healed":0.0,"max_hp_gain":0.0,"max_hp_loss":0.0,"gold_gain":0.0,"event_name":"Colosseum","player_choice":"Fought Nobs","floor":31.0,"gold_loss":0.0,"damage_taken":0.0},{"damage_healed":0.0,"max_hp_gain":0.0,"max_hp_loss":4.0,"gold_gain":0.0,"event_name":"Winding Halls","player_choice":"Max HP","floor":37.0,"gold_loss":0.0,"damage_taken":0.0},{"damage_healed":0.0,"max_hp_gain":0.0,"max_hp_loss":0.0,"gold_gain":999.0,"event_name":"MindBloom","player_choice":"Gold","floor":38.0,"gold_loss":0.0,"damage_taken":0.0,"cards_obtained":["Normality","Normality"]},{"cards_removed":["AT_Desolate"],"damage_healed":0.0,"max_hp_gain":0.0,"max_hp_loss":0.0,"gold_gain":0.0,"event_name":"Falling","player_choice":"Removed Power","floor":39.0,"gold_loss":0.0,"damage_taken":0.0}],"is_beta":false,"boss_relics":[{"not_picked":["Calling Bell","Ectoplasm"],"picked":"Empty Cage"},{"not_picked":["Ring of the Serpent","Busted Crown"],"picked":"Sozu"}],"items_purged_floors":[36,54],"is_endless":false,"potions_floor_spawned":[1,6,8,11,13,16,18,24,25,33,40,42,46,47,55],"ascension_level":20}}