{"host":"fevvm7bbzuh4s1jc","time":1609744291,"event":{"mods":["BaseMod","Highlight Path","Minty Spire (QoL Compilation)","Relic Stats"],"gold_per_floor":[113,125,137,147,165,165,193,211,238,238,263,263,281,295,295,366,366,385,385,385,10,23,55,55,83,83,83,83,101,126,138,138,217,217,227,245,245,245,245,277,294,294,294,319,344,344,373,373,373,373,373,373,373,58,87,87],"floor_reached":57,"playtime":4778,"items_purged":["Writhe","Bite"],"score":2770,"play_id":"44823f74-2ee0-4686-8ac7-d91eda6ca017","local_time":"20210104021131","is_ascension_mode":true,"campfire_choices":[{"data":"Crippling Poison","floor":6.0,"key":"SMITH"},{"floor":10.0,"key":"REST"},{"data":"Dagger Spray","floor":15.0,"key":"SMITH"},{"data":"Footwork","floor":24.0,"key":"SMITH"},{"data":"Wraith Form v2","floor":32.0,"key":"SMITH"},{"floor":42,"key":"REST"},{"floor":46,"key":"RECALL"},{"data":"Footwork","floor":49,"key":"SMITH"},{"data":"Tactician","floor":53,"key":"SMITH"}],"circlet_count":0,"master_deck":["AscendersBane","Defend_G+1","Defend_G+1","Defend_G+1","Defend_G+1","Defend_G+1","Survivor","Neutralize","Poisoned Stab","Dagger Throw","Dagger Spray+1","Crippling Poison+1","Footwork+1","Leg Sweep","Phantasmal Killer","Dash","Tools of the Trade","Flechettes+1","Tactician+1","Footwork+1","Riddle With Holes+1","Leg Sweep+1","Bite","Bite","Bite","Wraith Form v2+1","Bullet Time","Venomology","Outmaneuver+1","Backflip"],"relics":["Ring of the Snake","TungstenRod","The Specimen","Potion Belt","Snecko Eye","Bronze Scales","Nilry\u0027s Codex","Lantern","Juzu Bracelet","Mercury Hourglass","Shuriken","Toy Ornithopter","Busted Crown","Happy Flower","Meat on the Bone","Smiling Mask","StoneCalendar","Art of War","TheAbacus","Dead Branch"],"acts_visited":["Exordium","TheCity","TheBeyond","TheEnding"],"potions_floor_usage":[36,47,50,51,51,55,55,56,56,56,56,56],"damage_taken":[{"damage":0.0,"enemies":"Cultist","floor":1.0,"turns":4.0},{"damage":0.0,"enemies":"2 Louse","floor":2.0,"turns":3.0},{"damage":0.0,"enemies":"Small Slimes","floor":3.0,"turns":4.0},{"damage":0.0,"enemies":"Looter","floor":4.0,"turns":4.0},{"damage":17.0,"enemies":"Exordium Wildlife","floor":5.0,"turns":8.0},{"damage":22.0,"enemies":"3 Sentries","floor":7.0,"turns":8.0},{"damage":3.0,"enemies":"Exordium Thugs","floor":8.0,"turns":4.0},{"damage":20.0,"enemies":"Lagavulin","floor":11.0,"turns":10.0},{"damage":0.0,"enemies":"Looter","floor":13.0,"turns":4.0},{"damage":0.0,"enemies":"3 Louse","floor":14.0,"turns":2.0},{"damage":19.0,"enemies":"Slime Boss","floor":16.0,"turns":11.0},{"damage":8.0,"enemies":"2 Thieves","floor":18.0,"turns":3.0},{"damage":0.0,"enemies":"Chosen","floor":22.0,"turns":6.0},{"damage":0.0,"enemies":"Gremlin Leader","floor":23.0,"turns":3.0},{"damage":10.0,"enemies":"Slavers","floor":25.0,"turns":4.0},{"damage":0.0,"enemies":"Snake Plant","floor":29.0,"turns":3.0},{"damage":12.0,"enemies":"Gremlin Leader","floor":30.0,"turns":7.0},{"damage":6.0,"enemies":"Cultist and Chosen","floor":31.0,"turns":5.0},{"damage":31.0,"enemies":"Automaton","floor":33.0,"turns":12.0},{"damage":0.0,"enemies":"3 Shapes","floor":35.0,"turns":3.0},{"damage":9,"enemies":"3 Darklings","floor":36,"turns":4},{"damage":11,"enemies":"Reptomancer","floor":40,"turns":6},{"damage":23,"enemies":"Jaw Worm Horde","floor":41,"turns":4},{"damage":10,"enemies":"Nemesis","floor":44,"turns":6},{"damage":0,"enemies":"Mind Bloom Boss Battle","floor":45,"turns":8},{"damage":5,"enemies":"Giant Head","floor":47,"turns":7},{"damage":25,"enemies":"Awakened One","floor":50,"turns":12},{"damage":29,"enemies":"Donu and Deca","floor":51,"turns":13},{"damage":11,"enemies":"Shield and Spear","floor":55,"turns":11},{"damage":46,"enemies":"The Heart","floor":56,"turns":12}],"seed_played":"-7640042120322645670","potions_obtained":[{"floor":2.0,"key":"FearPotion"},{"floor":5.0,"key":"Explosive Potion"},{"floor":8.0,"key":"ColorlessPotion"},{"floor":11.0,"key":"DistilledChaos"},{"floor":13.0,"key":"DuplicationPotion"},{"floor":16.0,"key":"Fire Potion"},{"floor":23.0,"key":"Poison Potion"},{"floor":25.0,"key":"SkillPotion"},{"floor":30.0,"key":"BlessingOfTheForge"},{"floor":36,"key":"SteroidPotion"},{"floor":44,"key":"Weak Potion"},{"floor":55,"key":"Weak Potion"}],"is_trial":false,"path_per_floor":["M","M","M","M","M","R","E","M","T","R","E","?","M","M","R","B",null,"M","?","?","$","M","E","R","E","T","?","?","M","E","M","R","B",null,"M","M","?","?","?","E","M","R","T","E","?","R","E","?","R","B","B",null,"R","$","E","B",null],"character_chosen":"THE_SILENT","items_purchased":["Lantern","Tactician","Footwork","GhostInAJar","TheAbacus"],"campfire_rested":2,"item_purchase_floors":[21,21,21,54,54],"current_hp_per_floor":[59,59,59,59,42,42,20,17,17,35,15,35,35,35,35,16,49,41,41,24,24,24,24,24,14,14,14,14,22,24,31,31,16,36,38,35,35,26,26,27,10,22,22,22,40,40,38,50,50,46,45,49,49,49,49,38],"gold":87,"neow_bonus":"ONE_RARE_RELIC","is_daily":false,"chose_seed":false,"campfire_upgraded":6,"win_rate":0.0,"timestamp":1609744291,"path_taken":["M","M","M","M","?","R","E","M","T","R","E","?","M","M","R","BOSS","M","?","?","?","M","E","R","E","T","?","?","M","E","M","R","BOSS","M","M","?","?","?","E","M","R","T","E","?","R","E","?","R","BOSS","BOSS","R","$","E","BOSS"],"items_purchased_type":["Relic","Card","Card","Potion","Relic"],"build_version":"2020-12-22","purchased_purges":2,"victory":true,"max_hp_per_floor":[60,60,60,60,60,60,60,60,60,60,60,60,60,60,60,60,60,60,60,60,60,60,60,60,60,60,42,42,42,42,42,42,42,42,42,42,40,40,40,40,40,40,40,40,40,40,40,50,50,50,50,50,50,50,50,50],"relic_stats":{"Happy Flower":[24],"counters":[30,191],"Dead Branch":[10],"StoneCalendar":[180],"Juzu Bracelet":2,"Smiling Mask":50,"Mercury Hourglass":[378],"Busted Crown":24,"TheAbacus":[36],"Shuriken":[38],"Bronze Scales":[546],"Snecko Eye":[249,240,234,248],"Art of War":[1],"obtain_stats":[{"Potion Belt":11,"Lantern":21,"The Specimen":7,"Happy Flower":40,"Nilry\u0027s Codex":20,"Dead Branch":55,"StoneCalendar":45,"Juzu Bracelet":23,"Smiling Mask":44,"Mercury Hourglass":25,"Busted Crown":34,"TheAbacus":54,"Shuriken":26,"Bronze Scales":19,"Snecko Eye":17,"Art of War":47,"TungstenRod":0,"Toy Ornithopter":30,"Ring of the Snake":0,"Meat on the Bone":43},{"Potion Belt":8,"Lantern":12,"The Specimen":6,"Happy Flower":22,"Nilry\u0027s Codex":12,"Dead Branch":29,"StoneCalendar":25,"Juzu Bracelet":14,"Smiling Mask":24,"Mercury Hourglass":15,"Busted Crown":19,"TheAbacus":28,"Shuriken":15,"Bronze Scales":12,"Snecko Eye":11,"Art of War":26,"TungstenRod":0,"Toy Ornithopter":17,"Ring of the Snake":0,"Meat on the Bone":23},{"Potion Belt":45,"Lantern":65,"The Specimen":31,"Happy Flower":118,"Nilry\u0027s Codex":65,"Dead Branch":179,"StoneCalendar":136,"Juzu Bracelet":74,"Smiling Mask":128,"Mercury Hourglass":78,"Busted Crown":105,"TheAbacus":168,"Shuriken":78,"Bronze Scales":65,"Snecko Eye":62,"Art of War":143,"TungstenRod":0,"Toy Ornithopter":88,"Ring of the Snake":0,"Meat on the Bone":122}],"TungstenRod":141,"Toy Ornithopter":47,"Ring of the Snake":[60],"Meat on the Bone":0},"card_choices":[{"not_picked":["Acrobatics","Outmaneuver"],"picked":"Poisoned Stab","floor":1.0},{"not_picked":["Acrobatics","Well Laid Plans","Tactician"],"picked":"SKIP","floor":2.0},{"not_picked":["Sucker Punch","Backflip"],"picked":"Dagger Throw","floor":3.0},{"not_picked":["Well Laid Plans","Flying Knee"],"picked":"Dagger Spray","floor":4.0},{"not_picked":["Dagger Throw","Blur"],"picked":"Crippling Poison","floor":5.0},{"not_picked":["Bouncing Flask","Grand Finale"],"picked":"Footwork","floor":7.0},{"not_picked":["Dagger Throw","Blade Dance"],"picked":"Leg Sweep","floor":8.0},{"not_picked":["Terror","Flying Knee"],"picked":"Phantasmal Killer","floor":11.0},{"not_picked":["Dodge and Roll","Masterful Stab","Caltrops"],"picked":"SKIP","floor":13.0},{"not_picked":["Dodge and Roll","Quick Slash"],"picked":"Dash","floor":14.0},{"not_picked":["A Thousand Cuts","Die Die Die"],"picked":"Tools of the Trade","floor":16.0},{"not_picked":["Quick Slash","Deadly Poison"],"picked":"Flechettes+1","floor":18.0},{"not_picked":["Infinite Blades","Flying Knee"],"picked":"Riddle With Holes+1","floor":22.0},{"not_picked":["Underhanded Strike","Dodge and Roll","Bane"],"picked":"SKIP","floor":23.0},{"not_picked":["Backflip","Distraction"],"picked":"Leg Sweep+1","floor":25.0},{"not_picked":["Accuracy","Cloak And Dagger","PiercingWail+1"],"picked":"SKIP","floor":29.0},{"not_picked":["Outmaneuver","Underhanded Strike"],"picked":"Wraith Form v2","floor":30.0},{"not_picked":["Sucker Punch","Poisoned Stab","Deflect"],"picked":"SKIP","floor":31.0},{"not_picked":["Envenom","After Image"],"picked":"Bullet Time","floor":33.0},{"not_picked":["Calculated Gamble+1"],"picked":"SKIP","floor":35},{"not_picked":["Dagger Throw"],"picked":"SKIP","floor":36},{"not_picked":[],"picked":"The Bomb","floor":38},{"not_picked":["Backstab"],"picked":"SKIP","floor":40},{"not_picked":["Outmaneuver"],"picked":"SKIP","floor":41},{"not_picked":[],"picked":"Venomology","floor":44},{"not_picked":[],"picked":"Outmaneuver+1","floor":45},{"not_picked":["PiercingWail"],"picked":"SKIP","floor":47},{"not_picked":["PiercingWail"],"picked":"SKIP","floor":47},{"not_picked":[],"picked":"Backflip","floor":55}],"player_experience":2626933,"relics_obtained":[{"floor":7.0,"key":"The Specimen"},{"floor":11.0,"key":"Potion Belt"},{"floor":20.0,"key":"Nilry\u0027s Codex"},{"floor":23.0,"key":"Juzu Bracelet"},{"floor":25.0,"key":"Mercury Hourglass"},{"floor":26.0,"key":"Shuriken"},{"floor":30.0,"key":"Toy Ornithopter"},{"floor":40,"key":"Happy Flower"},{"floor":43,"key":"Meat on the Bone"},{"floor":44,"key":"Smiling Mask"},{"floor":45,"key":"StoneCalendar"},{"floor":47,"key":"Art of War"},{"floor":55,"key":"Dead Branch"}],"event_choices":[{"damage_healed":20.0,"max_hp_gain":0.0,"max_hp_loss":0.0,"gold_gain":0.0,"event_name":"Big Fish","player_choice":"Banana","floor":12.0,"gold_loss":0.0,"damage_taken":0.0},{"damage_healed":0.0,"max_hp_gain":0.0,"max_hp_loss":0.0,"gold_gain":0.0,"event_name":"The Mausoleum","player_choice":"Opened","floor":19.0,"gold_loss":0.0,"damage_taken":0.0,"relics_obtained":["Bronze Scales"],"cards_obtained":["Writhe"]},{"damage_healed":0.0,"max_hp_gain":0.0,"max_hp_loss":0.0,"gold_gain":0.0,"event_name":"Cursed Tome","player_choice":"Obtained Book","floor":20.0,"gold_loss":0.0,"damage_taken":21.0},{"damage_healed":0.0,"max_hp_gain":0.0,"max_hp_loss":18.0,"gold_gain":0.0,"event_name":"Vampires","player_choice":"Became a vampire","floor":27.0,"gold_loss":0.0,"damage_taken":0.0,"cards_obtained":["Bite","Bite","Bite","Bite","Bite"]},{"damage_healed":0.0,"max_hp_gain":0.0,"max_hp_loss":0.0,"gold_gain":0.0,"event_name":"Back to Basics","player_choice":"Simplicity","floor":28.0,"gold_loss":0.0,"damage_taken":0.0,"cards_upgraded":["Defend_G","Defend_G","Defend_G","Defend_G","Defend_G"]},{"damage_healed":0,"gold_gain":0,"player_choice":"Max HP","damage_taken":0,"max_hp_gain":0,"max_hp_loss":2,"event_name":"Winding Halls","floor":37,"gold_loss":0},{"damage_healed":0,"gold_gain":0,"player_choice":"Memory 3","damage_taken":10,"max_hp_gain":0,"max_hp_loss":0,"event_name":"SensoryStone","floor":38,"gold_loss":0},{"cards_removed":["Bite"],"damage_healed":0,"gold_gain":0,"player_choice":"Removed Attack","damage_taken":0,"max_hp_gain":0,"max_hp_loss":0,"event_name":"Falling","floor":39,"gold_loss":0},{"damage_healed":0,"gold_gain":0,"player_choice":"Fight","damage_taken":0,"max_hp_gain":0,"max_hp_loss":0,"event_name":"MindBloom","floor":45,"gold_loss":0},{"cards_removed":["The Bomb"],"damage_healed":2,"gold_gain":0,"player_choice":"Offered Rare","damage_taken":0,"max_hp_gain":10,"max_hp_loss":0,"event_name":"Bonfire Elementals","floor":48,"gold_loss":0}],"is_beta":false,"boss_relics":[{"not_picked":["Empty Cage","Cursed Key"],"picked":"Snecko Eye"},{"not_picked":["WristBlade","Sozu"],"picked":"Busted Crown"}],"items_purged_floors":[21,54],"is_endless":false,"potions_floor_spawned":[2,5,8,11,13,16,23,25,30,36,44,45,55],"ascension_level":20}}