{"host":"5wznv0010959mrmz","time":1609794558,"event":{"mods":["BaseMod","Highlight Path","Minty Spire (QoL Compilation)","Relic Stats"],"gold_per_floor":[119,139,153,118,64,64,139,168,221,247,277,302,318,338,338,338,338],"floor_reached":16,"playtime":1173,"items_purged":[],"score":240,"play_id":"62781a59-30ea-4258-bf5c-f45e3a2a599f","local_time":"20210104150918","is_ascension_mode":true,"campfire_choices":[{"data":"1","floor":6,"key":"LIFT"},{"data":"2","floor":15,"key":"LIFT"}],"circlet_count":0,"master_deck":["AscendersBane","Strike_G","Strike_G","Strike_G","Strike_G","Strike_G","Defend_G","Defend_G+1","Defend_G","Defend_G","Defend_G","Survivor","Neutralize","Underhanded Strike","Blade Dance+1","Dagger Throw","Underhanded Strike","Acrobatics","Slice","All Out Attack","Backstab"],"relics":["Ring of the Snake","Girya","Bag of Marbles","War Paint","Du-Vu Doll","Odd Mushroom","Oddly Smooth Stone"],"acts_visited":["Exordium"],"potions_floor_usage":[8,8,8,10,10,16],"damage_taken":[{"damage":8,"enemies":"Small Slimes","floor":1,"turns":4},{"damage":6,"enemies":"Jaw Worm","floor":2,"turns":7},{"damage":2,"enemies":"2 Louse","floor":3,"turns":3},{"damage":8,"enemies":"3 Sentries","floor":8,"turns":8},{"damage":7,"enemies":"Lagavulin","floor":10,"turns":3},{"damage":4,"enemies":"The Mushroom Lair","floor":11,"turns":2},{"damage":9,"enemies":"3 Sentries","floor":12,"turns":7},{"damage":0,"enemies":"Exordium Wildlife","floor":13,"turns":2},{"damage":0,"enemies":"Lots of Slimes","floor":14,"turns":2},{"damage":26,"enemies":"Hexaghost","floor":16,"turns":7}],"seed_played":"-6910795864390039719","potions_obtained":[{"floor":2,"key":"Block Potion"},{"floor":3,"key":"EntropicBrew"},{"floor":8,"key":"AttackPotion"},{"floor":12,"key":"AttackPotion"}],"is_trial":false,"path_per_floor":["M","M","M","?","$","R","?","E","T","E","?","E","M","M","R","B"],"character_chosen":"THE_SILENT","items_purchased":["Dagger Throw"],"campfire_rested":0,"item_purchase_floors":[5],"current_hp_per_floor":[51,45,43,58,58,58,47,39,39,32,28,19,19,19,19,0,0],"gold":338,"neow_bonus":"ONE_RARE_RELIC","is_daily":false,"chose_seed":false,"campfire_upgraded":0,"win_rate":0.0,"timestamp":1609794558,"path_taken":["M","M","M","?","$","R","?","E","T","E","?","E","?","M","R","BOSS"],"items_purchased_type":["Card"],"build_version":"2020-12-22","purchased_purges":0,"victory":false,"max_hp_per_floor":[60,60,60,60,60,60,60,60,60,60,60,60,60,60,60,60,60],"relic_stats":{"counters":[10,45],"War Paint":["Defend_G","Blade Dance"],"obtain_stats":[{"Du-Vu Doll":10,"Girya":0,"Oddly Smooth Stone":12,"Bag of Marbles":8,"War Paint":9,"Odd Mushroom":11,"Ring of the Snake":0},{"Du-Vu Doll":5,"Girya":0,"Oddly Smooth Stone":7,"Bag of Marbles":4,"War Paint":4,"Odd Mushroom":6,"Ring of the Snake":0},{"Du-Vu Doll":25,"Girya":0,"Oddly Smooth Stone":34,"Bag of Marbles":22,"War Paint":22,"Odd Mushroom":27,"Ring of the Snake":0}],"Ring of the Snake":[20]},"card_choices":[{"not_picked":["Dodge and Roll","Flechettes","Prepared"],"picked":"SKIP","floor":1},{"not_picked":["Finisher","Infinite Blades"],"picked":"Underhanded Strike","floor":2},{"not_picked":["Quick Slash","Bane"],"picked":"Blade Dance","floor":3},{"not_picked":["Bouncing Flask","Cloak And Dagger"],"picked":"Underhanded Strike","floor":8},{"not_picked":["Prepared","Wraith Form v2"],"picked":"Acrobatics","floor":10},{"not_picked":["Poisoned Stab","Escape Plan"],"picked":"Slice","floor":11},{"not_picked":["Slice","Poisoned Stab"],"picked":"All Out Attack","floor":12},{"not_picked":["Deflect","Dash"],"picked":"Backstab","floor":13},{"not_picked":["PiercingWail","Finisher","Cloak And Dagger"],"picked":"SKIP","floor":14}],"player_experience":402951,"relics_obtained":[{"floor":8,"key":"Bag of Marbles"},{"floor":9,"key":"War Paint"},{"floor":10,"key":"Du-Vu Doll"},{"floor":11,"key":"Odd Mushroom"},{"floor":12,"key":"Oddly Smooth Stone"}],"event_choices":[{"damage_healed":15,"gold_gain":0,"player_choice":"Healed","damage_taken":0,"max_hp_gain":0,"max_hp_loss":0,"event_name":"The Cleric","floor":4,"gold_loss":35},{"damage_healed":0,"gold_gain":75,"player_choice":"Gather Gold","damage_taken":11,"max_hp_gain":0,"max_hp_loss":0,"event_name":"World of Goop","floor":7,"gold_loss":0},{"damage_healed":0,"gold_gain":0,"player_choice":"Fought Mushrooms","damage_taken":0,"max_hp_gain":0,"max_hp_loss":0,"event_name":"Mushrooms","floor":11,"gold_loss":0}],"is_beta":false,"boss_relics":[],"items_purged_floors":[],"is_endless":false,"potions_floor_spawned":[2,3,8,12],"killed_by":"Hexaghost","ascension_level":20}}