{"host":"xz7n3qy1zq36rzpg","time":1609750957,"event":{"mods":["BaseMod","Colored Map","Colored Powertips","Highlight Path","Minty Spire (QoL Compilation)","Quick Restart","Shop Mod"],"gold_per_floor":[113,126,145,156,156,181,181,181,229,229,179,59,78,98,98,203,203,222,147,199,199,214,214,31,47,47,78,78,78,107,107,107,203,203,216,235,235,252,252,252,279,292,292,141,156,184,197,50,50,50,50],"floor_reached":50,"playtime":2954,"items_purged":["Defend_B"],"score":622,"play_id":"d535d026-b6f0-4517-b4c5-66ca3c7d1891","local_time":"20210104100237","is_ascension_mode":true,"campfire_choices":[{"floor":7,"key":"REST"},{"data":"Sweeping Beam","floor":10,"key":"SMITH"},{"data":"Hologram","floor":15,"key":"SMITH"},{"data":"Cold Snap","floor":23,"key":"SMITH"},{"floor":28,"key":"REST"},{"data":"Zap","floor":32,"key":"SMITH"},{"floor":40,"key":"REST"},{"data":"Lockon","floor":49,"key":"SMITH"}],"circlet_count":0,"master_deck":["Strike_B","Defend_B","Zap+1","Dualcast","Lockon+1","Steam","Cold Snap+1","Sweeping Beam+1","Hello World","Self Repair","Go for the Eyes+1","Leap","Hologram+1","Buffer","Sweeping Beam+1","Compile Driver+1","Core Surge+1","Beam Cell+1","Rebound+1","Melter+1","Conserve Battery","Rebound+1","Ball Lightning+1","Ball Lightning+1","Parasite","Steam+1","Conserve Battery+1"],"relics":["Cracked Core","Molten Egg 2","Juzu Bracelet","Sozu","Regal Pillow","Boot","Pantograph","Ornamental Fan","Emotion Chip","Cursed Key","Meat on the Bone","CaptainsWheel","Lee\u0027s Waffle","Nunchaku","DataDisk"],"acts_visited":["Exordium","TheCity","TheBeyond"],"potions_floor_usage":[18,22,30],"damage_taken":[{"damage":6,"enemies":"Cultist","floor":1,"turns":4},{"damage":3,"enemies":"Small Slimes","floor":2,"turns":3},{"damage":2,"enemies":"2 Louse","floor":3,"turns":3},{"damage":8,"enemies":"Blue Slaver","floor":4,"turns":3},{"damage":20,"enemies":"Lagavulin","floor":6,"turns":7},{"damage":17,"enemies":"Exordium Wildlife","floor":13,"turns":5},{"damage":11,"enemies":"Looter","floor":14,"turns":2},{"damage":23,"enemies":"The Guardian","floor":16,"turns":12},{"damage":21,"enemies":"2 Thieves","floor":18,"turns":4},{"damage":19,"enemies":"Spheric Guardian","floor":22,"turns":6},{"damage":8,"enemies":"Centurion and Healer","floor":25,"turns":5},{"damage":31,"enemies":"Slavers","floor":27,"turns":5},{"damage":0,"enemies":"Gremlin Leader","floor":30,"turns":6},{"damage":38,"enemies":"Champ","floor":33,"turns":8},{"damage":15,"enemies":"3 Darklings","floor":35,"turns":7},{"damage":4,"enemies":"Orb Walker","floor":36,"turns":3},{"damage":28,"enemies":"Sphere and 2 Shapes","floor":38,"turns":4},{"damage":34,"enemies":"Reptomancer","floor":41,"turns":6},{"damage":20,"enemies":"Writhing Mass","floor":42,"turns":5},{"damage":12,"enemies":"Maw","floor":45,"turns":7},{"damage":47,"enemies":"Giant Head","floor":46,"turns":8},{"damage":16,"enemies":"Transient","floor":47,"turns":5},{"damage":77,"enemies":"Donu and Deca","floor":50,"turns":9}],"seed_played":"-4637873347129976165","potions_obtained":[{"floor":2,"key":"SneckoOil"},{"floor":14,"key":"Energy Potion"},{"floor":16,"key":"LiquidMemories"}],"is_trial":false,"path_per_floor":["M","M","M","M","?","E","R","?","T","R","?","$","M","M","R","B",null,"M","?","T","?","M","R","$","M","T","E","R","?","E","?","R","B",null,"M","M","?","M","?","R","E","M","T","$","M","E","M","$","R","B"],"character_chosen":"DEFECT","items_purchased":["Go for the Eyes+1","Core Surge+1","Beam Cell+1","Lee\u0027s Waffle","DataDisk"],"campfire_rested":3,"item_purchase_floors":[12,24,24,44,48],"current_hp_per_floor":[69,66,64,56,56,36,58,75,75,75,75,75,65,54,54,38,75,61,61,61,61,49,49,49,48,48,24,61,61,61,61,61,44,75,60,63,63,42,42,75,48,47,47,82,77,49,52,52,52,0,0],"gold":50,"neow_bonus":"THREE_CARDS","is_daily":false,"chose_seed":false,"campfire_upgraded":5,"win_rate":0.0,"timestamp":1609750957,"path_taken":["M","M","?","M","?","E","R","?","T","R","?","$","M","M","R","BOSS","M","?","?","?","M","R","$","M","T","E","R","?","E","?","R","BOSS","M","M","?","M","?","R","E","M","T","?","M","E","M","$","R","BOSS"],"items_purchased_type":["Card","Card","Card","Relic","Relic"],"build_version":"2020-12-22","purchased_purges":1,"victory":false,"max_hp_per_floor":[75,75,75,75,75,75,75,75,75,75,75,75,75,75,75,75,75,75,75,75,75,75,75,75,75,75,75,75,75,75,75,75,75,75,75,75,75,75,75,75,75,75,75,82,82,82,82,82,82,82,82],"card_choices":[{"not_picked":["Steam Power","Cold Snap"],"picked":"Lockon","floor":0},{"not_picked":["Barrage","Coolheaded"],"picked":"Steam","floor":1},{"not_picked":["Gash","Stack"],"picked":"Cold Snap","floor":2},{"not_picked":["Hologram","Gash"],"picked":"Sweeping Beam","floor":3},{"not_picked":["Tempest","Sweeping Beam"],"picked":"Hello World","floor":4},{"not_picked":["Steam","Stack"],"picked":"Self Repair","floor":6},{"not_picked":["Reboot","Reinforced Body"],"picked":"Leap","floor":13},{"not_picked":["Aggregate","Reprogram"],"picked":"Hologram","floor":14},{"not_picked":["Reboot","Machine Learning"],"picked":"Buffer","floor":16},{"not_picked":["Cold Snap+1","Redo+1"],"picked":"Sweeping Beam+1","floor":18},{"not_picked":["Redo","Heatsinks"],"picked":"Compile Driver+1","floor":22},{"not_picked":["Auto Shields+1","Thunder Strike+1","Turbo"],"picked":"SKIP","floor":25},{"not_picked":["Force Field+1","Hello World","Aggregate"],"picked":"SKIP","floor":27},{"not_picked":["Redo","Rip and Tear+1"],"picked":"Rebound+1","floor":30},{"not_picked":["Turbo","Conserve Battery"],"picked":"Rebound+1","floor":35},{"not_picked":["Sweeping Beam+1","Undo+1","Beam Cell+1"],"picked":"SKIP","floor":36},{"not_picked":["Hologram","Recycle+1"],"picked":"Ball Lightning+1","floor":38},{"not_picked":["Glacier","Redo+1","Aggregate+1"],"picked":"SKIP","floor":41},{"not_picked":["Stack","Echo Form"],"picked":"Ball Lightning+1","floor":42},{"not_picked":["Beam Cell+1","Streamline+1"],"picked":"Steam+1","floor":45},{"not_picked":["Double Energy+1","Steam+1"],"picked":"Conserve Battery+1","floor":46},{"not_picked":["Ball Lightning+1","Barrage+1","Steam"],"picked":"SKIP","floor":47}],"player_experience":301560,"relics_obtained":[{"floor":6,"key":"Molten Egg 2"},{"floor":9,"key":"Juzu Bracelet"},{"floor":20,"key":"Regal Pillow"},{"floor":26,"key":"Pantograph"},{"floor":27,"key":"Ornamental Fan"},{"floor":30,"key":"Emotion Chip"},{"floor":41,"key":"Meat on the Bone"},{"floor":43,"key":"CaptainsWheel"},{"floor":46,"key":"Nunchaku"}],"event_choices":[{"damage_healed":0,"gold_gain":0,"player_choice":"Ignored","damage_taken":0,"max_hp_gain":0,"max_hp_loss":0,"event_name":"Liars Game","floor":5,"gold_loss":0},{"damage_healed":25,"gold_gain":0,"player_choice":"Banana","damage_taken":0,"max_hp_gain":0,"max_hp_loss":0,"event_name":"Big Fish","floor":8,"gold_loss":0},{"cards_removed":["Strike_B"],"damage_healed":0,"gold_gain":0,"player_choice":"Card Removal","damage_taken":0,"max_hp_gain":0,"max_hp_loss":0,"event_name":"The Cleric","floor":11,"gold_loss":50},{"cards_removed":["Strike_B"],"damage_healed":0,"gold_gain":0,"player_choice":"Gave Gold","damage_taken":0,"max_hp_gain":0,"max_hp_loss":0,"event_name":"Beggar","floor":19,"gold_loss":75},{"damage_healed":0,"gold_gain":0,"player_choice":"Opened","damage_taken":0,"relics_obtained":["Boot"],"max_hp_gain":0,"max_hp_loss":0,"event_name":"The Mausoleum","floor":21,"gold_loss":0},{"damage_healed":0,"gold_gain":0,"player_choice":"Ignored","damage_taken":0,"max_hp_gain":0,"max_hp_loss":0,"event_name":"Vampires","floor":29,"gold_loss":0},{"damage_healed":0,"gold_gain":0,"cards_transformed":["Defend_B","Defend_B"],"player_choice":"Became Test Subject","damage_taken":0,"max_hp_gain":0,"max_hp_loss":0,"event_name":"Drug Dealer","floor":31,"gold_loss":0,"cards_obtained":["Melter","Conserve Battery"]},{"cards_removed":["Strike_B"],"damage_healed":0,"gold_gain":0,"player_choice":"Purged","damage_taken":0,"max_hp_gain":0,"max_hp_loss":0,"event_name":"Purifier","floor":37,"gold_loss":0},{"damage_healed":0,"gold_gain":0,"player_choice":"Ignored","damage_taken":0,"max_hp_gain":0,"max_hp_loss":0,"event_name":"SecretPortal","floor":39,"gold_loss":0}],"is_beta":false,"boss_relics":[{"not_picked":["Ectoplasm","Coffee Dripper"],"picked":"Sozu"},{"not_picked":["Busted Crown","Runic Dome"],"picked":"Cursed Key"}],"items_purged_floors":[12],"is_endless":false,"potions_floor_spawned":[2,14,16,30,33,35,46,47],"killed_by":"Donu and Deca","ascension_level":2}}