{"host":"hwrdjx5eod2cxh09","time":1609785613,"event":{"mods":["AchievementEnabler","BaseMod","Bestiary","Minty Spire (QoL Compilation)","Relic Stats"],"gold_per_floor":[109,126,146,160,160,195,195,223,223,235,235,251,251,286,286,391,391,359,359,359,9,25,25,25],"floor_reached":23,"playtime":852,"items_purged":["Strike_B"],"score":211,"play_id":"7e93d0b6-a450-4172-a3df-3bd2e38b7cf0","local_time":"20210105034013","is_ascension_mode":false,"campfire_choices":[{"data":"Coolheaded","floor":7,"key":"SMITH"},{"floor":11,"key":"REST"},{"floor":15,"key":"REST"}],"circlet_count":0,"master_deck":["Strike_B","Strike_B","Defend_B","Defend_B","Defend_B","Defend_B","Zap","Dualcast","Coolheaded+1","Gash","Leap","Gash","Leap","Go for the Eyes","Scrape+1","All For One+1","Hologram","Buffer","Consume+1","All For One+1","Trip","Self Repair","Compile Driver+1"],"relics":["Cracked Core","NeowsBlessing","Strawberry","Bottled Lightning","Shuriken","Du-Vu Doll","Whetstone","Black Star","Runic Capacitor"],"acts_visited":["Exordium","TheCity"],"potions_floor_usage":[14,18,23],"damage_taken":[{"damage":0,"enemies":"Small Slimes","floor":1,"turns":1},{"damage":0,"enemies":"Jaw Worm","floor":2,"turns":1},{"damage":0,"enemies":"2 Louse","floor":3,"turns":1},{"damage":11,"enemies":"Exordium Thugs","floor":4,"turns":5},{"damage":10,"enemies":"3 Sentries","floor":6,"turns":8},{"damage":44,"enemies":"Gremlin Nob","floor":8,"turns":6},{"damage":0,"enemies":"Looter","floor":10,"turns":3},{"damage":3,"enemies":"Lots of Slimes","floor":12,"turns":4},{"damage":13,"enemies":"Lagavulin","floor":14,"turns":5},{"damage":30,"enemies":"Hexaghost","floor":16,"turns":10},{"damage":24,"enemies":"2 Thieves","floor":18,"turns":5},{"damage":0,"enemies":"3 Byrds","floor":22,"turns":4},{"damage":39,"enemies":"Book of Stabbing","floor":23,"turns":5}],"seed_played":"-3047097943964214841","potions_obtained":[{"floor":1,"key":"LiquidMemories"},{"floor":3,"key":"DuplicationPotion"},{"floor":10,"key":"SkillPotion"},{"floor":16,"key":"Ancient Potion"},{"floor":18,"key":"EssenceOfSteel"},{"floor":22,"key":"FocusPotion"}],"is_trial":false,"path_per_floor":["M","M","M","M","?","E","R","E","T","M","R","M","?","E","R","B",null,"M","?","?","$","M","E"],"character_chosen":"DEFECT","items_purchased":["Trip","Runic Capacitor","Self Repair"],"campfire_rested":2,"item_purchase_floors":[21,21,21],"current_hp_per_floor":[75,75,75,64,64,61,61,17,17,17,41,38,35,22,46,16,82,58,58,58,58,58,19,19],"gold":25,"neow_bonus":"THREE_ENEMY_KILL","is_daily":false,"chose_seed":false,"campfire_upgraded":1,"win_rate":0.0,"timestamp":1609785613,"path_taken":["M","M","M","M","?","E","R","E","T","M","R","M","?","E","R","BOSS","M","?","?","$","M","E"],"items_purchased_type":["Card","Relic","Card"],"build_version":"2020-12-22","purchased_purges":1,"victory":false,"max_hp_per_floor":[75,75,75,75,75,82,82,82,82,82,82,82,82,82,82,82,82,82,82,82,82,82,82,82],"relic_stats":{"counters":[13,58],"Shuriken":[13],"Black Star":0,"Whetstone":["All For One","Scrape"],"obtain_stats":[{"Du-Vu Doll":13,"NeowsBlessing":0,"Shuriken":9,"Strawberry":6,"Black Star":17,"Runic Capacitor":21,"Bottled Lightning":8,"Whetstone":14,"Cracked Core":0},{"Du-Vu Doll":8,"NeowsBlessing":0,"Shuriken":6,"Strawberry":5,"Black Star":10,"Runic Capacitor":11,"Bottled Lightning":6,"Whetstone":9,"Cracked Core":0},{"Du-Vu Doll":29,"NeowsBlessing":0,"Shuriken":22,"Strawberry":16,"Black Star":44,"Runic Capacitor":49,"Bottled Lightning":22,"Whetstone":34,"Cracked Core":0}]},"card_choices":[{"not_picked":["Blizzard","Steam Power"],"picked":"Coolheaded","floor":1},{"not_picked":["Redo","Beam Cell"],"picked":"Gash","floor":2},{"not_picked":["Sweeping Beam","Compile Driver"],"picked":"Leap","floor":3},{"not_picked":["Reboot","Steam"],"picked":"Gash","floor":4},{"not_picked":["Self Repair","Ball Lightning"],"picked":"Leap","floor":6},{"not_picked":["Force Field","Coolheaded"],"picked":"Go for the Eyes","floor":8},{"not_picked":["Turbo","Conserve Battery"],"picked":"Scrape","floor":10},{"not_picked":["Sweeping Beam","Rebound"],"picked":"All For One","floor":12},{"not_picked":["Coolheaded","Fusion"],"picked":"Hologram","floor":14},{"not_picked":["Multi-Cast","Biased Cognition"],"picked":"Buffer","floor":16},{"not_picked":["Sweeping Beam","Coolheaded"],"picked":"Consume+1","floor":18},{"not_picked":["Hologram","Fusion+1"],"picked":"Compile Driver+1","floor":22}],"player_experience":177592,"relics_obtained":[{"floor":6,"key":"Strawberry"},{"floor":8,"key":"Bottled Lightning"},{"floor":9,"key":"Shuriken"},{"floor":14,"key":"Whetstone"}],"event_choices":[{"damage_healed":0,"gold_gain":0,"player_choice":"Ignored","damage_taken":0,"max_hp_gain":0,"max_hp_loss":0,"event_name":"Golden Idol","floor":5,"gold_loss":0},{"damage_healed":0,"gold_gain":0,"player_choice":"Success","damage_taken":3,"relics_obtained":["Du-Vu Doll"],"max_hp_gain":0,"max_hp_loss":0,"event_name":"Scrap Ooze","floor":13,"gold_loss":0},{"cards_removed":["Strike_B"],"damage_healed":0,"gold_gain":0,"player_choice":"Elegance","damage_taken":0,"max_hp_gain":0,"max_hp_loss":0,"event_name":"Back to Basics","floor":19,"gold_loss":0},{"damage_healed":0,"gold_gain":0,"player_choice":"Copied","damage_taken":0,"max_hp_gain":0,"max_hp_loss":0,"event_name":"Duplicator","floor":20,"gold_loss":0,"cards_obtained":["All For One"]}],"is_beta":false,"boss_relics":[{"not_picked":["Velvet Choker","Coffee Dripper"],"picked":"Black Star"}],"items_purged_floors":[21],"is_endless":false,"potions_floor_spawned":[1,3,10,16,18,22],"killed_by":"Book of Stabbing","ascension_level":0}}