{"host":"yuhy0i501zzmn1iz","time":1609747600,"event":{"mods":["AchievementEnabler","AlwaysNeverKeys","BaseMod","Bestiary","Better Match","Better Third Choice","Curses Come First","Downfall","Minty Spire (QoL Compilation)","StSLib","The Blue Laboratory","slay the spire mod where everything is the same but ironclad has a cowboy hat"],"gold_per_floor":[116,116,116,116,72,100,118,118,118,143,163,83,117,134,134,231,231,251,301,318,336,42,73,88,88,88,120,138,138,155,70,70,171,171,187,187,0,0,16,43,388,418,495,527,527,557,575,20,20,20,20,20,20,52,52],"floor_reached":56,"playtime":3151,"items_purged":[],"score":1524,"play_id":"fe53b136-e575-408f-aa30-efd5adbd886e","local_time":"20210104030640","is_ascension_mode":true,"campfire_choices":[{"floor":8.0,"key":"REST"},{"data":"Carnage","floor":15.0,"key":"SMITH"},{"data":"Bludgeon","floor":25.0,"key":"SMITH"},{"data":"Bludgeon","floor":29.0,"key":"SMITH"},{"floor":32.0,"key":"RECALL"},{"floor":45.0,"key":"REST"},{"data":"Panache","floor":49.0,"key":"SMITH"},{"data":"Impervious","floor":52.0,"key":"SMITH"}],"circlet_count":0,"master_deck":["Strike_R","Strike_R","Strike_R","Strike_R","Strike_R","Defend_R","Defend_R","Defend_R","Defend_R","Bash","Shrug It Off+1","Inflame","Entrench","Armaments","Rampage","Carnage+1","Bludgeon+1","Thunderclap","Cleave+1","Body Slam","Carnage","Bludgeon+1","Flame Barrier","Shrug It Off","Impervious+1","Immolate+1","Thunderclap+1","Fire Breathing+1","Rage","expansioncontent:Collect","expansioncontent:DashGenerateEvil","Mind Blast","Ghostly Armor+1","Disarm","Body Slam+1","Heavy Blade+1","Panache+1","Bludgeon"],"relics":["Burning Blood","betterThird:SlimedRelic","Regal Pillow","Mercury Hourglass","Mango","Pen Nib","Snecko Eye","Mummified Hand","Centennial Puzzle","Sundial","CaptainsWheel","Ornamental Fan","Astrolabe","Red Mask","Letter Opener","Old Coin","Singing Bowl","Ice Cream","StrikeDummy","Calipers","Bottled Lightning"],"acts_visited":["Exordium","TheCity","TheBeyond","TheEnding"],"potions_floor_usage":[],"damage_taken":[{"damage":10.0,"enemies":"Small Slimes","floor":1.0,"turns":4.0},{"damage":55.0,"enemies":"3 Sentries","floor":6.0,"turns":14.0},{"damage":1.0,"enemies":"2 Louse","floor":7.0,"turns":4.0},{"damage":7.0,"enemies":"Gremlin Nob","floor":10.0,"turns":5.0},{"damage":6.0,"enemies":"Cultist","floor":11.0,"turns":3.0},{"damage":30.0,"enemies":"Lagavulin","floor":13.0,"turns":6.0},{"damage":6.0,"enemies":"Looter","floor":14.0,"turns":2.0},{"damage":36.0,"enemies":"The Guardian","floor":16.0,"turns":10.0},{"damage":8.0,"enemies":"Shell Parasite","floor":18.0,"turns":4.0},{"damage":0.0,"enemies":"Spheric Guardian","floor":20.0,"turns":2.0},{"damage":8.0,"enemies":"Centurion and Healer","floor":21.0,"turns":4.0},{"damage":8.0,"enemies":"Slavers","floor":23.0,"turns":3.0},{"damage":24.0,"enemies":"Snake Plant","floor":24.0,"turns":3.0},{"damage":3.0,"enemies":"Gremlin Leader","floor":27.0,"turns":3.0},{"damage":1.0,"enemies":"Cultist and Chosen","floor":28.0,"turns":3.0},{"damage":16.0,"enemies":"Centurion and Healer","floor":30.0,"turns":4.0},{"damage":39.0,"enemies":"Champ","floor":33.0,"turns":6.0},{"damage":13.0,"enemies":"3 Shapes","floor":35.0,"turns":2.0},{"damage":10.0,"enemies":"3 Darklings","floor":39.0,"turns":3.0},{"damage":3.0,"enemies":"Nemesis","floor":40.0,"turns":7.0},{"damage":14.0,"enemies":"2 Orb Walkers","floor":41.0,"turns":3.0},{"damage":2.0,"enemies":"Reptomancer","floor":42.0,"turns":4.0},{"damage":55.0,"enemies":"Giant Head","floor":44.0,"turns":8.0},{"damage":8.0,"enemies":"Reptomancer","floor":46.0,"turns":3.0},{"damage":20.0,"enemies":"Writhing Mass","floor":47.0,"turns":4.0},{"damage":37.0,"enemies":"Awakened One","floor":50.0,"turns":10.0},{"damage":35.0,"enemies":"Shield and Spear","floor":54.0,"turns":6.0},{"damage":44,"enemies":"The Heart","floor":55,"turns":8}],"seed_played":"4272261977699179532","potions_obtained":[{"floor":0.0,"key":"blueLaboratory:EmptyBottle"},{"floor":0.0,"key":"blueLaboratory:EnragingPotion"},{"floor":0.0,"key":"blueLaboratory:IronCompound"},{"floor":7.0,"key":"Regen Potion"},{"floor":14.0,"key":"blueLaboratory:AbyssPotion"},{"floor":16.0,"key":"Ancient Potion"},{"floor":20.0,"key":"Ancient Potion"},{"floor":24.0,"key":"blueLaboratory:LouseDecoction"},{"floor":27.0,"key":"FearPotion"},{"floor":28.0,"key":"sneckomod:MuddlingPotion"},{"floor":35.0,"key":"blueLaboratory:ExaltedPotion"},{"floor":39.0,"key":"BloodPotion"},{"floor":40.0,"key":"champ:CounterPotion"},{"floor":41.0,"key":"BlessingOfTheForge"}],"is_trial":false,"path_per_floor":["M","?","?","?","?","E","M","R","T","E","M","$","E","M","R","B",null,"M","?","M","M","$","E","M","R","T","E","M","R","M","?","R","B",null,"M","?","?","?","M","E","?","E","T","E","R","E","M","$","R","B",null,"R","$","E","B",null],"character_chosen":"IRONCLAD","items_purchased":["Rampage","Carnage","Mummified Hand","Calipers","Panache","blueLaboratory:LouseDecoction"],"campfire_rested":2,"item_purchase_floors":[12,22,22,48,48,48],"current_hp_per_floor":[76,76,81,81,70,21,26,66,66,79,79,79,55,55,55,25,99,97,97,99,97,97,95,77,77,77,89,94,94,84,84,84,51,99,92,82,82,82,78,81,73,79,79,30,75,95,83,83,83,52,105,105,105,76,38],"gold":52,"neow_bonus":"THREE_SMALL_POTIONS","is_daily":false,"chose_seed":false,"campfire_upgraded":5,"win_rate":0.0,"timestamp":1609747600,"path_taken":["M","?","?","?","?","E","M","R","T","E","M","?","E","M","R","BOSS","M","?","M","?","$","E","M","R","T","E","M","R","M","?","R","BOSS","M","?","?","?","M","E","?","E","T","E","R","E","M","$","R","BOSS","R","$","E","BOSS"],"items_purchased_type":["Card","Card","Relic","Relic","Card","Potion"],"build_version":"2020-12-22","purchased_purges":0,"victory":true,"max_hp_per_floor":[80,80,85,85,85,85,85,85,85,99,99,99,99,99,99,99,99,99,99,99,99,99,99,99,99,99,99,99,99,99,99,99,99,99,99,99,99,99,99,99,99,101,101,101,101,103,105,105,105,105,105,105,105,105,105],"card_choices":[{"not_picked":["True Grit","Armaments"],"picked":"Shrug It Off","floor":1.0},{"not_picked":["Rupture","Fiend Fire"],"picked":"Inflame","floor":6.0},{"not_picked":["Clothesline","Twin Strike"],"picked":"Entrench","floor":7.0},{"not_picked":["Anger","Clash"],"picked":"Iron Wave","floor":10.0},{"not_picked":["Warcry","Dark Embrace"],"picked":"Armaments","floor":11.0},{"not_picked":["Juggernaut","True Grit"],"picked":"Armaments","floor":13.0},{"not_picked":["Spot Weakness","Flame Barrier"],"picked":"Carnage","floor":14.0},{"not_picked":["Offering","Fiend Fire"],"picked":"Bludgeon","floor":16.0},{"not_picked":["Headbutt","Entrench"],"picked":"Thunderclap","floor":18.0},{"not_picked":["Infernal Blade","Heavy Blade"],"picked":"Cleave+1","floor":20.0},{"not_picked":["Hemokinesis","Havoc"],"picked":"Body Slam","floor":21.0},{"not_picked":["Heavy Blade+1","Flex"],"picked":"Bludgeon","floor":23.0},{"not_picked":["Burning Pact","True Grit"],"picked":"Flame Barrier","floor":24.0},{"not_picked":["Fire Breathing+1","Havoc+1"],"picked":"Shrug It Off","floor":27.0},{"not_picked":["Pommel Strike","Warcry"],"picked":"Sever Soul","floor":28.0},{"not_picked":["Reckless Charge","Thunderclap"],"picked":"Sword Boomerang","floor":30.0},{"not_picked":["Bludgeon","Juggernaut"],"picked":"Impervious","floor":33.0},{"not_picked":["Twin Strike","Sword Boomerang+1"],"picked":"Rage","floor":35.0},{"not_picked":["expansioncontent:DecasProtection","Panacea"],"picked":"expansioncontent:Collect","floor":36.0},{"not_picked":["Magnetism","expansioncontent:DecasProtection"],"picked":"expansioncontent:DashGenerateEvil","floor":36.0},{"not_picked":["expansioncontent:FaceSlap","Swift Strike"],"picked":"Mind Blast","floor":36.0},{"not_picked":["Sword Boomerang","Iron Wave+1"],"picked":"Ghostly Armor+1","floor":39.0},{"not_picked":["Bloodletting+1","Feed"],"picked":"Disarm","floor":40.0},{"not_picked":["Clothesline","Seeing Red+1"],"picked":"Body Slam+1","floor":41.0},{"not_picked":["Anger","Reckless Charge+1","Flex"],"picked":"Singing Bowl","floor":42.0},{"not_picked":["Second Wind","Bloodletting"],"picked":"Heavy Blade+1","floor":44.0},{"not_picked":["Rage+1","Spot Weakness+1","Perfected Strike"],"picked":"Singing Bowl","floor":46.0},{"not_picked":["Ghostly Armor+1","Clothesline+1","Blood for Blood+1"],"picked":"Singing Bowl","floor":47.0},{"not_picked":["Body Slam","Battle Trance+1"],"picked":"Bludgeon","floor":54.0}],"player_experience":263002,"relics_obtained":[{"floor":6.0,"key":"Regal Pillow"},{"floor":9.0,"key":"Mercury Hourglass"},{"floor":10.0,"key":"Mango"},{"floor":13.0,"key":"Pen Nib"},{"floor":23.0,"key":"Centennial Puzzle"},{"floor":26.0,"key":"Sundial"},{"floor":27.0,"key":"CaptainsWheel"},{"floor":40.0,"key":"Letter Opener"},{"floor":41.0,"key":"Old Coin"},{"floor":42.0,"key":"Singing Bowl"},{"floor":44.0,"key":"Ice Cream"},{"floor":46.0,"key":"StrikeDummy"},{"floor":54.0,"key":"Bottled Lightning"}],"event_choices":[{"damage_healed":0.0,"max_hp_gain":0.0,"max_hp_loss":0.0,"gold_gain":0.0,"event_name":"Living Wall","player_choice":"Grow","floor":2.0,"gold_loss":0.0,"damage_taken":0.0,"cards_upgraded":["Shrug It Off"]},{"damage_healed":0.0,"max_hp_gain":5.0,"max_hp_loss":0.0,"gold_gain":0.0,"event_name":"Big Fish","player_choice":"Donut","floor":3.0,"gold_loss":0.0,"damage_taken":0.0},{"damage_healed":0.0,"max_hp_gain":0.0,"max_hp_loss":0.0,"gold_gain":0.0,"event_name":"The Cleric","player_choice":"Leave","floor":4.0,"gold_loss":0.0,"damage_taken":0.0},{"damage_healed":0.0,"max_hp_gain":0.0,"max_hp_loss":0.0,"gold_gain":0.0,"event_name":"betterThird:BetterGoop","player_choice":"Slimed","floor":5.0,"gold_loss":44.0,"damage_taken":11.0},{"damage_healed":0.0,"max_hp_gain":0.0,"max_hp_loss":0.0,"gold_gain":100.0,"event_name":"The Joust","player_choice":"Bet on Murderer","floor":19.0,"gold_loss":50.0,"damage_taken":0.0},{"damage_healed":0.0,"max_hp_gain":0.0,"max_hp_loss":0.0,"gold_gain":0.0,"event_name":"Addict","player_choice":"Obtained Relic","floor":31.0,"gold_loss":85.0,"damage_taken":0.0,"relics_obtained":["Ornamental Fan"]},{"damage_healed":0.0,"max_hp_gain":0.0,"max_hp_loss":0.0,"gold_gain":0.0,"event_name":"SensoryStone","player_choice":"Memory 3","floor":36.0,"gold_loss":0.0,"damage_taken":10.0},{"damage_healed":0.0,"max_hp_gain":0.0,"max_hp_loss":0.0,"gold_gain":0.0,"event_name":"Tomb of Lord Red Mask","player_choice":"Paid","floor":37.0,"gold_loss":187.0,"damage_taken":0.0,"relics_obtained":["Red Mask"]},{"cards_removed":["Armaments"],"damage_healed":0.0,"max_hp_gain":0.0,"max_hp_loss":0.0,"gold_gain":0.0,"event_name":"Falling","player_choice":"Removed Skill","floor":38.0,"gold_loss":0.0,"damage_taken":0.0},{"damage_healed":0.0,"max_hp_gain":0.0,"max_hp_loss":0.0,"gold_gain":0.0,"event_name":"Mysterious Sphere","player_choice":"Fight","floor":41.0,"gold_loss":0.0,"damage_taken":0.0}],"is_beta":false,"boss_relics":[{"not_picked":["Coffee Dripper","Black Star"],"picked":"Snecko Eye"},{"not_picked":["SlaversCollar","Sozu"],"picked":"Astrolabe"}],"items_purged_floors":[],"is_endless":false,"potions_floor_spawned":[7,14,16,20,24,27,28,35,39,40,41],"ascension_level":3}}