{"host":"2ulm0pyp8jok7fk5","time":1609762059,"event":{"mods":["Act Like it!","Arknights The Spire","BaseMod","Gensokyo","Minty Spire (QoL Compilation)","Remilia£®¿Ÿ√◊¿Ú—«£©","StSLib","The Servant 0.9.4","Youmu£®ªÍ∆«—˝√Œ£©"],"gold_per_floor":[114,126,143,143,143,172,192,203,203,234,244,244,244,131,131,232,232,246,0,0,18,32,67,67,67,67],"floor_reached":25,"playtime":1381,"items_purged":["ats:Flexible Camouflage"],"score":233,"play_id":"295a20aa-4c04-4dbe-8b39-b00bc726670d","local_time":"20210104200739","daily_mods":["SealedDeck","Heirloom","Time Dilation"],"is_ascension_mode":false,"campfire_choices":[{"floor":12,"key":"REST"},{"data":"ats:Burning Ground","floor":15,"key":"SMITH"}],"circlet_count":0,"master_deck":["ats:Thorns","ats:Shell Defense","ats:Charging Defense+1","ats:Revitalization","ats:Ignite","ats:Very Hot Blade","ats:Burning Ground+1","ats:Very Hot Blade+1","ats:Mental Burst","ats:Revitalization","ats:Revitalization+1","ats:Healing Strengthening"],"relics":["ats:Sanity","ats:Emergency Defibrillator","Gensokyo:OccultBall","ats:Originium","Eternal Feather","Ornamental Fan","Lantern","Runic Pyramid","Potion Belt"],"acts_visited":["Gensokyo:Gensokyo","Gensokyo:Gensokyoer"],"potions_floor_usage":[],"damage_taken":[{"damage":13,"enemies":"Gensokyo:2_Kodama","floor":1,"turns":3},{"damage":3,"enemies":"Gensokyo:Python","floor":2,"turns":3},{"damage":5,"enemies":"Gensokyo:Gryphon","floor":3,"turns":3},{"damage":2,"enemies":"Gensokyo:Mamizou","floor":6,"turns":6},{"damage":9,"enemies":"Gensokyo:Python_and_Kodama","floor":7,"turns":2},{"damage":26,"enemies":"Gensokyo:Gryphon_and_Rabbit","floor":8,"turns":5},{"damage":6,"enemies":"Gensokyo:Cirno","floor":10,"turns":6},{"damage":10,"enemies":"Gensokyo:2_Rabbits","floor":11,"turns":3},{"damage":30,"enemies":"Gensokyo:Kokoro","floor":16,"turns":10},{"damage":6,"enemies":"Gensokyo:Chomper","floor":18,"turns":3},{"damage":8,"enemies":"Gensokyo:2_Gloops","floor":21,"turns":3},{"damage":18,"enemies":"Gensokyo:Wraith","floor":22,"turns":5},{"damage":74,"enemies":"Gensokyo:Koishi","floor":23,"turns":6},{"damage":30,"enemies":"Gensokyo:Swordslinger","floor":25,"turns":1}],"seed_played":"5063691372995765936","potions_obtained":[{"floor":1,"key":"Weak Potion"},{"floor":7,"key":"Ancient Potion"},{"floor":8,"key":"LiquidMemories"}],"is_trial":true,"path_per_floor":["M","M","M","?","?","E","M","M","T","E","M","R","?","$","R","B",null,"M","?","$","M","M","E","?","M"],"character_chosen":"DOCTOR_CLASS","items_purchased":["ats:Healing Strengthening"],"campfire_rested":1,"item_purchase_floors":[14],"current_hp_per_floor":[61,58,53,53,53,58,52,35,35,38,41,68,68,68,72,71,72,66,66,66,66,69,20,25,0,0],"gold":67,"neow_bonus":"","is_daily":false,"chose_seed":false,"campfire_upgraded":1,"win_rate":0.0,"timestamp":1609762059,"path_taken":["M","M","M","?","?","E","?","M","T","E","M","R","?","$","R","BOSS","M","?","$","M","M","E","?","?"],"items_purchased_type":["Card"],"build_version":"2020-12-22","purchased_purges":1,"victory":false,"max_hp_per_floor":[72,72,72,72,72,72,72,72,72,72,72,72,72,72,72,72,72,72,72,72,72,72,72,77,77,77],"card_choices":[{"not_picked":["ats:Apocalypse","ats:Song Of Battle"],"picked":"ats:Very Hot Blade","floor":1},{"not_picked":["ats:Explosion Area Strengthen","ats:Ignite"],"picked":"ats:Mental Burst","floor":2},{"not_picked":["ats:Encircling Forest","ats:Hammer On"],"picked":"ats:Revitalization","floor":3},{"not_picked":["ats:Beaten Up","ats:Blood Oath","ats:Durian"],"picked":"SKIP","floor":6},{"not_picked":["ats:Beaten Up","ats:Blood Oath","ats:Durian"],"picked":"SKIP","floor":6},{"not_picked":["ats:Cat Scratch","ats:Consecutive Shot Auto","ats:Poison Spread"],"picked":"SKIP","floor":7},{"not_picked":["ats:Ignite","ats:Shell Defense","ats:Assault Order"],"picked":"SKIP","floor":8},{"not_picked":["ats:Curse Doll","ats:Song Of Battle"],"picked":"ats:Revitalization","floor":10},{"not_picked":["ats:Chain Hook","ats:Shadow Raid","ats:Revitalization"],"picked":"SKIP","floor":11},{"not_picked":["ats:Collapsing Strike","ats:Explosion Area Strengthen","ats:Flexible Camouflage"],"picked":"SKIP","floor":18},{"not_picked":["ats:Collapsing Strike","ats:Explosion Area Strengthen","ats:Flexible Camouflage"],"picked":"SKIP","floor":18},{"not_picked":["ats:Automatic Cover","ats:Apocalypse","ats:Shadow Raid"],"picked":"SKIP","floor":21},{"not_picked":["ats:Childhood Dance","ats:Consecutive Shot Auto","ats:Song Of Battle"],"picked":"SKIP","floor":22},{"not_picked":["ats:Magnetic Hammer","ats:Sword Rain","ats:Calcification"],"picked":"SKIP","floor":23}],"player_experience":46839,"relics_obtained":[{"floor":6,"key":"ats:Originium"},{"floor":6,"key":"Eternal Feather"},{"floor":9,"key":"Ornamental Fan"},{"floor":10,"key":"ats:Originium"},{"floor":10,"key":"Lantern"},{"floor":16,"key":"Gensokyo:OccultBall"},{"floor":23,"key":"ats:Originium"},{"floor":23,"key":"Potion Belt"}],"event_choices":[],"is_beta":false,"boss_relics":[{"not_picked":["Black Star","Busted Crown"],"picked":"Runic Pyramid"}],"items_purged_floors":[14],"is_endless":false,"potions_floor_spawned":[1,7,8,10,18],"killed_by":"Gensokyo:Swordslinger","ascension_level":0}}