{"host":"8do8g93j8cfcoe9q","time":1609731174,"event":{"mods":["BaseMod","Downfall","Minty Spire (QoL Compilation)","StSLib"],"gold_per_floor":[119,133,150,150,75,75,88,88,139,157,104,69,69,82,82,186,186,204,174,29,29,29,29,29,39,39,56,69,69,85,0,0,98,98,116,116,116,131,150,150,162,162,189,189,89,106,106,106,106],"floor_reached":48,"playtime":4368,"items_purged":["Pain","Parasite"],"score":424,"play_id":"7f02b863-179b-4dcc-a13d-868197115abf","local_time":"20210103213254","is_ascension_mode":false,"campfire_choices":[{"data":"Adrenaline","floor":6.0,"key":"SMITH"},{"data":"Dodge and Roll","floor":8.0,"key":"SMITH"},{"data":"Venomology","floor":15.0,"key":"SMITH"},{"data":"RitualDagger","floor":23.0,"key":"SMITH"},{"floor":32.0,"key":"REST"},{"data":"Burst","floor":40.0,"key":"SMITH"}],"circlet_count":0,"master_deck":["Strike_G","Strike_G","Strike_G","Strike_G","Strike_G","Defend_G","Defend_G","Defend_G","Defend_G","Defend_G","Survivor","Neutralize","Adrenaline+1","Flying Knee","Flying Knee","Dodge and Roll+1","Venomology+1","Outmaneuver","Tools of the Trade","Outmaneuver","RitualDagger+1","Blur+1","Burst+1","Blur+1","Footwork"],"relics":["Ring of the Snake","WarpedTongs","Bag of Preparation","Runic Pyramid","Potion Belt","Kunai","Bottled Lightning","SacredBark","Juzu Bracelet","Boot"],"acts_visited":[],"potions_floor_usage":[],"damage_taken":[{"damage":6.0,"enemies":"Cultist","floor":1.0,"turns":3.0},{"damage":2.0,"enemies":"Small Slimes","floor":2.0,"turns":3.0},{"damage":0.0,"enemies":"2 Louse","floor":3.0,"turns":2.0},{"damage":2.0,"enemies":"Looter","floor":7.0,"turns":3.0},{"damage":1.0,"enemies":"Exordium Thugs","floor":10.0,"turns":4.0},{"damage":2.0,"enemies":"3 Louse","floor":14.0,"turns":3.0},{"damage":34.0,"enemies":"Slime Boss","floor":16.0,"turns":12.0},{"damage":0.0,"enemies":"3 Byrds","floor":18.0,"turns":5.0},{"damage":6.0,"enemies":"Chosen","floor":25.0,"turns":4.0},{"damage":10.0,"enemies":"Snecko","floor":27.0,"turns":7.0},{"damage":21.0,"enemies":"Sentry and Sphere","floor":28.0,"turns":8.0},{"damage":3.0,"enemies":"Centurion and Healer","floor":30.0,"turns":7.0},{"damage":11.0,"enemies":"Automaton","floor":33.0,"turns":11.0},{"damage":1.0,"enemies":"3 Shapes","floor":35.0,"turns":6.0},{"damage":25.0,"enemies":"3 Darklings","floor":38.0,"turns":9.0},{"damage":1.0,"enemies":"Jaw Worm Horde","floor":39.0,"turns":10.0},{"damage":2.0,"enemies":"Writhing Mass","floor":41.0,"turns":8.0},{"damage":19.0,"enemies":"Maw","floor":46.0,"turns":15.0},{"damage":0.0,"enemies":"Jaw Worm Horde","floor":47.0,"turns":1.0},{"damage":0,"enemies":"Writhing Mass","floor":48,"turns":1}],"seed_played":"122349291984152624","potions_obtained":[{"floor":1.0,"key":"Block Potion"},{"floor":3.0,"key":"Block Potion"},{"floor":7.0,"key":"Fruit Juice"},{"floor":10.0,"key":"ColorlessPotion"},{"floor":19.0,"key":"LiquidBronze"},{"floor":19.0,"key":"CultistPotion"},{"floor":25.0,"key":"Poison Potion"},{"floor":33.0,"key":"LiquidBronze"},{"floor":41.0,"key":"Swift Potion"},{"floor":46.0,"key":"SmokeBomb"}],"is_trial":false,"path_per_floor":["M","M","M","?","$","R","M","R","T","M","$","?","$","M","R","B",null,"M","?","$","?","?","R","T","M","T","M","M","?","M","?","R","B",null,"M","?","$","M","M","R","M","?","T","?","$","M","M","M"],"character_chosen":"THE_SILENT","items_purchased":["Outmaneuver","Potion Belt"],"campfire_rested":1,"item_purchase_floors":[11,20],"current_hp_per_floor":[64,62,62,62,62,62,65,65,65,64,64,75,75,73,73,39,75,75,75,75,75,69,69,69,63,63,53,32,18,15,15,39,43,80,79,76,76,51,50,50,48,48,48,48,48,29,29,29,29],"gold":106,"neow_bonus":"ONE_RANDOM_RARE_CARD","is_daily":false,"chose_seed":false,"campfire_upgraded":5,"win_rate":0.0,"timestamp":1609731174,"path_taken":["M","M","?","?","$","R","?","R","T","M","$","?","$","M","R","BOSS","M","?","$","?","?","R","?","M","T","M","?","?","M","?","R","BOSS","M","?","$","M","M","R","M","?","T","?","$","M","M","M"],"items_purchased_type":["Card","Relic"],"build_version":"2020-12-22","purchased_purges":2,"victory":false,"max_hp_per_floor":[70,70,70,70,70,70,75,75,75,75,75,75,75,75,75,75,75,75,75,75,75,75,75,75,75,75,75,75,80,80,80,80,80,80,80,76,76,76,76,76,76,76,76,76,73,73,73,73,73],"card_choices":[{"not_picked":["Riddle With Holes","Prepared"],"picked":"Flying Knee","floor":1.0},{"not_picked":["Catalyst","Distraction","Masterful Stab"],"picked":"SKIP","floor":2.0},{"not_picked":["Terror","Underhanded Strike"],"picked":"Flying Knee","floor":3.0},{"not_picked":["All Out Attack","Acrobatics"],"picked":"Dodge and Roll","floor":7.0},{"not_picked":["Heel Hook","Dagger Spray"],"picked":"Venomology","floor":10.0},{"not_picked":["Dash","Escape Plan","Acrobatics"],"picked":"SKIP","floor":14.0},{"not_picked":["Phantasmal Killer","Envenom"],"picked":"Tools of the Trade","floor":16.0},{"not_picked":["Dodge and Roll","Dagger Throw","PiercingWail+1"],"picked":"SKIP","floor":18.0},{"not_picked":["Dagger Spray","Blade Dance","Bane"],"picked":"SKIP","floor":25.0},{"not_picked":["Outmaneuver","Prepared+1","Dagger Spray"],"picked":"SKIP","floor":27.0},{"not_picked":["Underhanded Strike","Well Laid Plans"],"picked":"Dodge and Roll","floor":28.0},{"not_picked":["Tactician","Dagger Spray+1"],"picked":"Blur+1","floor":30.0},{"not_picked":["Malaise","Envenom"],"picked":"Burst","floor":33.0},{"not_picked":["Terror+1","Expertise+1","Underhanded Strike+1"],"picked":"SKIP","floor":35.0},{"not_picked":["Footwork+1","Flechettes+1"],"picked":"Blur+1","floor":38.0},{"not_picked":["Blade Dance","Dagger Spray+1","Underhanded Strike+1"],"picked":"SKIP","floor":39.0},{"not_picked":["Infinite Blades+1","Deflect"],"picked":"Footwork","floor":41.0},{"not_picked":["Dagger Throw","Dodge and Roll+1","Caltrops+1"],"picked":"SKIP","floor":46.0}],"player_experience":116143,"relics_obtained":[{"floor":9.0,"key":"Bag of Preparation"},{"floor":24.0,"key":"Kunai"},{"floor":26.0,"key":"Bottled Lightning"},{"floor":43.0,"key":"Boot"}],"event_choices":[{"damage_healed":0.0,"max_hp_gain":0.0,"max_hp_loss":0.0,"gold_gain":0.0,"event_name":"Accursed Blacksmith","player_choice":"Rummage","floor":4.0,"gold_loss":0.0,"damage_taken":0.0,"relics_obtained":["WarpedTongs"],"cards_obtained":["Pain"]},{"damage_healed":18.0,"max_hp_gain":0.0,"max_hp_loss":0.0,"gold_gain":0.0,"event_name":"The Cleric","player_choice":"Healed","floor":12.0,"gold_loss":35.0,"damage_taken":0.0},{"damage_healed":0.0,"max_hp_gain":0.0,"max_hp_loss":0.0,"gold_gain":0.0,"event_name":"The Woman in Blue","player_choice":"Bought 2 Potions","floor":19.0,"gold_loss":0.0,"damage_taken":0.0},{"damage_healed":0.0,"max_hp_gain":0.0,"max_hp_loss":0.0,"gold_gain":0.0,"event_name":"The Library","player_choice":"Read","floor":21.0,"gold_loss":0.0,"damage_taken":0.0,"cards_obtained":["Outmaneuver"]},{"damage_healed":0.0,"max_hp_gain":0.0,"max_hp_loss":0.0,"gold_gain":0.0,"event_name":"Nest","player_choice":"Joined the Cult","floor":22.0,"gold_loss":0.0,"damage_taken":6.0,"cards_obtained":["RitualDagger"]},{"damage_healed":0.0,"max_hp_gain":5.0,"max_hp_loss":0.0,"gold_gain":0.0,"event_name":"Forgotten Altar","player_choice":"Shed Blood","floor":29.0,"gold_loss":0.0,"damage_taken":19.0},{"damage_healed":0.0,"max_hp_gain":0.0,"max_hp_loss":0.0,"gold_gain":0.0,"event_name":"Masked Bandits","player_choice":"Paid Fearfully","floor":31.0,"gold_loss":85.0,"damage_taken":0.0},{"damage_healed":0.0,"max_hp_gain":0.0,"max_hp_loss":4.0,"gold_gain":0.0,"event_name":"Winding Halls","player_choice":"Max HP","floor":36.0,"gold_loss":0.0,"damage_taken":0.0},{"damage_healed":0.0,"max_hp_gain":0.0,"max_hp_loss":0.0,"gold_gain":0.0,"event_name":"WeMeetAgain","player_choice":"Gave Potion","floor":42.0,"gold_loss":0.0,"damage_taken":0.0,"relics_obtained":["Juzu Bracelet"]},{"cards_removed":["Dodge and Roll"],"damage_healed":0.0,"max_hp_gain":0.0,"max_hp_loss":0.0,"gold_gain":0.0,"event_name":"Falling","player_choice":"Removed Skill","floor":44.0,"gold_loss":0.0,"damage_taken":0.0}],"is_beta":false,"boss_relics":[{"not_picked":["Fusion Hammer","WristBlade"],"picked":"Runic Pyramid"},{"not_picked":["Runic Dome","HoveringKite"],"picked":"SacredBark"}],"items_purged_floors":[5,45],"is_endless":false,"potions_floor_spawned":[1,3,7,10,25,33,41,46,47],"killed_by":"Writhing Mass","ascension_level":0}}