{"host":"jfjanrmpavyj4ikg","time":1609750935,"event":{"mods":["AchievementEnabler","BaseMod","BetterRewards","Colored Map","Colored Powertips","GifTheSpireLib","Infinite Spire","Minty Spire (QoL Compilation)","Quick Restart","Rare Cards Sparkle","Shop Mod","StSLib"],"gold_per_floor":[114,130,205,216,216,216,228,153,153,153,53,53,71,71,71,71,71],"floor_reached":16,"playtime":1056,"items_purged":["Defend_B","Strike_B"],"score":90,"play_id":"473a7d66-a7f1-4bc0-92d9-091332074202","local_time":"20210104010215","is_ascension_mode":false,"campfire_choices":[{"data":"Conserve Battery","floor":6,"key":"SMITH"},{"data":"Zap","floor":12,"key":"SMITH"},{"data":"infinitespire:FutureSight","floor":15,"key":"SMITH"}],"circlet_count":0,"master_deck":["Strike_B","Strike_B","Strike_B","Defend_B","Defend_B","Defend_B","Zap+1","Dualcast","Cold Snap","Conserve Battery+1","Redo+1","Conserve Battery","infinitespire:FutureSight+1"],"relics":["Cracked Core","Centennial Puzzle"],"acts_visited":["Exordium"],"potions_floor_usage":[],"damage_taken":[{"damage":0,"enemies":"2 Louse","floor":1,"turns":2},{"damage":3,"enemies":"Jaw Worm","floor":2,"turns":4},{"damage":0,"enemies":"Small Slimes","floor":4,"turns":2},{"damage":1,"enemies":"3 Louse","floor":7,"turns":4},{"damage":0,"enemies":"Exordium Thugs","floor":13,"turns":4},{"damage":17,"enemies":"The Guardian","floor":16,"turns":4}],"seed_played":"2719510952167443341","potions_obtained":[{"floor":1,"key":"Strength Potion"},{"floor":7,"key":"LiquidBronze"},{"floor":13,"key":"Block Potion"}],"is_trial":false,"path_per_floor":["M","M","?","M","T","R","M","$","T","?","$","R","M","?","R","B"],"character_chosen":"DEFECT","items_purchased":[],"campfire_rested":0,"item_purchase_floors":[],"current_hp_per_floor":[82,79,68,68,68,68,67,67,67,67,67,67,67,48,48,31,31],"gold":71,"neow_bonus":"TEN_PERCENT_HP_BONUS","is_daily":false,"chose_seed":false,"campfire_upgraded":3,"win_rate":0.0,"timestamp":1609750935,"path_taken":["M","M","?","M","?","R","M","$","T","?","$","R","?","?","R","BOSS"],"items_purchased_type":[],"build_version":"2020-12-22","purchased_purges":2,"victory":false,"max_hp_per_floor":[82,82,82,82,82,82,82,82,82,82,82,82,82,82,82,82,82],"card_choices":[{"not_picked":["Aggregate","Static Discharge"],"picked":"Cold Snap","floor":1},{"not_picked":["Hologram","Redo"],"picked":"Conserve Battery","floor":2},{"not_picked":["Steam","Leap","Hologram"],"picked":"SKIP","floor":4},{"not_picked":["Rip and Tear","Static Discharge"],"picked":"Redo","floor":7},{"not_picked":["Rainbow","Hologram"],"picked":"Conserve Battery","floor":13},{"not_picked":["infinitespire:UltimateForm","infinitespire:SevenWalls"],"picked":"infinitespire:FutureSight","floor":14}],"player_experience":42006,"relics_obtained":[{"floor":5,"key":"Centennial Puzzle"}],"event_choices":[{"damage_healed":0,"gold_gain":75,"player_choice":"Gather Gold","damage_taken":11,"max_hp_gain":0,"max_hp_loss":0,"event_name":"World of Goop","floor":3,"gold_loss":0},{"damage_healed":0,"gold_gain":0,"player_choice":"Upgraded","damage_taken":0,"max_hp_gain":0,"max_hp_loss":0,"event_name":"Upgrade Shrine","floor":10,"gold_loss":0,"cards_upgraded":["Redo"]}],"is_beta":false,"boss_relics":[],"items_purged_floors":[8,11],"is_endless":false,"potions_floor_spawned":[1,7,13],"killed_by":"The Guardian","ascension_level":0}}