{"host":"dntw6kil9p09eemm","time":1609784439,"event":{"mods":["Alarm Clock","Aspiration","BaseMod","Colored Powertips","Downfall","Hermit","Hubris","Keyboard Shortcuts","Minty Spire (QoL Compilation)","Permanent Neow","Replay The Spire","Shop Mod","StSLib","The Runesmith"],"gold_per_floor":[112,128,147,161,161,196,196,209,209,219,229,229,229,102,102,202,202,218,236,254,267,314,314,333,333,333,349,349,349,54,66,66,166,166,185,97,117,132,147,147,164,164,164,164,183,183,183,0,0,0],"floor_reached":51,"playtime":3107,"items_purged":["Guardian:Defend_Guardian","Guardian:Defend_Guardian"],"score":630,"play_id":"81232b70-60b5-461d-83dd-330ac9a5a2c0","local_time":"20210105032039","is_ascension_mode":false,"campfire_choices":[{"data":"Guardian:SpikerProtocol","floor":7.0,"key":"SMITH"},{"data":"Guardian:TwinSlam","floor":12.0,"key":"SMITH"},{"data":"Guardian:RollAttack","floor":15.0,"key":"SMITH"},{"floor":23,"key":"REST"},{"floor":25,"key":"REST"},{"data":"Guardian:TimeBomb","floor":32,"key":"SMITH"},{"data":"Thunderclap","floor":40,"key":"SMITH"},{"floor":46,"key":"REST"},{"floor":49,"key":"REST"}],"circlet_count":0,"master_deck":["Guardian:Strike_Guardian","Guardian:Strike_Guardian","Guardian:Strike_Guardian","Guardian:Strike_Guardian","Guardian:Defend_Guardian","Guardian:Defend_Guardian","Guardian:CurlUp","Guardian:TwinSlam+1","Guardian:ShieldSpikes","Guardian:SpikerProtocol+1","Guardian:Gem_Red","Spot Weakness","Thunderclap+1","Flex","Guardian:Gem_Crimson","Guardian:RollAttack+1","Injury","Demon Form","Guardian:TimeBomb+1","Guardian:ChargeCore+1","Guardian:Gem_Fragmented","Guardian:Gem_Purple","Guardian:DecasProtection+1","Guardian:Gem_Lightblue","Guardian:Incinerate+1","Guardian:Incinerate+1","Guardian:Gem_Crimson","Guardian:Gem_Orange","Guardian:Gem_Blue","Guardian:Gem_Red","Guardian:DecasProtection","Guardian:StasisStrike+1"],"relics":["Guardian:ModeShifter","aspiration:Nostalgia","m_GuardianBlood","Bronze Scales","hexamod:BolsterEngine","Molten Egg 2","MerchantsRug","Guardian:PocketSentry","Bottled Flame","Bottled Tornado","Painkiller Herb","Frozen Egg 2","Membership Card"],"acts_visited":["Exordium","TheCity","TheBeyond"],"potions_floor_usage":[21,35,41,45,50],"damage_taken":[{"damage":0.0,"enemies":"Small Slimes","floor":1.0,"turns":4.0},{"damage":0.0,"enemies":"Jaw Worm","floor":2.0,"turns":4.0},{"damage":0.0,"enemies":"2 Louse","floor":3.0,"turns":3.0},{"damage":0.0,"enemies":"Looter","floor":4.0,"turns":4.0},{"damage":19.0,"enemies":"Lagavulin","floor":6.0,"turns":9.0},{"damage":15.0,"enemies":"Large Slime","floor":8.0,"turns":6.0},{"damage":2.0,"enemies":"Blue Slaver","floor":10.0,"turns":2.0},{"damage":0.0,"enemies":"3 Louse","floor":11.0,"turns":2.0},{"damage":48.0,"enemies":"Fading Forest","floor":16.0,"turns":11.0},{"damage":14,"enemies":"3 Byrds","floor":18,"turns":2},{"damage":22,"enemies":"Spheric Guardian","floor":19,"turns":4},{"damage":14,"enemies":"Cultist and Chosen","floor":20,"turns":4},{"damage":9,"enemies":"Snake Plant","floor":21,"turns":4},{"damage":29,"enemies":"Snecko","floor":24,"turns":6},{"damage":2,"enemies":"Centurion and Healer","floor":27,"turns":6},{"damage":12,"enemies":"Colosseum Slavers","floor":29,"turns":4},{"damage":3,"enemies":"Snake Plant","floor":31,"turns":3},{"damage":64,"enemies":"hubris:MusketHawk","floor":33,"turns":10},{"damage":19,"enemies":"3 Darklings","floor":35,"turns":4},{"damage":6,"enemies":"Orb Walker","floor":37,"turns":3},{"damage":6,"enemies":"Sphere and 2 Shapes","floor":38,"turns":3},{"damage":13,"enemies":"3 Darklings","floor":39,"turns":2},{"damage":41,"enemies":"Maw","floor":41,"turns":8},{"damage":22,"enemies":"Transient","floor":45,"turns":5},{"damage":52,"enemies":"Donu and Deca","floor":50,"turns":6}],"seed_played":"-6798101905155366551","potions_obtained":[{"floor":2.0,"key":"EntropicBrew"},{"floor":6.0,"key":"PowerPotion"},{"floor":8.0,"key":"Guardian:StasisDiscoveryPotion"},{"floor":19,"key":"Block Potion"},{"floor":20,"key":"LifebloodPotion"},{"floor":21,"key":"PowerPotion"},{"floor":33,"key":"Elixir"},{"floor":35,"key":"LiquidBronze"},{"floor":38,"key":"Milkshake"},{"floor":41,"key":"Toxic Potion"}],"is_trial":false,"path_per_floor":["M","M","M","M","?","E","R","M","T","M","M","R","?","$","R","B",null,"M","M","M","M","$","R","M","R","T","M","?","?","$","M","R","B",null,"?","T","?","?","?","T","?","?","T","?","?","T","?","T","T","B",null],"character_chosen":"GUARDIAN","items_purchased":["MerchantsRug","Guardian:Gem_Purple","Bottled Tornado","Guardian:Incinerate+1","Membership Card","Guardian:StasisStrike+1"],"campfire_rested":4,"item_purchase_floors":[14,22,30,30,48,48],"current_hp_per_floor":[80,80,80,80,80,67,67,58,58,62,68,68,68,68,68,48,80,72,56,48,45,45,69,46,70,70,74,74,68,68,71,71,13,80,67,67,67,67,60,60,25,25,25,25,9,33,36,36,60,14],"gold":0,"neow_bonus":"NOSTALGIA","is_daily":false,"chose_seed":false,"campfire_upgraded":5,"win_rate":0.0,"timestamp":1609784439,"path_taken":["M","M","M","M","?","E","R","M","T","M","M","R","?","$","R","BOSS","M","M","M","M","$","R","M","R","T","M","?","?","$","M","R","BOSS","?","T","?","?","?","T","?","?","T","?","?","T","?","?","T","BOSS"],"items_purchased_type":["Relic","Card","Relic","Card","Relic","Card"],"build_version":"2020-12-22","purchased_purges":2,"victory":true,"max_hp_per_floor":[80,80,80,80,80,80,80,80,80,80,80,80,80,80,80,80,80,80,80,80,80,80,80,80,80,80,80,80,80,80,80,80,80,80,80,80,80,80,80,80,80,80,80,80,80,80,83,83,83,83],"card_choices":[{"not_picked":["Guardian:Suspension","Twin Strike"],"picked":"Guardian:ShieldSpikes","floor":1.0},{"not_picked":["Guardian:PiercingHide","Guardian:ShieldCharger"],"picked":"Guardian:SpikerProtocol","floor":2.0},{"not_picked":["Thunderclap","Guardian:Gem_Lightblue"],"picked":"Guardian:Gem_Red","floor":3.0},{"not_picked":["Flex","Guardian:Recover"],"picked":"Spot Weakness","floor":4.0},{"not_picked":["Guardian:TemporalStrike","Guardian:Reroute"],"picked":"Thunderclap","floor":6.0},{"not_picked":["Guardian:RefractedBeam","Guardian:Gem_Green"],"picked":"Flex","floor":8.0},{"not_picked":["Guardian:Gem_White","Guardian:FuturePlans"],"picked":"Guardian:Gem_Crimson","floor":10.0},{"not_picked":["Guardian:Gem_Lightblue","Guardian:TemporalShield"],"picked":"Guardian:RollAttack","floor":11.0},{"not_picked":["Double Tap","Guardian:GemFire+1"],"picked":"Demon Form","floor":16.0},{"not_picked":["Guardian:Reroute+1","Guardian:TemporalShield","Guardian:PrimingBeam+1"],"picked":"SKIP","floor":18},{"not_picked":["Guardian:Incinerate+1","Guardian:CrystalBeam+1"],"picked":"Guardian:TimeBomb","floor":19},{"not_picked":["Guardian:Suspension+1","Guardian:PrimingBeam+1"],"picked":"Guardian:ChargeCore+1","floor":20},{"not_picked":["Guardian:Suspension","Guardian:WalkerClaw+1"],"picked":"Guardian:Gem_Fragmented","floor":21},{"not_picked":["Guardian:Gem_Lightblue","Guardian:ChargeCore+1"],"picked":"Guardian:DecasProtection+1","floor":24},{"not_picked":["Guardian:GemFinder","Guardian:Gem_Fragmented"],"picked":"Guardian:Gem_Lightblue","floor":27},{"not_picked":["Guardian:Emergency","Guardian:PrimingBeam+1"],"picked":"Guardian:Gem_Crimson","floor":31},{"not_picked":["Guardian:HyperBeam_Guardian+1","Guardian:StasisStrike+1"],"picked":"Guardian:Gem_Orange","floor":33},{"not_picked":["Guardian:Gem_Cyan","Guardian:TemporalStrike+1","Guardian:Planning"],"picked":"SKIP","floor":35},{"not_picked":["Guardian:Planning","Guardian:CrystalBeam+1"],"picked":"Guardian:Gem_Blue","floor":37},{"not_picked":["Guardian:Recover+1","Guardian:Gem_Crimson","Guardian:TimeCapacitor+1"],"picked":"SKIP","floor":38},{"not_picked":["Guardian:Gem_Cyan","Guardian:MultiBeam+1"],"picked":"Guardian:Gem_Red","floor":39},{"not_picked":["Guardian:CrystalBeam+1","Guardian:Repulse+1","Guardian:FuturePlans+1"],"picked":"SKIP","floor":41},{"not_picked":["Guardian:ShieldCharger+1","Guardian:PrismaticBeam+1"],"picked":"Guardian:DecasProtection","floor":45}],"player_experience":552291,"relics_obtained":[{"floor":6.0,"key":"Bronze Scales"},{"floor":9.0,"key":"hexamod:BolsterEngine"},{"floor":26,"key":"Bottled Flame"},{"floor":43,"key":"Frozen Egg 2"}],"event_choices":[{"damage_healed":0,"gold_gain":0,"player_choice":"Ignored","damage_taken":0,"max_hp_gain":0,"max_hp_loss":0,"event_name":"Vampires","floor":28,"gold_loss":0},{"damage_healed":0,"gold_gain":0,"player_choice":"Fight","damage_taken":0,"max_hp_gain":0,"max_hp_loss":0,"event_name":"Colosseum","floor":29,"gold_loss":0},{"damage_healed":0,"gold_gain":0,"player_choice":"Fled From Nobs","damage_taken":0,"max_hp_gain":0,"max_hp_loss":0,"event_name":"Colosseum","floor":29,"gold_loss":0},{"damage_healed":0,"gold_gain":0,"player_choice":"Ignored","damage_taken":0,"max_hp_gain":0,"max_hp_loss":0,"event_name":"Mysterious Sphere","floor":44,"gold_loss":0}],"is_beta":false,"boss_relics":[{"not_picked":["Runic Pyramid","Replay:Grab Bag"],"picked":"hubris:Backtick"},{"not_picked":["Philosopher\u0027s Stone","ReplayTheSpireMod:DimensionalGlitch"],"picked":"Painkiller Herb"}],"items_purged_floors":[14,36],"is_endless":false,"potions_floor_spawned":[2,6,8,10,19,20,21,29,33,35,38,41],"ascension_level":0}}