{"host":"bydnmyvf669xu6ab","time":1609794991,"event":{"mods":["Aspiration","BaseMod","Better Note","BetterRewards","Colored Map","Colored Powertips","Minty Spire (QoL Compilation)","Rare Cards Sparkle","Relic Stats","Shop Mod","StSLib","SuperFastMode","Virulent Crown"],"gold_per_floor":[117,3,3,3,3,3,31,47,47,47,47,47,66,29,29,125,125,137,137,43,53,67,67,86,86,86,116,132,107,107,107,107],"floor_reached":31,"playtime":1806,"items_purged":[],"score":264,"play_id":"45ba88db-51bc-4915-a65c-32710323234d","local_time":"20210104131631","is_ascension_mode":true,"campfire_choices":[{"data":"Fire Breathing","floor":6,"key":"SMITH"},{"data":"Die Die Die","floor":11,"key":"SMITH"},{"data":"Flame Barrier","floor":15,"key":"SMITH"},{"data":"Limit Break","floor":23,"key":"SMITH"},{"data":"Spot Weakness","floor":25,"key":"SMITH"},{"data":"Inflame","floor":30,"key":"SMITH"}],"circlet_count":0,"master_deck":["Strike_R","Strike_R","Defend_R","Defend_R","Defend_R","Defend_R","Bash","Rage","Fire Breathing+1","Dual Wield","Exhume","Flex","Die Die Die+1","Glass Knife","aspiration:Lunge","Flame Barrier+1","Uppercut","Limit Break+1","Inflame+1","Bandage Up","Headbutt","Cleave+1","Spot Weakness+1","Dual Wield","Body Slam+1","Shrug It Off"],"relics":["Black Blood","Champion Belt","Gambling Chip","Magic Flower","Bottled Lightning","Smiling Mask"],"acts_visited":["Exordium","TheCity"],"potions_floor_usage":[7,16,22,24,28,31],"damage_taken":[{"damage":10,"enemies":"Cultist","floor":1,"turns":4},{"damage":53,"enemies":"Gremlin Nob","floor":7,"turns":6},{"damage":4,"enemies":"2 Louse","floor":8,"turns":3},{"damage":11,"enemies":"Jaw Worm","floor":13,"turns":2},{"damage":55,"enemies":"Hexaghost","floor":16,"turns":11},{"damage":24,"enemies":"2 Thieves","floor":18,"turns":3},{"damage":23,"enemies":"Shell Parasite","floor":21,"turns":6},{"damage":38,"enemies":"Cultist and Chosen","floor":22,"turns":5},{"damage":11,"enemies":"Chosen and Byrds","floor":24,"turns":5},{"damage":58,"enemies":"Book of Stabbing","floor":27,"turns":6},{"damage":39,"enemies":"Shelled Parasite and Fungi","floor":28,"turns":7},{"damage":66,"enemies":"Gremlin Leader","floor":31,"turns":6}],"seed_played":"8740298095366975983","potions_obtained":[{"floor":1,"key":"FearPotion"},{"floor":7,"key":"Regen Potion"},{"floor":16,"key":"Regen Potion"},{"floor":18,"key":"Explosive Potion"},{"floor":21,"key":"SkillPotion"},{"floor":28,"key":"Swift Potion"}],"is_trial":false,"path_per_floor":["M","$","T","$","?","R","E","M","T","?","R","T","M","$","R","B",null,"M","?","$","M","M","R","M","R","T","E","M","$","R","E"],"character_chosen":"IRONCLAD","items_purchased":["Fire Breathing","Dual Wield","Uppercut","Bandage Up","Shrug It Off"],"campfire_rested":0,"item_purchase_floors":[2,2,14,20,29],"current_hp_per_floor":[84,84,84,84,89,89,42,44,44,44,44,44,42,42,42,20,93,87,87,87,93,73,73,86,86,86,52,59,59,59,0,0],"gold":107,"neow_bonus":"TEN_PERCENT_HP_BONUS","is_daily":false,"chose_seed":false,"campfire_upgraded":6,"win_rate":0.0,"timestamp":1609794991,"path_taken":["M","$","?","$","?","R","E","M","T","?","R","?","M","?","R","BOSS","M","?","$","M","M","R","M","R","T","E","M","$","R","E"],"items_purchased_type":["Card","Card","Card","Card","Card"],"build_version":"2020-12-22","purchased_purges":0,"victory":false,"max_hp_per_floor":[88,88,88,88,93,93,93,93,93,93,93,93,93,93,93,93,93,93,93,93,93,93,93,93,93,93,93,93,93,93,93,93],"relic_stats":{"counters":[12,64],"Gambling Chip":[19],"Black Blood":143,"Magic Flower":[70],"Champion Belt":[9],"Smiling Mask":0,"obtain_stats":[{"Gambling Chip":9,"Magic Flower":12,"Black Blood":17,"Champion Belt":7,"Bottled Lightning":26,"Smiling Mask":27,"Burning Blood":0},{"Gambling Chip":3,"Magic Flower":3,"Black Blood":5,"Champion Belt":2,"Bottled Lightning":9,"Smiling Mask":10,"Burning Blood":0},{"Gambling Chip":13,"Magic Flower":13,"Black Blood":26,"Champion Belt":10,"Bottled Lightning":45,"Smiling Mask":51,"Burning Blood":0}]},"card_choices":[{"not_picked":["Anger","Heavy Blade"],"picked":"Rage","floor":1},{"not_picked":["Perfected Strike","Disarm"],"picked":"Exhume","floor":7},{"not_picked":["Body Slam","Power Through"],"picked":"Flex","floor":8},{"not_picked":["Sword Boomerang","Wild Strike"],"picked":"Flame Barrier","floor":13},{"not_picked":["Brutality","Juggernaut"],"picked":"Limit Break","floor":16},{"not_picked":["Sentinel","Clash"],"picked":"Inflame","floor":18},{"not_picked":["Flex","Rage+1"],"picked":"Headbutt","floor":21},{"not_picked":["Thunderclap+1","Warcry"],"picked":"Cleave+1","floor":22},{"not_picked":["Wild Strike","Immolate"],"picked":"Spot Weakness","floor":24},{"not_picked":["Sever Soul","Burning Pact"],"picked":"Dual Wield","floor":27},{"not_picked":["Rupture","Twin Strike"],"picked":"Body Slam+1","floor":28}],"player_experience":2117813,"relics_obtained":[{"floor":7,"key":"Champion Belt"},{"floor":9,"key":"Gambling Chip"},{"floor":12,"key":"Magic Flower"},{"floor":26,"key":"Bottled Lightning"},{"floor":27,"key":"Smiling Mask"}],"event_choices":[{"damage_healed":0,"gold_gain":0,"player_choice":"Donut","damage_taken":0,"max_hp_gain":5,"max_hp_loss":0,"event_name":"Big Fish","floor":5,"gold_loss":0},{"damage_healed":0,"gold_gain":0,"player_choice":"Ignored","damage_taken":0,"max_hp_gain":0,"max_hp_loss":0,"event_name":"betterNote:BetterNote","floor":19,"gold_loss":0,"cards_obtained":["Barricade"]}],"is_beta":false,"boss_relics":[{"not_picked":["Black Star","Snecko Eye"],"picked":"Black Blood"}],"items_purged_floors":[],"is_endless":false,"potions_floor_spawned":[1,7,16,18,21,28],"killed_by":"Gremlin Leader","ascension_level":1}}