{"host":"6azrrw3tf7wb0f4b","time":1609781396,"event":{"mods":["BaseMod","DeckTracker","Minty Spire (QoL Compilation)","SuperFastMode"],"gold_per_floor":[111,61,236,236,3,3,19,19,43,57,57,21,50,61,61,159,159,177,191,191,191,210,210,53,53,134,134,134,134],"floor_reached":28,"playtime":362,"items_purged":["Doubt"],"score":367,"play_id":"cc074c5f-5175-48fd-bc75-08b4cbb40b6b","local_time":"20210105022956","is_ascension_mode":true,"campfire_choices":[{"data":"White Noise","floor":6,"key":"SMITH"},{"data":"Glacier","floor":8,"key":"SMITH"},{"data":"Coolheaded","floor":15,"key":"SMITH"},{"floor":23,"key":"REST"},{"data":"Electrodynamics","floor":27,"key":"SMITH"}],"circlet_count":0,"master_deck":["AscendersBane","Strike_B","Strike_B","Defend_B","Defend_B","Defend_B","Zap","Dualcast","Beam Cell","White Noise+1","Glacier+1","FTL","Ball Lightning","Defragment+1","Capacitor","Coolheaded+1","Electrodynamics+1","Barrage+1","Stack+1","Hologram+1","Thunder Strike"],"relics":["Cracked Core","Mercury Hourglass","Lantern","Oddly Smooth Stone","Inserter","Pear"],"acts_visited":["Exordium","TheCity"],"potions_floor_usage":[16,28],"damage_taken":[{"damage":5,"enemies":"Small Slimes","floor":1,"turns":3},{"damage":0,"enemies":"2 Louse","floor":7,"turns":2},{"damage":0,"enemies":"Cultist","floor":10,"turns":2},{"damage":12,"enemies":"3 Sentries","floor":13,"turns":4},{"damage":13,"enemies":"Exordium Wildlife","floor":14,"turns":4},{"damage":14,"enemies":"Slime Boss","floor":16,"turns":6},{"damage":0,"enemies":"3 Byrds","floor":18,"turns":1},{"damage":6,"enemies":"Chosen","floor":19,"turns":3},{"damage":21,"enemies":"Shelled Parasite and Fungi","floor":22,"turns":5},{"damage":57,"enemies":"Masked Bandits","floor":28,"turns":3}],"seed_played":"-7558475424352829303","potions_obtained":[{"floor":10,"key":"SpeedPotion"},{"floor":14,"key":"Fire Potion"},{"floor":16,"key":"FearPotion"},{"floor":22,"key":"BlessingOfTheForge"}],"is_trial":false,"path_per_floor":["M","?","?","?","$","R","M","R","T","M","?","$","E","M","R","B",null,"M","M","?","?","M","R","$","?","T","R","?"],"character_chosen":"DEFECT","items_purchased":["Glacier","FTL","Capacitor","Thunder Strike"],"campfire_rested":1,"item_purchase_floors":[5,5,12,24],"current_hp_per_floor":[63,63,63,63,63,63,63,63,63,63,63,63,51,38,38,24,62,62,56,56,56,35,57,57,43,53,53,0,0],"gold":134,"neow_bonus":"TRANSFORM_CARD","is_daily":false,"chose_seed":false,"campfire_upgraded":4,"win_rate":0.0,"timestamp":1609781396,"path_taken":["M","?","?","?","$","R","?","R","T","M","?","?","E","M","R","BOSS","M","M","?","?","?","R","$","?","T","R","?"],"items_purchased_type":["Card","Card","Card","Card"],"build_version":"2020-12-22","purchased_purges":1,"victory":false,"max_hp_per_floor":[75,75,75,75,75,75,75,75,75,75,75,75,75,75,75,75,75,75,75,75,75,75,75,75,80,90,90,90,90],"card_choices":[{"not_picked":["Cold Snap","Leap"],"picked":"White Noise","floor":1},{"not_picked":["FTL","Streamline"],"picked":"Ball Lightning","floor":7},{"not_picked":["Ball Lightning","Compile Driver"],"picked":"Defragment","floor":10},{"not_picked":["Hello World","All For One"],"picked":"Coolheaded","floor":13},{"not_picked":["Coolheaded","Scrape","Fusion"],"picked":"SKIP","floor":14},{"not_picked":["Buffer","All For One"],"picked":"Electrodynamics","floor":16},{"not_picked":["Conserve Battery","Gash"],"picked":"Barrage+1","floor":18},{"not_picked":["Gash","Sunder+1"],"picked":"Stack+1","floor":19},{"not_picked":["Loop","Conserve Battery"],"picked":"Hologram+1","floor":22}],"player_experience":672872,"relics_obtained":[{"floor":4,"key":"Mercury Hourglass"},{"floor":9,"key":"Lantern"},{"floor":13,"key":"Oddly Smooth Stone"},{"floor":26,"key":"Pear"}],"event_choices":[{"cards_removed":["Defend_B"],"damage_healed":0,"gold_gain":0,"player_choice":"Card Removal","damage_taken":0,"max_hp_gain":0,"max_hp_loss":0,"event_name":"The Cleric","floor":2,"gold_loss":50},{"damage_healed":0,"gold_gain":175,"player_choice":"AGREE","damage_taken":0,"max_hp_gain":0,"max_hp_loss":0,"event_name":"Liars Game","floor":3,"gold_loss":0,"cards_obtained":["Doubt"]},{"damage_healed":0,"gold_gain":0,"player_choice":"Relic","damage_taken":0,"max_hp_gain":0,"max_hp_loss":0,"event_name":"Wheel of Change","floor":4,"gold_loss":0},{"damage_healed":0,"gold_gain":0,"player_choice":"Upgraded","damage_taken":0,"max_hp_gain":0,"max_hp_loss":0,"event_name":"Upgrade Shrine","floor":11,"gold_loss":0,"cards_upgraded":["Defragment"]},{"damage_healed":0,"gold_gain":0,"player_choice":"Ignored","damage_taken":0,"max_hp_gain":0,"max_hp_loss":0,"event_name":"Ghosts","floor":20,"gold_loss":0},{"cards_removed":["Strike_B"],"damage_healed":0,"gold_gain":0,"player_choice":"Purged","damage_taken":0,"max_hp_gain":0,"max_hp_loss":0,"event_name":"Purifier","floor":21,"gold_loss":0},{"damage_healed":0,"gold_gain":0,"player_choice":"Shed Blood","damage_taken":19,"max_hp_gain":5,"max_hp_loss":0,"event_name":"Forgotten Altar","floor":25,"gold_loss":0},{"damage_healed":0,"gold_gain":0,"player_choice":"Fought Bandits","damage_taken":0,"max_hp_gain":0,"max_hp_loss":0,"event_name":"Masked Bandits","floor":28,"gold_loss":0}],"is_beta":false,"boss_relics":[{"not_picked":["Runic Dome","Snecko Eye"],"picked":"Inserter"}],"items_purged_floors":[5],"is_endless":false,"potions_floor_spawned":[10,14,16,18,22],"killed_by":"Masked Bandits","ascension_level":12}}