{"host":"ixtszv54kd1m8623","time":1609729566,"event":{"mods":["Act Like it!","Aspiration","Bard","BaseMod","Beaked The Cultist","ChefMod","Colored Map","Colored Powertips","Conspire","Downfall","Duelist Mod","Gensokyo","GifTheSpireLib","Halation","Hermit","Hubris","Infinite Spire","Jorbs\u0027s Wanderer Trilogy","Lobotomy","Minty Spire (QoL Compilation)","Replay The Spire","Robot Space Explorer","Shade Mod","StSLib","The Animator","The Blackbeard","The Bug Knight","The Cursed","The Disciple","The Dragon Tamer","The Marked","The Runesmith","The Servant 0.9.4"],"gold_per_floor":[199,215,215,215,39,39,39,39,50,50,61,61,61,76,89,186,186,186,196,214,214,214,214,214],"floor_reached":23,"playtime":1251,"items_purged":[],"score":181,"play_id":"9d08a6e2-0a0e-49d5-bf38-38f44c5e5ca8","local_time":"20210103190606","is_ascension_mode":false,"campfire_choices":[{"data":"Runesmith:Fortify","floor":1,"key":"SMITH"},{"data":"Runesmith:MakeshiftArmor","floor":10,"key":"SMITH"},{"data":"Runesmith:ArcReactor","floor":13,"key":"SMITH"},{"data":"Runesmith:Empowerment","floor":18,"key":"SMITH"}],"circlet_count":0,"master_deck":["Runesmith:Strike_RS","Runesmith:Strike_RS","Runesmith:Strike_RS","Runesmith:Strike_RS","Runesmith:Defend_RS","Runesmith:Defend_RS","Runesmith:Defend_RS","Runesmith:Defend_RS","Runesmith:CraftFirestone+1","Runesmith:Fortify+1","Runesmith:EarthShield","Runesmith:MakeshiftArmor+1","Runesmith:CraftProtectio","Runesmith:CraftProtectio","Runesmith:LithiumIon","Runesmith:Overpower","Pain","Runesmith:CraftMagma","Runesmith:ArcReactor+1","Runesmith:Empowerment+1","Runesmith:GoWithTheFlow","Runesmith:GenerateForcefield","Runesmith:HeatExchange","Runesmith:NanitesCloud","infinitespire:UltimateForm"],"relics":["theDuelist:CardPoolMinusRelic","infinitespire:Cubic Diamond","Bottled Flame","WarpedTongs","Replay:Bronze Core","Honey Jar","infinitespire:Beetle Shell"],"acts_visited":["Exordium","TheCity"],"potions_floor_usage":[16,16,20,22],"damage_taken":[{"damage":10,"enemies":"Small Slimes","floor":2,"turns":4},{"damage":0,"enemies":"downfall:FleeingMerchant","floor":5,"turns":4},{"damage":3,"enemies":"2 Louse","floor":9,"turns":3},{"damage":8,"enemies":"Cultist","floor":11,"turns":5},{"damage":10,"enemies":"Large Slime","floor":14,"turns":6},{"damage":23,"enemies":"Gremlin Gang","floor":15,"turns":7},{"damage":14,"enemies":"downfall:Defect","floor":16,"turns":15},{"damage":28,"enemies":"Chosen and Byrds","floor":19,"turns":12},{"damage":24,"enemies":"Snake Plant","floor":20,"turns":7},{"damage":0,"enemies":"Sentry and Sphere","floor":22,"turns":1},{"damage":18,"enemies":"Cultist and Chosen","floor":23,"turns":4}],"seed_played":"-8016534975273400974","potions_obtained":[{"floor":9,"key":"PowerPotion"},{"floor":12,"key":"downfall:CursedFountainPotion"},{"floor":14,"key":"Regen Potion"},{"floor":16,"key":"SmokeBomb"},{"floor":19,"key":"GamblersBrew"}],"is_trial":false,"path_per_floor":["R","M","?","?","$","?","T","?","M","R","M","?","R","M","M","B",null,"R","M","M","AVR","M","M"],"character_chosen":"RUNESMITH_CLASS","items_purchased":["Runesmith:CraftProtectio","Runesmith:LithiumIon","Runesmith:Overpower"],"campfire_rested":0,"item_purchase_floors":[5,5,5],"current_hp_per_floor":[70,60,60,60,60,60,60,60,57,57,49,49,49,39,16,17,70,70,42,18,18,18,0,0],"gold":214,"neow_bonus":"HUNDRED_GOLD","is_daily":false,"chose_seed":false,"campfire_upgraded":4,"win_rate":0.0,"timestamp":1609729566,"path_taken":["R","M","?","?","$","?","T","?","?","R","M","?","R","M","M","BOSS","R","M","M","AVR","M","?"],"items_purchased_type":["Card","Card","Card"],"build_version":"2020-12-22","purchased_purges":0,"victory":false,"max_hp_per_floor":[70,70,70,70,70,70,70,70,70,70,70,70,70,70,70,70,70,70,70,70,70,70,70,70],"card_choices":[{"not_picked":["Runesmith:StaticCage","Runesmith:ShiftingStrike"],"picked":"Runesmith:EarthShield","floor":2},{"not_picked":["Runesmith:HammerThrow","Runesmith:CraftObretio"],"picked":"Runesmith:MakeshiftArmor","floor":5},{"not_picked":["Runesmith:CraftReservo","Runesmith:UnstableHammer"],"picked":"Runesmith:CraftMagma","floor":9},{"not_picked":["Runesmith:RuneHurl","Runesmith:PerfectChisel"],"picked":"Runesmith:ArcReactor","floor":11},{"not_picked":["Runesmith:Repurpose","Runesmith:MakeshiftArmor"],"picked":"Runesmith:Empowerment","floor":14},{"not_picked":["Runesmith:MakeshiftArmor","Runesmith:ShiftingStrike"],"picked":"Runesmith:GoWithTheFlow","floor":15},{"not_picked":["Runesmith:DuctTape","Runesmith:UnlimitedPower"],"picked":"Runesmith:GenerateForcefield","floor":16},{"not_picked":["Runesmith:DoubleUp","Runesmith:Retool+1"],"picked":"Runesmith:HeatExchange","floor":19},{"not_picked":["Runesmith:HammerThrow","Runesmith:ShiftingStrike"],"picked":"Runesmith:NanitesCloud","floor":20}],"player_experience":164250,"relics_obtained":[{"floor":7,"key":"Bottled Flame"}],"event_choices":[{"damage_healed":0,"gold_gain":0,"player_choice":"Rummage","damage_taken":0,"relics_obtained":["WarpedTongs"],"max_hp_gain":0,"max_hp_loss":0,"event_name":"Accursed Blacksmith","floor":8,"gold_loss":0,"cards_obtained":["Pain"]}],"is_beta":false,"boss_relics":[{"not_picked":["aspiration:FutureDiary","infinitespire:Cupcake"],"picked":"Replay:Bronze Core"}],"items_purged_floors":[],"is_endless":false,"potions_floor_spawned":[9,14,16,19,22],"killed_by":"Cultist and Chosen","ascension_level":0}}