{"host":"rmsq46plbpwfbxcc","time":1609743201,"event":{"mods":["AchievementEnabler","BaseMod","Colored Map","Colored Powertips","DeckTracker","KOR Keyword Fix","Minty Spire (QoL Compilation)","Permanent Neow","Quick Restart","SuperFastMode"],"gold_per_floor":[113,131,144,144,82,82,110,125,125,125,143,0,0,29,41,156,168,198,210,297,325,350,362,374,30,30,30,55,55,66,101,101,204,204,221,231,246,346,365,392,442,442,469,469,479,511,511,529,529,529,529,529,125,160,160],"floor_reached":56,"playtime":2409,"items_purged":["Strike_G","Strike_G","Regret"],"score":1682,"play_id":"21d372c5-e396-405a-a99c-0aef9178e456","local_time":"20210104155321","is_ascension_mode":true,"campfire_choices":[{"data":"Neutralize","floor":6.0,"key":"SMITH"},{"data":"Cloak And Dagger","floor":10.0,"key":"SMITH"},{"data":"Accuracy","floor":13.0,"key":"SMITH"},{"data":"Well Laid Plans","floor":15.0,"key":"SMITH"},{"data":"Envenom","floor":23,"key":"SMITH"},{"data":"After Image","floor":27,"key":"SMITH"},{"data":"Blade Dance","floor":29,"key":"SMITH"},{"data":"Cloak And Dagger","floor":32,"key":"SMITH"},{"data":"Finisher","floor":42,"key":"SMITH"},{"data":"Tools of the Trade","floor":44,"key":"SMITH"},{"data":"Backflip","floor":47,"key":"SMITH"},{"floor":49,"key":"RECALL"},{"data":"Tactician","floor":52,"key":"SMITH"}],"circlet_count":0,"master_deck":["Strike_G","Strike_G+1","Strike_G+1","Defend_G","Defend_G","Defend_G","Defend_G","Survivor","Neutralize+1","Cloak And Dagger+1","Well Laid Plans+1","Accuracy+1","Backflip+1","Envenom+1","Blade Dance+1","After Image+1","Blade Dance+1","Cloak And Dagger+1","Tools of the Trade+1","Noxious Fumes+1","Finisher+1","Caltrops+1","Bullet Time","Tactician+1","Blur"],"relics":["Black Star","Blood Vial","Turnip","TungstenRod","Question Card","MawBank","HoveringKite","Shuriken","Lizard Tail","Happy Flower","Oddly Smooth Stone","Sundial","Thread and Needle","Cursed Key","MealTicket","Pear","Incense Burner","Orichalcum","Bronze Scales","Bag of Marbles","Bag of Preparation","Whetstone"],"acts_visited":["Exordium","TheCity","TheBeyond","TheEnding"],"potions_floor_usage":[22,22,35,46,46,54,55,55],"damage_taken":[{"damage":0.0,"enemies":"2 Louse","floor":1.0,"turns":4.0},{"damage":0.0,"enemies":"Jaw Worm","floor":2.0,"turns":5.0},{"damage":5.0,"enemies":"Cultist","floor":3.0,"turns":5.0},{"damage":23.0,"enemies":"Lagavulin","floor":7.0,"turns":11.0},{"damage":3.0,"enemies":"Blue Slaver","floor":8.0,"turns":5.0},{"damage":3.0,"enemies":"Lots of Slimes","floor":11.0,"turns":7.0},{"damage":8.0,"enemies":"3 Sentries","floor":14.0,"turns":8.0},{"damage":1.0,"enemies":"The Guardian","floor":16.0,"turns":16.0},{"damage":15.0,"enemies":"Spheric Guardian","floor":18.0,"turns":6.0},{"damage":3.0,"enemies":"3 Byrds","floor":21.0,"turns":6.0},{"damage":1,"enemies":"Snecko","floor":22,"turns":3},{"damage":24,"enemies":"Book of Stabbing","floor":28,"turns":6},{"damage":0,"enemies":"Sentry and Sphere","floor":30,"turns":5},{"damage":22,"enemies":"Slavers","floor":31,"turns":5},{"damage":0,"enemies":"Automaton","floor":33,"turns":6},{"damage":2,"enemies":"3 Darklings","floor":35,"turns":4},{"damage":0,"enemies":"3 Shapes","floor":36,"turns":6},{"damage":0,"enemies":"Sphere and 2 Shapes","floor":37,"turns":5},{"damage":0,"enemies":"Jaw Worm Horde","floor":39,"turns":4},{"damage":0,"enemies":"Nemesis","floor":40,"turns":5},{"damage":3,"enemies":"Mind Bloom Boss Battle","floor":41,"turns":5},{"damage":22,"enemies":"Spire Growth","floor":45,"turns":5},{"damage":25,"enemies":"Reptomancer","floor":46,"turns":7},{"damage":7,"enemies":"Writhing Mass","floor":48,"turns":5},{"damage":62,"enemies":"Awakened One","floor":50,"turns":10},{"damage":47,"enemies":"Shield and Spear","floor":54,"turns":6},{"damage":39,"enemies":"The Heart","floor":55,"turns":8}],"seed_played":"5481795688851451120","potions_obtained":[{"floor":1.0,"key":"PowerPotion"},{"floor":2.0,"key":"DistilledChaos"},{"floor":8.0,"key":"Poison Potion"},{"floor":14.0,"key":"SteroidPotion"},{"floor":21.0,"key":"AttackPotion"},{"floor":31,"key":"LiquidMemories"},{"floor":33,"key":"SpeedPotion"},{"floor":36,"key":"BlessingOfTheForge"},{"floor":41,"key":"ColorlessPotion"},{"floor":54,"key":"Ancient Potion"}],"is_trial":false,"path_per_floor":["M","M","M","?","?","R","E","M","T","R","M","$","R","E","R","B",null,"M","$","?","M","M","R","?","$","T","R","E","R","M","E","R","B",null,"M","M","M","?","M","E","?","R","T","R","M","E","R","M","R","B",null,"R","$","E","B",null],"character_chosen":"THE_SILENT","items_purchased":["Accuracy","Shuriken","Bag of Marbles","Regen Potion","PowerPotion"],"campfire_rested":0,"item_purchase_floors":[12,25,53,53,53],"current_hp_per_floor":[63,63,58,58,58,58,37,36,36,36,35,35,35,29,29,30,60,47,47,41,40,41,41,41,41,41,41,19,19,21,1,1,3,53,53,55,57,57,59,71,70,70,70,70,50,27,27,22,22,5,61,61,76,31,9],"gold":160,"neow_bonus":"BOSS_RELIC","is_daily":false,"chose_seed":false,"campfire_upgraded":12,"win_rate":0.0,"timestamp":1609743201,"path_taken":["M","M","M","?","?","R","E","M","T","R","M","$","R","E","R","BOSS","M","?","?","?","M","R","?","$","T","R","E","R","?","E","R","BOSS","M","M","M","?","?","E","?","R","T","R","M","E","R","M","R","BOSS","R","$","E","BOSS"],"items_purchased_type":["Card","Relic","Relic","Potion","Potion"],"build_version":"2020-12-22","purchased_purges":3,"victory":true,"max_hp_per_floor":[70,70,70,70,70,70,70,70,70,70,70,70,70,70,70,70,70,70,70,70,70,70,70,70,70,70,70,70,70,70,70,70,70,70,70,70,70,70,70,80,80,80,80,80,80,80,80,80,80,80,80,80,80,80,80],"card_choices":[{"not_picked":["Distraction","Slice","Acrobatics"],"picked":"SKIP","floor":1.0},{"not_picked":["Caltrops","Poisoned Stab","Dodge and Roll"],"picked":"SKIP","floor":2.0},{"not_picked":["Escape Plan","Predator"],"picked":"Cloak And Dagger","floor":3.0},{"not_picked":["Riddle With Holes","Calculated Gamble"],"picked":"Well Laid Plans","floor":7.0},{"not_picked":["Calculated Gamble","Quick Slash","Prepared"],"picked":"SKIP","floor":8.0},{"not_picked":["Dodge and Roll","Riddle With Holes","Calculated Gamble","Quick Slash"],"picked":"SKIP","floor":11.0},{"not_picked":["Outmaneuver","Storm of Steel","Endless Agony"],"picked":"Backflip","floor":14.0},{"not_picked":["A Thousand Cuts","Storm of Steel","Die Die Die"],"picked":"Envenom","floor":16.0},{"not_picked":["Acrobatics","Predator","Outmaneuver"],"picked":"Blade Dance","floor":18.0},{"not_picked":["Predator","PiercingWail","Blade Dance","Endless Agony"],"picked":"SKIP","floor":21.0},{"not_picked":["Glass Knife","Dagger Throw","Poisoned Stab","Flying Knee+1"],"picked":"SKIP","floor":22},{"not_picked":["Storm of Steel","Glass Knife","Dagger Spray+1"],"picked":"Blade Dance+1","floor":28},{"not_picked":["Slice","Poisoned Stab","Bane"],"picked":"Cloak And Dagger","floor":30},{"not_picked":["Outmaneuver","Expertise","Venomology","Dagger Throw"],"picked":"SKIP","floor":31},{"not_picked":["Corpse Explosion","Glass Knife","Storm of Steel"],"picked":"Tools of the Trade","floor":33},{"not_picked":["Flying Knee","Prepared","Dagger Throw"],"picked":"Noxious Fumes+1","floor":35},{"not_picked":["Noxious Fumes","Poisoned Stab+1","Dagger Spray+1"],"picked":"Finisher","floor":36},{"not_picked":["Flying Knee","Bane+1","Masterful Stab","Dodge and Roll+1"],"picked":"SKIP","floor":37},{"not_picked":["Flying Knee+1","Dodge and Roll","Endless Agony+1"],"picked":"Caltrops+1","floor":39},{"not_picked":["Dash+1","Deflect+1","Crippling Poison"],"picked":"Bullet Time","floor":40},{"not_picked":["Infinite Blades","Bane","Poisoned Stab+1"],"picked":"Tactician","floor":41},{"not_picked":["Underhanded Strike","Noxious Fumes+1","Blade Dance+1","Slice+1"],"picked":"SKIP","floor":45},{"not_picked":["Eviscerate","Storm of Steel","Setup+1"],"picked":"Blur","floor":46},{"not_picked":["Bane+1","Noxious Fumes+1","Quick Slash","Deflect"],"picked":"SKIP","floor":48},{"not_picked":["Flechettes+1","Flying Knee","Distraction","Prepared"],"picked":"SKIP","floor":54}],"player_experience":647258,"relics_obtained":[{"floor":7.0,"key":"Turnip"},{"floor":7.0,"key":"TungstenRod"},{"floor":9.0,"key":"Question Card"},{"floor":14.0,"key":"MawBank"},{"floor":26,"key":"Lizard Tail"},{"floor":28,"key":"Happy Flower"},{"floor":28,"key":"Oddly Smooth Stone"},{"floor":31,"key":"Sundial"},{"floor":31,"key":"Thread and Needle"},{"floor":40,"key":"MealTicket"},{"floor":40,"key":"Pear"},{"floor":41,"key":"Incense Burner"},{"floor":46,"key":"Orichalcum"},{"floor":46,"key":"Bronze Scales"},{"floor":54,"key":"Bag of Preparation"},{"floor":54,"key":"Whetstone"}],"event_choices":[{"damage_healed":0.0,"max_hp_gain":0.0,"max_hp_loss":0.0,"gold_gain":0.0,"event_name":"Liars Game","player_choice":"Ignored","floor":4.0,"gold_loss":0.0,"damage_taken":0.0},{"damage_healed":0.0,"max_hp_gain":0.0,"max_hp_loss":0.0,"gold_gain":0.0,"event_name":"WeMeetAgain","player_choice":"Paid Gold","floor":5.0,"gold_loss":62.0,"damage_taken":0.0,"relics_obtained":["Blood Vial"]},{"damage_healed":0.0,"max_hp_gain":0.0,"max_hp_loss":0.0,"gold_gain":75.0,"event_name":"FaceTrader","player_choice":"Touch","floor":20.0,"gold_loss":0.0,"damage_taken":7.0},{"damage_healed":0,"gold_gain":0,"cards_transformed":["Defend_G"],"player_choice":"Transformed","damage_taken":0,"max_hp_gain":0,"max_hp_loss":0,"event_name":"Transmorgrifier","floor":24,"gold_loss":0,"cards_obtained":["After Image"]},{"damage_healed":0,"gold_gain":100,"player_choice":"Pray","damage_taken":0,"max_hp_gain":0,"max_hp_loss":0,"event_name":"Golden Shrine","floor":38,"gold_loss":0},{"damage_healed":0,"gold_gain":0,"player_choice":"Fight","damage_taken":0,"max_hp_gain":0,"max_hp_loss":0,"event_name":"MindBloom","floor":41,"gold_loss":0}],"is_beta":false,"boss_relics":[{"not_picked":["Pandora\u0027s Box","Snecko Eye"],"picked":"HoveringKite"},{"not_picked":["Tiny House","Busted Crown"],"picked":"Cursed Key"}],"items_purged_floors":[12,25,53],"is_endless":false,"potions_floor_spawned":[1,2,8,14,21,31,33,36,41,54],"ascension_level":7}}