{"host":"6azrrw3tf7wb0f4b","time":1609776997,"event":{"mods":["BaseMod","DeckTracker","Minty Spire (QoL Compilation)","SuperFastMode"],"gold_per_floor":[116,116,130,140,140,140,22,22,22,41,54,54,54],"floor_reached":12,"playtime":240,"items_purged":[],"score":109,"play_id":"75d5c163-9472-4ad4-b9f0-a4760da7c929","local_time":"20210105011637","is_ascension_mode":true,"campfire_choices":[{"data":"Calculated Gamble","floor":6,"key":"SMITH"},{"data":"Accuracy","floor":8,"key":"SMITH"}],"circlet_count":0,"master_deck":["AscendersBane","Strike_G","Strike_G","Strike_G","Strike_G","Strike_G","Defend_G","Defend_G","Defend_G","Defend_G","Defend_G","Survivor","Neutralize","Prepared","Crippling Poison","Calculated Gamble+1","Accuracy+1","Blade Dance","Accuracy","PiercingWail"],"relics":["Ring of the Snake","Art of War"],"acts_visited":["Exordium"],"potions_floor_usage":[1,12,12],"damage_taken":[{"damage":0,"enemies":"Jaw Worm","floor":1,"turns":5},{"damage":4,"enemies":"Small Slimes","floor":3,"turns":5},{"damage":3,"enemies":"Cultist","floor":4,"turns":4},{"damage":10,"enemies":"Red Slaver","floor":10,"turns":6},{"damage":24,"enemies":"Exordium Wildlife","floor":11,"turns":4},{"damage":28,"enemies":"Gremlin Nob","floor":12,"turns":3}],"seed_played":"-3060748064819538948","potions_obtained":[{"floor":0,"key":"ColorlessPotion"},{"floor":0,"key":"Poison Potion"},{"floor":5,"key":"PowerPotion"},{"floor":10,"key":"SkillPotion"}],"is_trial":false,"path_per_floor":["M","?","M","M","?","R","$","R","T","M","M","E"],"character_chosen":"THE_SILENT","items_purchased":["Accuracy","Blade Dance"],"campfire_rested":0,"item_purchase_floors":[7,7],"current_hp_per_floor":[63,68,64,61,61,61,61,61,61,51,27,0,0],"gold":54,"neow_bonus":"THREE_SMALL_POTIONS","is_daily":false,"chose_seed":false,"campfire_upgraded":2,"win_rate":0.0,"timestamp":1609776997,"path_taken":["M","?","M","M","?","R","$","R","T","M","?","E"],"items_purchased_type":["Card","Card"],"build_version":"2020-12-22","purchased_purges":0,"victory":false,"max_hp_per_floor":[70,75,75,75,75,75,75,75,75,75,75,75,75],"card_choices":[{"not_picked":["Finisher","Flechettes"],"picked":"Prepared","floor":1},{"not_picked":["Quick Slash","Bane"],"picked":"Crippling Poison","floor":3},{"not_picked":["Caltrops","Flechettes"],"picked":"Calculated Gamble","floor":4},{"not_picked":["Noxious Fumes","Quick Slash"],"picked":"Accuracy","floor":10},{"not_picked":["Skewer","Prepared"],"picked":"PiercingWail","floor":11}],"player_experience":668708,"relics_obtained":[{"floor":9,"key":"Art of War"}],"event_choices":[{"damage_healed":0,"gold_gain":0,"player_choice":"Donut","damage_taken":0,"max_hp_gain":5,"max_hp_loss":0,"event_name":"Big Fish","floor":2,"gold_loss":0},{"damage_healed":0,"gold_gain":0,"player_choice":"Got Potions","damage_taken":0,"max_hp_gain":0,"max_hp_loss":0,"event_name":"Lab","floor":5,"gold_loss":0}],"is_beta":false,"boss_relics":[],"items_purged_floors":[],"is_endless":false,"potions_floor_spawned":[10],"killed_by":"Gremlin Nob","ascension_level":11}}