{"host":"2gugywxuw0nvjb3h","time":1609725609,"event":{"mods":["AchievementEnabler","BaseMod","Better Altar","Better Match","Better Note","Better Sensory Stone","Better Skull","Better Third Choice","BetterRewards","Colored Map","Colored Powertips","Curses Come First","Evolution","GifTheSpireLib","Hermit","Key Reminder","Marisa????????","Minty Spire (QoL Compilation)","Rare Cards Sparkle","Relic Sorter","Replay The Spire","Spicy Shops","StSLib","The Cursed","The Servant 0.9.4"],"gold_per_floor":[134,166,166,26,65,65,110,185,185,250,425,86,139,175,175,329,329,339,393,464,35,35,103,26,164,164,164,280,203,275,380,380,516,616,656,656,656,707,520,520,669,783,783,895,1004,545,545,662,662,792],"floor_reached":51,"playtime":4964,"items_purged":["Doubt","Pain","Clumsy"],"score":1356,"play_id":"c4d27fe5-6c28-4ca7-ba33-465d972c1eff","local_time":"20210103190009","is_ascension_mode":true,"campfire_choices":[{"data":"WitchOfGreed","floor":6,"key":"SMITH"},{"floor":15,"key":"DIG"},{"data":"EarthLightRay","floor":27,"key":"SMITH"},{"floor":32,"key":"REST"},{"data":"SprinkleStarSeal","floor":40,"key":"SMITH"},{"data":"CollectingQuirk","floor":47,"key":"SMITH"},{"data":"Pot Of Greed","floor":49,"key":"SMITH"}],"circlet_count":0,"master_deck":["Strike_MRS","Strike_MRS+1","Strike_MRS","Defend_MRS","Defend_MRS+1","Defend_MRS","Defend_MRS","MasterSpark","UpSweep","AlicesGift","NonDirectionalLaser+1","WitchOfGreed+1","Replay:Parry+1","Flash of Steel","SporeBomb","WitchOfGreed+1","SprinkleStarSeal+1","PowerUp","AlicesGift","IllusionStar","IllusionStar","Pot Of Greed","Pot Of Greed+1","Pot Of Greed+1","UltimateShortwave+1","EarthLightRay+1","CollectingQuirk+1","Robbery+1","Robbery+1","Acceleration+1","EventHorizon","CollectingQuirk+1","MagicChant+1","ShootTheMoon","MysteriousBeam","6A+1","Pot Of Greed","OrrerysSun","LuminesStrike","CollectingQuirk","MysteriousBeam","GrandCross","MagicChant+1","UltimateShortwave","LuminesStrike","Singularity+1","PowerUp+1","MagicAbsorber","Pot Of Greed","Sadistic Nature","OrrerysSun","Acceleration+1"],"relics":["MiniHakkero","Pen Nib","Tiny Chest","EVO:Axolotl","Membership Card","BargainBundle","Unceasing Top","MagicBroom","Replay:Bottled Flurry","Gambling Chip","Replay:Towering Pillar of Hats","Bag of Preparation","Mummified Hand","Whetstone","Mercury Hourglass","Boot","Replay:Wax Seal","Mango","Juzu Bracelet","Matryoshka","ClockworkSouvenir","Grinning Jar","Bottled Lightning","Philosopher\u0027s Stone","Prayer Wheel","Lee\u0027s Waffle","Oddly Smooth Stone","Divine Protection","Sling","War Paint","Guide Book","Pantograph","Iron Hammer","Dream Catcher","Orichalcum","Replay:Bottled Eggs","Replay:Wanted Poster","Anchor","Nunchaku","Replay:Bandana","Gremlin Horn","CeramicFish","BreadOfAWashokuLover","Sundial","Lantern","Ginger","ReplayTheSpireMod:Lightbulb","White Beast Statue"],"acts_visited":["Exordium","TheCity","TheBeyond"],"potions_floor_usage":[8,8,13],"damage_taken":[{"damage":9,"enemies":"Jaw Worm","floor":1,"turns":3},{"damage":7,"enemies":"Small Slimes","floor":2,"turns":2},{"damage":4,"enemies":"2 Louse","floor":5,"turns":1},{"damage":0,"enemies":"2 Fungi Beasts","floor":7,"turns":2},{"damage":16,"enemies":"Lagavulin","floor":8,"turns":4},{"damage":0,"enemies":"Large Slime","floor":10,"turns":4},{"damage":10,"enemies":"3 Sentries","floor":13,"turns":3},{"damage":3,"enemies":"Gremlin Gang","floor":14,"turns":1},{"damage":21,"enemies":"Hexaghost","floor":16,"turns":8},{"damage":18,"enemies":"Shell Parasite","floor":18,"turns":3},{"damage":28,"enemies":"3 Byrds","floor":19,"turns":3},{"damage":32,"enemies":"Centurion and Healer","floor":20,"turns":3},{"damage":16,"enemies":"Slavers","floor":23,"turns":3},{"damage":2,"enemies":"Book of Stabbing","floor":25,"turns":2},{"damage":0,"enemies":"Snake Plant","floor":30,"turns":2},{"damage":0,"enemies":"Replay:Snechameleon","floor":31,"turns":1},{"damage":0,"enemies":"Collector","floor":33,"turns":3},{"damage":0,"enemies":"Orb Walker","floor":35,"turns":1},{"damage":0,"enemies":"Nemesis","floor":41,"turns":1},{"damage":0,"enemies":"3 Darklings","floor":42,"turns":2},{"damage":0,"enemies":"Sphere and 2 Shapes","floor":44,"turns":1},{"damage":0,"enemies":"R_Hoarder","floor":45,"turns":1},{"damage":0,"enemies":"Nemesis","floor":48,"turns":1},{"damage":14,"enemies":"Time Eater","floor":50,"turns":2}],"seed_played":"-4959948168870528318","potions_obtained":[{"floor":1,"key":"LiquidMemories"},{"floor":1,"key":"Flashbang"},{"floor":10,"key":"Energy Potion"},{"floor":14,"key":"Explosive Potion"}],"is_trial":false,"path_per_floor":["M","M","?","$","M","R","M","E","T","M","?","$","E","M","R_BF","B",null,"M","M","M","$","?","E","$","E","T","R","?","$","M","E","R","B",null,"M","?","?","T","$","R","E","M","T","M","E","$","R","E","R","B",null],"character_chosen":"MARISA","items_purchased":["Membership Card","BargainBundle","Unceasing Top","MagicBroom","Pen Nib","AlicesGift","NonDirectionalLaser+1","WitchOfGreed","Replay:Parry","Replay:Bottled Flurry","Bag of Preparation","Flash of Steel","Mummified Hand","Whetstone","Replay:Wax Seal","Mango","Juzu Bracelet","Matryoshka","ClockworkSouvenir","IllusionStar","Prayer Wheel","Lee\u0027s Waffle","Oddly Smooth Stone","Divine Protection","EventHorizon","Sling","Guide Book","Orichalcum","Replay:Bandana","Gremlin Horn","Lantern","Ginger","Sadistic Nature","OrrerysSun","ReplayTheSpireMod:Lightbulb"],"campfire_rested":1,"item_purchase_floors":[0,0,0,0,0,0,0,0,0,0,0,0,4,4,12,12,12,12,12,12,21,21,21,21,21,21,24,29,39,39,46,46,46,46,46],"current_hp_per_floor":[66,59,59,59,55,55,55,39,39,39,39,53,43,40,40,23,89,71,47,19,96,96,80,80,82,82,82,50,50,56,62,90,96,96,96,91,91,91,91,91,91,91,91,91,91,91,91,91,91,77],"gold":792,"neow_bonus":"","is_daily":false,"chose_seed":false,"campfire_upgraded":5,"win_rate":0.0,"timestamp":1609725609,"path_taken":["M","M","?","$","M","R","M","E","T","M","?","$","E","M","R_BF","BOSS","M","M","M","$","?","E","?","E","T","R","?","$","M","E","R","BOSS","M","?","?","?","$","R","E","M","T","M","E","?","R","E","R","BOSS"],"items_purchased_type":["Relic","Relic","Relic","Relic","Relic","Card","Card","Card","Card","Relic","Relic","Card","Relic","Relic","Relic","Relic","Relic","Relic","Relic","Card","Relic","Relic","Relic","Relic","Card","Relic","Relic","Relic","Relic","Relic","Relic","Relic","Card","Card","Relic"],"build_version":"2020-12-22","purchased_purges":3,"victory":true,"max_hp_per_floor":[75,75,75,75,75,75,75,75,75,75,75,89,89,89,89,89,89,89,89,89,96,96,96,96,96,96,96,96,96,96,96,96,96,96,96,91,91,91,91,91,91,91,91,91,91,91,91,91,91,91],"card_choices":[{"not_picked":["GasGiant","AsteroidBelt"],"picked":"SporeBomb","floor":1},{"not_picked":["OortCloud","StarlightTyphoon"],"picked":"WitchOfGreed","floor":2},{"not_picked":["GrandCross","WitchLeyline"],"picked":"DC","floor":5},{"not_picked":["UnstableBomb","NonDirectionalLaser"],"picked":"SprinkleStarSeal","floor":7},{"not_picked":["IllusionStar","MysteriousBeam"],"picked":"PowerUp","floor":8},{"not_picked":["IllusionStar","WitchOfGreed"],"picked":"AlicesGift","floor":10},{"not_picked":["WitchLeyline","MysteriousBeam"],"picked":"UltimateShortwave","floor":13},{"not_picked":["NonDirectionalLaser","GalacticHalo"],"picked":"EarthLightRay","floor":14},{"not_picked":["BigCrunch","MaximisePower"],"picked":"CollectingQuirk","floor":16},{"not_picked":["DC+1","LuminesStrike+1"],"picked":"Robbery","floor":18},{"not_picked":["ShootingEcho+1","Orbital"],"picked":"Robbery","floor":19},{"not_picked":["DarkMatter+1","NonDirectionalLaser"],"picked":"Acceleration+1","floor":20},{"not_picked":["WitchLeyline","SatelliteIllusion"],"picked":"MagicChant+1","floor":23},{"not_picked":["DC","WitchLeyline"],"picked":"ShootTheMoon","floor":25},{"not_picked":["GrandCross","AlicesGift"],"picked":"MysteriousBeam","floor":30},{"not_picked":["MeteoricShower","DoubleSpark"],"picked":"6A+1","floor":30},{"not_picked":["DeepEcoloBomb","AlicesGift"],"picked":"OrrerysSun","floor":31},{"not_picked":["GravityBeat","DeepEcoloBomb"],"picked":"LuminesStrike","floor":32},{"not_picked":["CasketOfStar","ManaRampage"],"picked":"CollectingQuirk","floor":33},{"not_picked":["AlicesGift","ShootTheMoon+1"],"picked":"MysteriousBeam","floor":35},{"not_picked":["DoubleSpark+1","Acceleration"],"picked":"GrandCross","floor":35},{"not_picked":["6A+1","DC+1"],"picked":"MagicChant+1","floor":41},{"not_picked":["GravityBeat+1","MilkyWay+1"],"picked":"UltimateShortwave","floor":42},{"not_picked":["UnstableBomb+1","DragonMeteor+1"],"picked":"LuminesStrike","floor":42},{"not_picked":["SporeBomb+1","DarkSpark+1"],"picked":"Singularity+1","floor":44},{"not_picked":["RefractionSpark","6A+1"],"picked":"PowerUp+1","floor":44},{"not_picked":["ShootTheMoon+1","DoubleSpark"],"picked":"MagicAbsorber","floor":45},{"not_picked":["6A","NonDirectionalLaser"],"picked":"Acceleration+1","floor":48}],"player_experience":215685,"relics_obtained":[{"floor":8,"key":"Mercury Hourglass"},{"floor":9,"key":"Boot"},{"floor":13,"key":"Grinning Jar"},{"floor":15,"key":"Bottled Lightning"},{"floor":23,"key":"War Paint"},{"floor":25,"key":"Pantograph"},{"floor":26,"key":"Tiny Chest"},{"floor":26,"key":"Iron Hammer"},{"floor":31,"key":"Replay:Bottled Eggs"},{"floor":38,"key":"Anchor"},{"floor":38,"key":"Nunchaku"},{"floor":41,"key":"CeramicFish"},{"floor":43,"key":"BreadOfAWashokuLover"},{"floor":45,"key":"Sundial"},{"floor":48,"key":"White Beast Statue"}],"event_choices":[{"damage_healed":0,"gold_gain":0,"player_choice":"Grow","damage_taken":0,"max_hp_gain":0,"max_hp_loss":0,"event_name":"Living Wall","floor":3,"gold_loss":0,"cards_upgraded":["WitchOfGreed"]},{"damage_healed":0,"gold_gain":175,"player_choice":"AGREE","damage_taken":250,"max_hp_gain":0,"max_hp_loss":0,"event_name":"betterThird:BetterSerpent","floor":11,"gold_loss":0},{"damage_healed":0,"gold_gain":0,"cards_transformed":["DC"],"player_choice":"Transformed","damage_taken":0,"max_hp_gain":0,"max_hp_loss":0,"event_name":"Transmorgrifier","floor":22,"gold_loss":0,"cards_obtained":["CollectingQuirk"]},{"damage_healed":0,"gold_gain":116,"player_choice":"RE GO ","damage_taken":35,"relics_obtained":["Dream Catcher"],"max_hp_gain":0,"max_hp_loss":0,"event_name":"betterSkull:BetterSkull","floor":28,"gold_loss":0,"cards_upgraded":[]},{"damage_healed":0,"gold_gain":0,"player_choice":"Max HP","damage_taken":0,"max_hp_gain":0,"max_hp_loss":5,"event_name":"Winding Halls","floor":36,"gold_loss":0},{"cards_removed":["Strike_MRS"],"damage_healed":0,"gold_gain":0,"player_choice":"Card Removal","damage_taken":0,"max_hp_gain":0,"max_hp_loss":0,"event_name":"Wheel of Change","floor":37,"gold_loss":0}],"is_beta":false,"boss_relics":[{"not_picked":["Honey Jar","Empty Cage"],"picked":"Philosopher\u0027s Stone"},{"not_picked":["Ring of Chaos","SlaversCollar"],"picked":"Replay:Wanted Poster"}],"items_purged_floors":[12,21,39],"is_endless":false,"potions_floor_spawned":[1,7,10,14,18,23,30,44],"ascension_level":1}}