{"host":"0ydzwspkajt4brzd","time":1609738955,"event":{"mods":["AchievementEnabler","BaseMod","Colored Map","DeckTracker","Googly Eyes","Highlight Path","Minty Spire (QoL Compilation)","Quick Restart","Random Character Button","Rare Cards Sparkle"],"gold_per_floor":[112,123,139,65,65,65,97,97,97,110,140,140,171,16,16,117,167,187,51,71,71,34,34,76,76,100,144,144,163,34,52,52,52,52],"floor_reached":33,"playtime":2022,"items_purged":["Strike_G","Strike_G"],"score":439,"play_id":"b3cb2e95-abf2-408a-843f-2ffb64bfeb4b","local_time":"20210103214235","is_ascension_mode":true,"campfire_choices":[{"data":"Envenom","floor":6,"key":"SMITH"},{"floor":15,"key":"REST"},{"data":"Venomology","floor":23,"key":"SMITH"},{"data":"Corpse Explosion","floor":25,"key":"SMITH"},{"data":"Acrobatics","floor":28,"key":"SMITH"},{"data":"Bullet Time","floor":32,"key":"SMITH"}],"circlet_count":0,"master_deck":["Strike_G+1","Strike_G","Defend_G","Defend_G+1","Defend_G","Defend_G","Defend_G","Survivor+1","Neutralize","Envenom+1","Blade Dance","Backstab+1","Flying Knee","Grand Finale","Sucker Punch","Slice","Corpse Explosion+1","Venomology+1","Well Laid Plans+1","Doppelganger","Bane+1","Deadly Poison","Noxious Fumes","Acrobatics+1","Noxious Fumes","Quick Slash","Prepared","Terror","Bullet Time+1"],"relics":["Ring of the Snake","White Beast Statue","Matryoshka","Bronze Scales","PreservedInsect","Bottled Lightning","Art of War","Tiny House","CeramicFish","Bag of Marbles","Tiny Chest","Whetstone"],"acts_visited":["Exordium","TheCity"],"potions_floor_usage":[7,16,16,18,20,20,24,24,31,33,33,33,33,33,33,33],"damage_taken":[{"damage":0,"enemies":"Jaw Worm","floor":1,"turns":6},{"damage":0,"enemies":"2 Louse","floor":2,"turns":3},{"damage":1,"enemies":"Cultist","floor":3,"turns":3},{"damage":13,"enemies":"3 Sentries","floor":7,"turns":8},{"damage":3,"enemies":"Looter","floor":10,"turns":2},{"damage":7,"enemies":"Lagavulin","floor":11,"turns":4},{"damage":0,"enemies":"3 Sentries","floor":13,"turns":1},{"damage":22,"enemies":"The Guardian","floor":16,"turns":8},{"damage":9,"enemies":"Shell Parasite","floor":18,"turns":5},{"damage":27,"enemies":"Spheric Guardian","floor":20,"turns":5},{"damage":3,"enemies":"Slavers","floor":24,"turns":2},{"damage":0,"enemies":"Gremlin Leader","floor":27,"turns":6},{"damage":0,"enemies":"3 Cultists","floor":29,"turns":2},{"damage":0,"enemies":"Snake Plant","floor":31,"turns":3},{"damage":79,"enemies":"Automaton","floor":33,"turns":6}],"seed_played":"8089703541569916685","potions_obtained":[{"floor":1,"key":"Fire Potion"},{"floor":7,"key":"EssenceOfSteel"},{"floor":10,"key":"CultistPotion"},{"floor":11,"key":"EssenceOfSteel"},{"floor":13,"key":"GhostInAJar"},{"floor":16,"key":"DistilledChaos"},{"floor":17,"key":"Regen Potion"},{"floor":18,"key":"LiquidMemories"},{"floor":20,"key":"FearPotion"},{"floor":24,"key":"EntropicBrew"},{"floor":27,"key":"Explosive Potion"},{"floor":29,"key":"GhostInAJar"}],"is_trial":false,"path_per_floor":["M","M","M","$","?","R","E","?","T","M","E","?","E","$","R","B",null,"M","$","M","?","$","R","E","R","T","E","R","M","$","M","R","B"],"character_chosen":"THE_SILENT","items_purchased":["Grand Finale","Well Laid Plans","Noxious Fumes","Noxious Fumes","Bullet Time"],"campfire_rested":1,"item_purchase_floors":[4,14,19,22,30],"current_hp_per_floor":[70,70,69,69,62,62,49,49,49,46,39,25,25,25,46,24,64,55,55,42,42,42,42,39,39,39,39,39,39,39,39,39,0,0],"gold":52,"neow_bonus":"ONE_RANDOM_RARE_CARD","is_daily":false,"chose_seed":false,"campfire_upgraded":5,"win_rate":0.0,"timestamp":1609738955,"path_taken":["M","M","M","$","?","R","E","?","T","?","E","?","E","$","R","BOSS","M","$","M","?","$","R","E","R","T","E","R","?","?","M","R","BOSS"],"items_purchased_type":["Card","Card","Card","Card","Card"],"build_version":"2020-12-22","purchased_purges":2,"victory":false,"max_hp_per_floor":[70,70,70,70,70,70,70,70,70,70,70,70,70,70,70,70,75,75,75,75,75,75,75,75,75,75,75,75,75,75,75,75,75,75],"card_choices":[{"not_picked":["Leg Sweep","Backflip"],"picked":"Blade Dance","floor":1},{"not_picked":["Eviscerate","Predator"],"picked":"Backstab","floor":2},{"not_picked":["Endless Agony","Caltrops"],"picked":"Flying Knee","floor":3},{"not_picked":["Tactician","Dodge and Roll"],"picked":"Sucker Punch","floor":7},{"not_picked":["Poisoned Stab","Concentrate"],"picked":"Slice","floor":10},{"not_picked":["Heel Hook","PiercingWail"],"picked":"Corpse Explosion","floor":11},{"not_picked":["Finisher","Quick Slash"],"picked":"Venomology","floor":13},{"not_picked":["Burst","Die Die Die"],"picked":"Doppelganger","floor":16},{"not_picked":["Quick Slash","Flying Knee"],"picked":"Bane","floor":17},{"not_picked":["Setup","Calculated Gamble"],"picked":"Deadly Poison","floor":18},{"not_picked":["Dagger Spray","Calculated Gamble"],"picked":"Acrobatics","floor":20},{"not_picked":["Flechettes","Deflect"],"picked":"Quick Slash","floor":24},{"not_picked":["Dagger Throw","Underhanded Strike"],"picked":"Prepared","floor":27},{"not_picked":["Finisher","Quick Slash"],"picked":"Terror","floor":29},{"not_picked":["Flechettes","All Out Attack","Flying Knee"],"picked":"SKIP","floor":31}],"player_experience":448838,"relics_obtained":[{"floor":7,"key":"Matryoshka"},{"floor":9,"key":"Bronze Scales"},{"floor":9,"key":"PreservedInsect"},{"floor":11,"key":"Bottled Lightning"},{"floor":13,"key":"Art of War"},{"floor":24,"key":"CeramicFish"},{"floor":26,"key":"Bag of Marbles"},{"floor":26,"key":"Tiny Chest"},{"floor":27,"key":"Whetstone"}],"event_choices":[{"damage_healed":0,"gold_gain":0,"player_choice":"Success","damage_taken":7,"relics_obtained":["White Beast Statue"],"max_hp_gain":0,"max_hp_loss":0,"event_name":"Scrap Ooze","floor":5,"gold_loss":0},{"cards_removed":["Strike_G"],"damage_healed":0,"gold_gain":0,"player_choice":"Offered Basic","damage_taken":0,"max_hp_gain":0,"max_hp_loss":0,"event_name":"Bonfire Elementals","floor":8,"gold_loss":0},{"damage_healed":0,"gold_gain":0,"player_choice":"Entered Light","damage_taken":14,"max_hp_gain":0,"max_hp_loss":0,"event_name":"Shining Light","floor":12,"gold_loss":0,"cards_upgraded":["Backstab","Defend_G"]},{"damage_healed":0,"gold_gain":0,"player_choice":"Upgraded","damage_taken":0,"max_hp_gain":0,"max_hp_loss":0,"event_name":"Upgrade Shrine","floor":21,"gold_loss":0,"cards_upgraded":["Well Laid Plans"]}],"is_beta":false,"boss_relics":[{"not_picked":["Pandora\u0027s Box","Empty Cage"],"picked":"Tiny House"}],"items_purged_floors":[14,19],"is_endless":false,"potions_floor_spawned":[1,7,10,11,13,16,18,20,24,27,29,31],"killed_by":"Automaton","ascension_level":5}}