{"host":"8z6cx8b9r5qs18cp","time":1609729021,"event":{"mods":["AchievementEnabler","Act Like it!","Bard","BaseMod","GifTheSpireLib","Googly Eyes","Hermit","Hubris","Infinite Spire","Marked Mod","Minty Spire (QoL Compilation)","Permanent Neow","Rare Cards Sparkle","Relic Stats","Replay The Spire","StSLib","Stuff the Spire","The Animator","The Bug Knight","The Cursed","The Servant 0.9.4"],"gold_per_floor":[20,20,35,55,72,97,97,97,120,90,109,122,139,153,153,251,251,265,265,276,276,294,294,294,294],"floor_reached":24,"playtime":1388,"items_purged":[],"score":202,"play_id":"6172ac67-c4c6-4daa-9891-e542c5f616ef","local_time":"20210103205701","is_ascension_mode":false,"campfire_choices":[{"data":"Mayhem","floor":7,"key":"SMITH"},{"floor":23,"key":"REST"}],"circlet_count":0,"master_deck":["Strike_R","Strike_R","Strike_R","Strike_R","Strike_R","Defend_R","Defend_R","Defend_R","Defend_R","Bash","Mayhem+1","Armaments+1","Sword Boomerang+1","Thunderclap","Whirlwind","Anger","Armaments","Anger","StuffTheSpire:Resist","Anger","Impervious","ReplayTheSpireMod:LeadingStrike","Perfected Strike+1","Voices","Defy Death"],"relics":["Burning Blood","hubris:Towel","hubris:TenFootPole","Juzu Bracelet","SlaversCollar","ReplayTheSpireMod:Ring of Challenge"],"acts_visited":["Exordium","TheCity"],"potions_floor_usage":[6],"damage_taken":[{"damage":1,"enemies":"Jaw Worm","floor":1,"turns":5},{"damage":9,"enemies":"2 Louse","floor":3,"turns":4},{"damage":8,"enemies":"Small Slimes","floor":4,"turns":4},{"damage":12,"enemies":"Blue Slaver","floor":5,"turns":4},{"damage":28,"enemies":"Lagavulin","floor":6,"turns":8},{"damage":0,"enemies":"Looter","floor":10,"turns":4},{"damage":11,"enemies":"Large Slime","floor":11,"turns":4},{"damage":5,"enemies":"Exordium Thugs","floor":12,"turns":4},{"damage":7,"enemies":"Gremlin Gang","floor":13,"turns":2},{"damage":0,"enemies":"Large Slime","floor":14,"turns":3},{"damage":58,"enemies":"The Guardian","floor":16,"turns":11},{"damage":10,"enemies":"Shell Parasite","floor":18,"turns":5},{"damage":27,"enemies":"Chosen","floor":20,"turns":7},{"damage":29,"enemies":"Shelled Parasite and Fungi","floor":22,"turns":6},{"damage":57,"enemies":"Nightmare","floor":24,"turns":7}],"seed_played":"-116692856726107342","potions_obtained":[{"floor":3,"key":"Block Potion"},{"floor":6,"key":"Swift Potion"},{"floor":11,"key":"Strength Potion"},{"floor":20,"key":"Strength Potion"}],"is_trial":false,"path_per_floor":["M","?","M","M","M","E","R","?","T","M","M","M","M","M","R","B",null,"M","?","M","?","M","R","NM"],"character_chosen":"IRONCLAD","items_purchased":[],"campfire_rested":1,"item_purchase_floors":[],"current_hp_per_floor":[80,80,77,75,69,47,47,47,47,53,48,49,48,54,78,26,80,76,76,55,55,32,56,0,0],"gold":294,"neow_bonus":"RANDOM_COLORLESS_2","is_daily":false,"chose_seed":false,"campfire_upgraded":1,"win_rate":0.0,"timestamp":1609729021,"path_taken":["M","?","M","M","M","E","R","?","T","M","M","M","M","M","R","BOSS","M","?","M","?","M","R","NM"],"items_purchased_type":[],"build_version":"2020-12-22","purchased_purges":0,"victory":false,"max_hp_per_floor":[80,80,80,80,80,80,80,80,80,80,80,80,80,80,80,80,80,80,80,80,80,80,80,80,80],"relic_stats":{"counters":[15,78],"Juzu Bracelet":0,"obtain_stats":[{"SlaversCollar":17,"hubris:TenFootPole":6,"Juzu Bracelet":9,"hubris:Towel":2,"ReplayTheSpireMod:Ring of Challenge":21,"Burning Blood":0},{"SlaversCollar":11,"hubris:TenFootPole":5,"Juzu Bracelet":5,"hubris:Towel":1,"ReplayTheSpireMod:Ring of Challenge":13,"Burning Blood":0},{"SlaversCollar":53,"hubris:TenFootPole":25,"Juzu Bracelet":25,"hubris:Towel":5,"ReplayTheSpireMod:Ring of Challenge":65,"Burning Blood":0}],"Burning Blood":79},"card_choices":[{"not_picked":["StuffTheSpire:Recharge","Thinking Ahead"],"picked":"Mayhem","floor":0},{"not_picked":["Warcry","Combust","StuffTheSpire:RockThrow"],"picked":"SKIP","floor":1},{"not_picked":["Wild Strike","Warcry"],"picked":"Armaments","floor":3},{"not_picked":["ReplayTheSpireMod:Strike From Hell","StuffTheSpire:Slingshot"],"picked":"Sword Boomerang","floor":4},{"not_picked":["Flame Barrier","Rage"],"picked":"Thunderclap","floor":5},{"not_picked":["StuffTheSpire:Incineration","Intimidate"],"picked":"Whirlwind","floor":6},{"not_picked":["Shrug It Off","Eclipse"],"picked":"Anger","floor":10},{"not_picked":["hubris:SharpeningStone","StuffTheSpire:Incineration"],"picked":"Armaments","floor":11},{"not_picked":["Clothesline","StuffTheSpire:Incineration"],"picked":"Anger","floor":12},{"not_picked":["StuffTheSpire:RockThrow","Run Through"],"picked":"StuffTheSpire:Resist","floor":13},{"not_picked":["Immolate","Blood for Blood"],"picked":"Anger","floor":14},{"not_picked":["Limit Break","Reaper"],"picked":"Impervious","floor":16},{"not_picked":["Evolve","Heavy Blade"],"picked":"ReplayTheSpireMod:LeadingStrike","floor":18},{"not_picked":["Armaments","hubris:SharpeningStone"],"picked":"Perfected Strike+1","floor":20},{"not_picked":["Run Through","Body Slam"],"picked":"Defy Death","floor":22}],"player_experience":197876,"relics_obtained":[{"floor":6,"key":"hubris:TenFootPole"},{"floor":9,"key":"Juzu Bracelet"},{"floor":21,"key":"ReplayTheSpireMod:Ring of Challenge"}],"event_choices":[],"is_beta":false,"boss_relics":[{"not_picked":["Electric Blood","ReplayTheSpireMod:DimensionalGlitch"],"picked":"SlaversCollar"}],"items_purged_floors":[],"is_endless":false,"potions_floor_spawned":[3,6,11,20,22],"killed_by":"Nightmare","ascension_level":0}}