{"host":"4pz5any8n577jwp0","time":1609726213,"event":{"mods":["BaseMod","Colored Powertips","Minty Spire (QoL Compilation)","Quick Restart","Shop Mod"],"gold_per_floor":[17,17,41,41,41,41,74,87,87,87,87,87],"floor_reached":11,"playtime":262,"items_purged":[],"score":71,"play_id":"2645a890-525a-4854-a9e6-78edd4eb2583","local_time":"20210104021013","is_ascension_mode":false,"campfire_choices":[{"data":"Zap","floor":6,"key":"SMITH"}],"circlet_count":0,"master_deck":["Strike_B","Strike_B","Strike_B","Strike_B","Defend_B","Defend_B","Defend_B","Defend_B","Zap+1","Dualcast","Creative AI+1","BootSequence","Storm","Turbo"],"relics":["Cracked Core","Golden Idol","Turnip","Peace Pipe"],"acts_visited":["Exordium"],"potions_floor_usage":[7,11],"damage_taken":[{"damage":0,"enemies":"2 Louse","floor":1,"turns":3},{"damage":8,"enemies":"Jaw Worm","floor":3,"turns":7},{"damage":22,"enemies":"3 Sentries","floor":7,"turns":4},{"damage":8,"enemies":"Small Slimes","floor":8,"turns":3},{"damage":43,"enemies":"Gremlin Nob","floor":11,"turns":3}],"seed_played":"6442839132067675100","potions_obtained":[{"floor":1,"key":"AttackPotion"},{"floor":8,"key":"SteroidPotion"}],"is_trial":false,"path_per_floor":["M","?","M","?","$","R","E","M","T","T","E"],"character_chosen":"DEFECT","items_purchased":[],"campfire_rested":0,"item_purchase_floors":[],"current_hp_per_floor":[75,57,49,49,49,49,27,19,19,19,0,0],"gold":87,"neow_bonus":"THREE_RARE_CARDS","is_daily":false,"chose_seed":false,"campfire_upgraded":1,"win_rate":0.0,"timestamp":1609726213,"path_taken":["M","?","M","?","$","R","E","M","T","?","E"],"items_purchased_type":[],"build_version":"2020-12-22","purchased_purges":0,"victory":false,"max_hp_per_floor":[75,75,75,75,75,75,75,75,75,75,75,75],"card_choices":[{"not_picked":["Buffer","Rainbow"],"picked":"Creative AI","floor":0},{"not_picked":["Lockon","Coolheaded","Cold Snap"],"picked":"SKIP","floor":1},{"not_picked":["Coolheaded","Stack"],"picked":"BootSequence","floor":3},{"not_picked":["Storm","Coolheaded","Stack"],"picked":"SKIP","floor":7},{"not_picked":["Coolheaded","Stack"],"picked":"Storm","floor":7},{"not_picked":["Barrage","Coolheaded"],"picked":"Turbo","floor":8}],"player_experience":694196,"relics_obtained":[{"floor":7,"key":"Turnip"},{"floor":9,"key":"Peace Pipe"}],"event_choices":[{"damage_healed":0,"gold_gain":0,"player_choice":"Take Damage","damage_taken":18,"relics_obtained":["Golden Idol"],"max_hp_gain":0,"max_hp_loss":0,"event_name":"Golden Idol","floor":2,"gold_loss":0},{"damage_healed":0,"gold_gain":0,"player_choice":"Grow","damage_taken":0,"max_hp_gain":0,"max_hp_loss":0,"event_name":"Living Wall","floor":4,"gold_loss":0,"cards_upgraded":["Creative AI"]}],"is_beta":false,"boss_relics":[],"items_purged_floors":[],"is_endless":false,"potions_floor_spawned":[1,8],"killed_by":"Gremlin Nob","ascension_level":0}}