{"host":"2461dio7vetlq1z3","time":1609776324,"event":{"mods":["2.2 Compatiblity","AchievementEnabler","BaseMod","Better Third Choice","Friendly Minions","Hubris","Minty Spire (QoL Compilation)","Relic Stats","Spicy Shops","StSLib","Waifu the Spire"],"gold_per_floor":[116,116,48,48,48,48,48],"floor_reached":6,"playtime":216,"items_purged":[],"score":64,"play_id":"fef9a2c7-c3c8-407e-b995-cebab0854fd1","local_time":"20210104170524","is_ascension_mode":true,"campfire_choices":[],"circlet_count":0,"master_deck":["AscendersBane","Strike_G","Strike_G","Strike_G","Strike_G","Strike_G","Defend_G","Defend_G","Defend_G","Defend_G","Defend_G","Survivor","Neutralize","All Out Attack","Fasting2"],"relics":["Ring of the Snake","hubris:ToyBattleship","Orichalcum","Lee\u0027s Waffle","hubris:AstralHammer"],"acts_visited":["Exordium"],"potions_floor_usage":[],"damage_taken":[{"damage":9,"enemies":"Small Slimes","floor":1,"turns":4},{"damage":68,"enemies":"Lagavulin","floor":6,"turns":11}],"seed_played":"3523904830814276129","potions_obtained":[{"floor":1,"key":"Fruit Juice"}],"is_trial":false,"path_per_floor":["M","?","$","?","T","E"],"character_chosen":"THE_SILENT","items_purchased":["Lee\u0027s Waffle"],"campfire_rested":0,"item_purchase_floors":[3],"current_hp_per_floor":[50,21,73,66,66,0,0],"gold":48,"neow_bonus":"RANDOM_COMMON_RELIC","is_daily":false,"chose_seed":false,"campfire_upgraded":0,"win_rate":0.0,"timestamp":1609776324,"path_taken":["M","?","$","?","?","E"],"items_purchased_type":["Relic"],"build_version":"2020-12-22","purchased_purges":0,"victory":false,"max_hp_per_floor":[66,66,73,73,73,73,73],"relic_stats":{"Lee\u0027s Waffle":52,"counters":[2,15],"Orichalcum":[42],"obtain_stats":[{"Lee\u0027s Waffle":3,"hubris:AstralHammer":5,"hubris:ToyBattleship":0,"Orichalcum":2,"Ring of the Snake":0},{"Lee\u0027s Waffle":1,"hubris:AstralHammer":1,"hubris:ToyBattleship":0,"Orichalcum":1,"Ring of the Snake":0},{"Lee\u0027s Waffle":4,"hubris:AstralHammer":4,"hubris:ToyBattleship":0,"Orichalcum":4,"Ring of the Snake":0}],"Ring of the Snake":[4]},"card_choices":[{"not_picked":["Poisoned Stab","Quick Slash"],"picked":"All Out Attack","floor":1}],"player_experience":1048565,"relics_obtained":[{"floor":5,"key":"hubris:AstralHammer"}],"event_choices":[{"cards_removed":["Writhe"],"damage_healed":0,"gold_gain":0,"player_choice":"Card Removal","damage_taken":7,"max_hp_gain":0,"max_hp_loss":0,"event_name":"Golden Wing","floor":4,"gold_loss":0}],"is_beta":false,"boss_relics":[],"items_purged_floors":[],"is_endless":false,"potions_floor_spawned":[1],"killed_by":"Lagavulin","ascension_level":20}}