{"host":"8u40nq559zpgb6zp","time":1609802711,"event":{"mods":["Aspiration","Bard","BaseMod","Beaked The Cultist","Better Altar","Better Match","Better Note","Better Sensory Stone","Better Skull","Better Third Choice","BetterRewards","CCEM","Clawfect","Conspire","Duelist Mod","Googly Eyes","Halation","Hermit","Highlight Path","Infinite Spire","Jedi Mod","Jorbs\u0027s Wanderer Trilogy","Mad Scientist","Marisa（霧雨　魔理沙）","Minty Spire (QoL Compilation)","Permanent Neow","Replay The Spire","Shade Mod","Shop Mod","Spicy Shops","StSLib","The Bladedancer","The Construct","The Cursed","The Disciple","The Druid","The Gatherer","The Hierophant","The IronCluck","The Jungle","The Mystic","The Necromancer","The Runesmith","The Senshi","The Servant 0.9.4","The Spell Scribe","The Witch","slay the spire mod where everything is the same but ironclad has a cowboy hat"],"gold_per_floor":[119,119,131,131,143,143,172,182,182,192,48,48,83,103,103,200,200,217,217,236,248,248,275,275,308,335,346,346,346,31,47,47,149,149,161,161,180,190,201,232,232,258,258,275,275,275,292,292,292],"floor_reached":48,"playtime":2839,"items_purged":[],"score":594,"play_id":"f426a175-44ee-494f-ac36-712a4387f022","local_time":"20210104182511","is_ascension_mode":false,"campfire_choices":[{"data":"Gash","floor":6,"key":"SMITH"},{"data":"Clawfect:ClawLightning","floor":12,"key":"SMITH"},{"data":"Conserve Battery","floor":15,"key":"SMITH"},{"data":"jedi:bruteforce","floor":24,"key":"SMITH"},{"floor":28,"key":"REST"},{"floor":32,"key":"REST"},{"data":"Rainbow","floor":41,"key":"SMITH"},{"data":"White Noise","floor":46,"key":"SMITH"}],"circlet_count":0,"master_deck":["Gash+1","Gash","Gash","Gash","Gash+1","Defend_B","Defend_B","Defend_B","Defend_B","Defend_B","Clawfect:ClawLightning+1","Conserve Battery","Clawfect:ClawingBeam","jedi:overflow","Clawfect:ClawLightning+1","Conserve Battery+1","Coolheaded","jedi:bruteforce+1","Clawfect:ClawLightning+1","Clawfect:Clawter+1","White Noise+1","FIFO Queue","Crystallizer","Chill","FTL","Defragment","Defragment+1","Rainbow+1","Defragment","Clawfect:Clawrage+1","jedi:BurstFrost+1","Coolheaded","Conserve Battery+1","FTL+1","Crystallizer+1"],"relics":["Clawfect:DRClaw","NeowsBlessing","Bronze Scales","Ornamental Fan","ClockworkSouvenir","halation:PrussianBluePaint","conspire:SpecialSausage","Turnip","aspiration:AnachronicSnailShell","ReplayFunnel","Runesmith:AutoHammer","jedi:crownofsimplicity","Inserter","Black Star","CCEMRelics:FryingPan","Whetstone","Replay:Wax Seal","halation:SwordOfLegend","CCEMRelics:JestersCrown","halation:VictoryRuler"],"acts_visited":["Exordium","TheCity","TheBeyond"],"potions_floor_usage":[7,13,16,25,25,40,42,47,48],"damage_taken":[{"damage":0,"enemies":"Cultist","floor":1,"turns":2},{"damage":0,"enemies":"2 Louse","floor":3,"turns":2},{"damage":0,"enemies":"Jaw Worm","floor":5,"turns":1},{"damage":19,"enemies":"3 Sentries","floor":7,"turns":6},{"damage":3,"enemies":"Looter","floor":8,"turns":3},{"damage":4,"enemies":"Large Slime","floor":10,"turns":4},{"damage":10,"enemies":"Replay:BlueRogue","floor":13,"turns":4},{"damage":6,"enemies":"Lots of Slimes","floor":14,"turns":4},{"damage":23,"enemies":"Slime Boss","floor":16,"turns":6},{"damage":6,"enemies":"Chosen","floor":18,"turns":5},{"damage":9,"enemies":"Spheric Guardian","floor":20,"turns":4},{"damage":13,"enemies":"Snake Plant","floor":21,"turns":4},{"damage":12,"enemies":"Nightmare","floor":23,"turns":6},{"damage":13,"enemies":"conspire:Head Lice","floor":25,"turns":5},{"damage":8,"enemies":"Chosen and Byrds","floor":27,"turns":5},{"damage":0,"enemies":"Snecko","floor":31,"turns":5},{"damage":18,"enemies":"Automaton","floor":33,"turns":8},{"damage":2,"enemies":"Orb Walker","floor":35,"turns":3},{"damage":15,"enemies":"3 Darklings","floor":37,"turns":5},{"damage":0,"enemies":"Maw","floor":38,"turns":7},{"damage":4,"enemies":"4 Shapes","floor":39,"turns":7},{"damage":1,"enemies":"Nemesis","floor":40,"turns":5},{"damage":21,"enemies":"Giant Head","floor":42,"turns":8},{"damage":4,"enemies":"Spire Growth","floor":44,"turns":6},{"damage":22,"enemies":"Jaw Worm Horde","floor":47,"turns":5},{"damage":10,"enemies":"4 Shapes","floor":48,"turns":2}],"seed_played":"6245960563998255843","potions_obtained":[{"floor":1,"key":"Fire Potion"},{"floor":8,"key":"jedi:coolantleak"},{"floor":13,"key":"jedi:coolantleak"},{"floor":20,"key":"SteroidPotion"},{"floor":21,"key":"jedi:StrikingPotion"},{"floor":27,"key":"ColorlessPotion"},{"floor":33,"key":"SteroidPotion"},{"floor":40,"key":"jedi:tentaclejuice"},{"floor":44,"key":"Adrenaline Potion"},{"floor":47,"key":"SkillPotion"}],"is_trial":false,"path_per_floor":["M","?","M","?","M","R","E","M","T","M","$","R","E","M","R","B",null,"M","?","M","M","?","NM","R","E","T","M","R","?","$","M","R","B",null,"M","AVR","M","M","M","E","R","E","T","M","?","R","M","M"],"character_chosen":"DEFECT","items_purchased":["ClockworkSouvenir","jedi:crownofsimplicity","FTL","Defragment"],"campfire_rested":2,"item_purchase_floors":[11,30,30,30],"current_hp_per_floor":[75,75,75,75,75,75,56,53,53,49,49,49,39,33,33,10,75,69,69,60,47,47,35,35,22,22,14,36,36,36,36,58,40,75,73,73,58,58,54,53,53,32,32,28,28,31,9,0,0],"gold":292,"neow_bonus":"THREE_ENEMY_KILL","is_daily":false,"chose_seed":false,"campfire_upgraded":6,"win_rate":0.0,"timestamp":1609802711,"path_taken":["M","?","?","?","M","R","E","M","T","M","$","R","E","M","R","BOSS","M","?","M","M","?","NM","R","E","T","M","R","?","$","M","R","BOSS","M","AVR","M","M","M","E","R","E","T","M","?","R","M","?"],"items_purchased_type":["Relic","Relic","Undefined","Card"],"build_version":"2020-12-22","purchased_purges":0,"victory":false,"max_hp_per_floor":[75,75,75,75,75,75,75,75,75,75,75,75,75,75,75,75,75,75,75,75,75,75,75,75,75,75,75,75,75,75,75,75,75,75,75,75,75,75,75,75,75,75,75,75,75,75,75,75,75],"card_choices":[{"not_picked":["jedi:BurstFrost","Clawfect:ClawSnap"],"picked":"Clawfect:ClawLightning","floor":1},{"not_picked":["Stack","Sunder"],"picked":"Conserve Battery","floor":3},{"not_picked":["Clawfect:ScrapingClaw","ReplayTheSpireMod:Repulse"],"picked":"Clawfect:ClawingBeam","floor":5},{"not_picked":["FIFO Queue","Turbo"],"picked":"jedi:overflow","floor":7},{"not_picked":["Reinforced Body","ReplayTheSpireMod:System Scan"],"picked":"Clawfect:ClawLightning","floor":8},{"not_picked":["Gash","Reboot"],"picked":"Conserve Battery","floor":10},{"not_picked":["Lockon","Clawfect:ScrapingClaw","Steam Power"],"picked":"SKIP","floor":13},{"not_picked":["ReplayTheSpireMod:GoodbyeWorld","Skim"],"picked":"Coolheaded","floor":14},{"not_picked":["Multi-Cast","Buffer"],"picked":"jedi:bruteforce","floor":16},{"not_picked":["ReplayTheSpireMod:Calculation Training+1","Heatsinks","jedi:spotbugs+1"],"picked":"SKIP","floor":18},{"not_picked":["Recycle+1","Panic Button"],"picked":"Clawfect:Clawter","floor":20},{"not_picked":["jedi:markofdeath","Clawfect:Clawline"],"picked":"White Noise","floor":21},{"not_picked":["Self Repair","Steam"],"picked":"FIFO Queue","floor":23},{"not_picked":["Recycle+1","Clawfect:ClawSnap"],"picked":"Crystallizer","floor":25},{"not_picked":["Turbo","ReplayGash"],"picked":"Chill","floor":27},{"not_picked":["FTL","Clawfect:ClawForTheEyes+1"],"picked":"Defragment+1","floor":31},{"not_picked":["Buffer","Seek"],"picked":"Rainbow","floor":33},{"not_picked":["Clawfect:ClawSnap+1","Clawfect:Clawline"],"picked":"Defragment","floor":35},{"not_picked":["Clawfect:ClawingBeam","Leap"],"picked":"Clawfect:Clawrage+1","floor":37},{"not_picked":["Blizzard+1","Aggregate+1"],"picked":"jedi:BurstFrost+1","floor":38},{"not_picked":["Echo Form","jedi:blockon"],"picked":"Coolheaded","floor":39},{"not_picked":["ReplayTheSpireMod:Calculation Training","jedi:BurstFrost"],"picked":"Conserve Battery+1","floor":40},{"not_picked":["jedi:blockon","ReplayTheSpireMod:Repulse","Hologram+1"],"picked":"SKIP","floor":42},{"not_picked":["jedi:BurstFrost","Lockon+1"],"picked":"FTL+1","floor":44},{"not_picked":["Clawfect:ClawingBeam+1","BasicCrystalCard"],"picked":"Crystallizer+1","floor":47}],"player_experience":1010760,"relics_obtained":[{"floor":7,"key":"Bronze Scales"},{"floor":9,"key":"Ornamental Fan"},{"floor":13,"key":"halation:PrussianBluePaint"},{"floor":23,"key":"Turnip"},{"floor":25,"key":"aspiration:AnachronicSnailShell"},{"floor":26,"key":"ReplayFunnel"},{"floor":40,"key":"Whetstone"},{"floor":40,"key":"Replay:Wax Seal"},{"floor":42,"key":"halation:SwordOfLegend"},{"floor":42,"key":"CCEMRelics:JestersCrown"},{"floor":43,"key":"halation:VictoryRuler"}],"event_choices":[{"damage_healed":0,"gold_gain":0,"player_choice":"Upgraded","damage_taken":0,"max_hp_gain":0,"max_hp_loss":0,"event_name":"Upgrade Shrine","floor":2,"gold_loss":0,"cards_upgraded":["Clawfect:ClawLightning"]},{"damage_healed":0,"gold_gain":0,"player_choice":"Copied","damage_taken":0,"max_hp_gain":0,"max_hp_loss":0,"event_name":"Duplicator","floor":19,"gold_loss":0,"cards_obtained":["Clawfect:ClawLightning"]},{"damage_healed":0,"gold_gain":0,"player_choice":"Bought 0 Potions","damage_taken":0,"max_hp_gain":0,"max_hp_loss":0,"event_name":"The Woman in Blue","floor":22,"gold_loss":0},{"damage_healed":0,"gold_gain":0,"player_choice":"Gave Potion","damage_taken":0,"relics_obtained":["Runesmith:AutoHammer"],"max_hp_gain":0,"max_hp_loss":0,"event_name":"WeMeetAgain","floor":29,"gold_loss":0},{"damage_healed":0,"gold_gain":0,"player_choice":"Ignored","damage_taken":0,"max_hp_gain":0,"max_hp_loss":0,"event_name":"betterThird:BetterPortal","floor":45,"gold_loss":0}],"is_beta":false,"boss_relics":[{"not_picked":["Busted Crown","conspire:RunicOctahedron"],"picked":"conspire:SpecialSausage"},{"not_picked":["Nuclear Battery","Coffee Dripper"],"picked":"Inserter"}],"items_purged_floors":[],"is_endless":true,"potions_floor_spawned":[1,8,13,20,21,27,33,40,44,47],"killed_by":"4 Shapes","ascension_level":0}}