{"host":"bf9sa99gaumonoeu","time":1609774423,"event":{"mods":["AchievementEnabler","Act Like it!","BaseMod","Better Sensory Stone","Colored Map","Colored Powertips","Downfall","Duelist Mod","Friendly Minions","Gensokyo","GifTheSpireLib","Hallownest","Hermit","Hubris","Jorbs\u0027s Wanderer Trilogy","KinomotoSakuraMod(????)","Koishi","Lobotomy","Marisa????????","Minty Spire (QoL Compilation)","Rare Cards Sparkle","Reimu??????","Remilia??????","Replay The Spire","Shop Mod","StSLib","The Administrix","The Animator","The Blue Laboratory","The Bug Knight","The Construct","The Cursed","The Disciple","The Hierophant","The Mystic","The Necromancer","The Poker Player","The Runesmith","The Senshi","The Servant 0.9.4","Waifu the Spire"],"gold_per_floor":[15,28,28,41,71,71,71],"floor_reached":6,"playtime":442,"items_purged":[],"score":51,"play_id":"97cc65ca-bad3-4558-9e6e-3341beb0f04c","local_time":"20210104133343","is_ascension_mode":true,"campfire_choices":[],"circlet_count":0,"master_deck":["animator:Strike_Overlord","animator:Defend_Overlord","animator:Strike","animator:Strike","animator:Defend","animator:Defend","animator:Cocytus","animator:Demiurge","animator:Shinoa","animator:FielNirvalen","animator:PandorasActor"],"relics":["animator:LivingPicture","animator:TheMissingPiece"],"acts_visited":["Exordium"],"potions_floor_usage":[5],"damage_taken":[{"damage":2,"enemies":"2 Louse","floor":1,"turns":3},{"damage":0,"enemies":"Jaw Worm","floor":2,"turns":4},{"damage":5,"enemies":"Small Slimes","floor":4,"turns":5},{"damage":34,"enemies":"Exordium Thugs","floor":5,"turns":6},{"damage":26,"enemies":"3 Sentries","floor":6,"turns":5}],"seed_played":"-1860047166021641912","potions_obtained":[{"floor":2,"key":"blueLaboratory:HorrorPotion"}],"is_trial":false,"path_per_floor":["M","M","?","M","M","E"],"character_chosen":"THE_ANIMATOR","items_purchased":[],"campfire_rested":0,"item_purchase_floors":[],"current_hp_per_floor":[57,57,57,52,18,0,0],"gold":71,"neow_bonus":"REMOVE_TWO","is_daily":false,"chose_seed":false,"campfire_upgraded":0,"win_rate":0.0,"timestamp":1609774423,"path_taken":["M","M","?","M","M","E"],"items_purchased_type":[],"build_version":"2020-12-22","purchased_purges":0,"victory":false,"max_hp_per_floor":[66,66,66,66,66,66,66],"card_choices":[{"not_picked":["animator:Konayuki","animator:Bozes"],"picked":"animator:Shinoa","floor":1},{"not_picked":["animator:DolaRiku","animator:Assassin"],"picked":"animator:FielNirvalen","floor":2},{"not_picked":["animator:YaoHaDucy","animator:Bozes","animator:Berserker"],"picked":"SKIP","floor":4},{"not_picked":["animator:Cocytus","animator:Demiurge"],"picked":"animator:PandorasActor","floor":5}],"player_experience":741695,"relics_obtained":[],"event_choices":[],"is_beta":false,"boss_relics":[],"items_purged_floors":[],"is_endless":false,"potions_floor_spawned":[2],"killed_by":"3 Sentries","ascension_level":7}}