{"host":"ss2ocoam53r2lno0","time":1609801403,"event":{"mods":["Act Like it!","BaseMod","ChefMod","Colored Powertips","Displayed Cursed Tome","Downfall","Evolution","Googly Eyes","Hallownest","Highlight Path","Minty Spire (QoL Compilation)","Rare Cards Sparkle","Robot Space Explorer","Shade Mod","Shop Mod","Spicy Shops","StSLib","The Marked"],"gold_per_floor":[116,116,116,132,149,182,182,217,217,227,227,5,5,36,36,133,133,153,153,165,197,197,225,225,250,273,285,301,332,349,367,367,469,519,532,582,804,818,818,849,849,876,876,904,904,920,152,164,164,164],"floor_reached":51,"playtime":3829,"items_purged":["Injury","theMarked:Strike","theMarked:Frustration"],"score":1232,"play_id":"94c01df6-a864-4232-9953-6f95a6b3e0f7","local_time":"20210105000323","is_ascension_mode":true,"campfire_choices":[{"data":"theMarked:Indomitable","floor":7.0,"key":"SMITH"},{"data":"theMarked:SoldierOfQuellstein","floor":11.0,"key":"PURGE"},{"data":"theMarked:Defend","floor":15,"key":"PURGE"},{"data":"theMarked:Defend","floor":24,"key":"PURGE"},{"data":"theMarked:Defend","floor":32,"key":"PURGE"},{"data":"theMarked:Defend","floor":41,"key":"PURGE"},{"data":"theMarked:HeightenedSenses","floor":49,"key":"PURGE"}],"circlet_count":0,"master_deck":["theMarked:BanishingStrike+1","theMarked:BanishingStrike","theMarked:BanishingStrike","theMarked:BanishingStrike","theMarked:WardOff+1","theMarked:Indomitable+1","theMarked:DeterminationOfTheMarked+1","theMarked:FavorableWinds+1","Ghostly+1","Ghostly+1","Ghostly+1","Ghostly+1","Ghostly+1","theMarked:Seal+1","theMarked:Vacuum","theMarked:Overthink+1","theMarked:Abjuration","expansioncontent:SuperHexaguard+1"],"relics":["theMarked:ArtifactOfAir","EVO:Axolotl","Mercury Hourglass","Sundial","Peace Pipe","Toxic Egg 2","Membership Card","Anchor","Darkstone Periapt","Fusion Hammer","Red Mask","Smiling Mask","Gremlin Horn","Omamori","Blood Vial","Tiny House","Thread and Needle","Eternal Feather","Art of War","Akabeko","Nunchaku","Dream Catcher","MerchantsRug","Molten Egg 2","Potion Belt","Calipers","Blue Candle","Chemical X"],"acts_visited":["Exordium","TheCity","TheBeyond"],"potions_floor_usage":[16,33,33,33,33,48,48,50,50],"damage_taken":[{"damage":0.0,"enemies":"2 Louse","floor":1.0,"turns":1.0},{"damage":0.0,"enemies":"Cultist","floor":4.0,"turns":2.0},{"damage":7.0,"enemies":"Jaw Worm","floor":5.0,"turns":2.0},{"damage":10.0,"enemies":"Gremlin Nob","floor":6.0,"turns":3.0},{"damage":2.0,"enemies":"3 Sentries","floor":8.0,"turns":7.0},{"damage":0.0,"enemies":"Exordium Thugs","floor":10.0,"turns":4.0},{"damage":0,"enemies":"Gremlin Nob","floor":14,"turns":3},{"damage":0,"enemies":"Slime Boss","floor":16,"turns":5},{"damage":2,"enemies":"3 Byrds","floor":18,"turns":3},{"damage":0,"enemies":"Chosen","floor":20,"turns":3},{"damage":0,"enemies":"Masked Bandits","floor":21,"turns":4},{"damage":0,"enemies":"Gremlin Leader","floor":23,"turns":5},{"damage":3,"enemies":"Slavers","floor":25,"turns":5},{"damage":0,"enemies":"Snake Plant","floor":27,"turns":3},{"damage":0,"enemies":"Centurion and Healer","floor":28,"turns":4},{"damage":0,"enemies":"Gremlin Leader","floor":29,"turns":4},{"damage":1,"enemies":"Cultist and Chosen","floor":30,"turns":5},{"damage":0,"enemies":"Shelled Parasite and Fungi","floor":31,"turns":5},{"damage":7,"enemies":"Automaton","floor":33,"turns":8},{"damage":0,"enemies":"3 Shapes","floor":35,"turns":3},{"damage":6,"enemies":"Mind Bloom Boss Battle","floor":36,"turns":4},{"damage":0,"enemies":"3 Darklings","floor":38,"turns":4},{"damage":0,"enemies":"Giant Head","floor":40,"turns":7},{"damage":0,"enemies":"Nemesis","floor":42,"turns":5},{"damage":0,"enemies":"Reptomancer","floor":44,"turns":3},{"damage":0,"enemies":"Jaw Worm Horde","floor":46,"turns":3},{"damage":0,"enemies":"Writhing Mass","floor":48,"turns":2},{"damage":22,"enemies":"Awakened One","floor":50,"turns":12}],"seed_played":"8793687867911391701","potions_obtained":[{"floor":4.0,"key":"Explosive Potion"},{"floor":8.0,"key":"theMarked:SummonPotion"},{"floor":10.0,"key":"CultistPotion"},{"floor":14,"key":"Slimebound:ThreeZeroPotion"},{"floor":20,"key":"EntropicBrew"},{"floor":23,"key":"LiquidMemories"},{"floor":34,"key":"Slimebound:ThreeZeroPotion"},{"floor":35,"key":"Fire Potion"},{"floor":36,"key":"Weak Potion"},{"floor":42,"key":"hexamod:EctoCoolerPotion"},{"floor":48,"key":"EssenceOfSteel"}],"is_trial":false,"path_per_floor":["M","?","?","M","M","E","R","E","T","M","R","$","?","E","R","B",null,"M","?","M","?","?","E","R","E","T","M","M","E","M","M","R","B",null,"M","?","?","M","?","E","R","E","T","E","T","M","$","M","R","B",null],"character_chosen":"THE_DEFAULT","items_purchased":["Membership Card","Anchor","MerchantsRug","Regen Potion","Regen Potion","Molten Egg 2","Potion Belt","Weak Potion","hexamod:EctoCoolerPotion","Calipers","Blue Candle","Chemical X"],"campfire_rested":0,"item_purchase_floors":[12,12,47,47,47,47,47,47,47,47,47,47],"current_hp_per_floor":[70,75,75,75,68,58,58,56,56,56,56,56,56,56,56,56,75,73,37,37,37,37,37,37,34,34,34,34,34,35,37,37,30,42,42,36,36,38,38,40,42,42,42,42,42,42,42,42,42,20],"gold":164,"neow_bonus":"UPGRADE_CARD","is_daily":false,"chose_seed":false,"campfire_upgraded":1,"win_rate":0.0,"timestamp":1609801403,"path_taken":["M","?","?","?","M","E","R","E","T","?","R","$","?","E","R","BOSS","M","?","M","?","?","E","R","E","T","M","M","E","M","M","R","BOSS","M","?","?","M","?","E","R","E","T","E","?","M","$","M","R","BOSS"],"items_purchased_type":["Relic","Relic","Relic","Potion","Potion","Relic","Relic","Potion","Potion","Relic","Relic","Relic"],"build_version":"2020-12-22","purchased_purges":3,"victory":true,"max_hp_per_floor":[70,75,75,75,75,75,75,75,75,75,75,75,75,75,75,75,75,75,37,37,37,37,37,37,37,37,37,37,37,37,37,37,37,42,42,42,42,42,42,42,42,42,42,42,42,42,42,42,42,42],"card_choices":[{"not_picked":["theMarked:RepellingDischarge","theMarked:ChainLightning"],"picked":"theMarked:Frustration","floor":1.0},{"not_picked":["theMarked:TwofoldDefense","theMarked:Standoff"],"picked":"theMarked:HeightenedSenses","floor":4.0},{"not_picked":["theMarked:GodGivenPower","theMarked:DispelDoubt"],"picked":"theMarked:WardOff","floor":5.0},{"not_picked":["theMarked:ElectricStrings","theMarked:SwordAndMagic"],"picked":"theMarked:Indomitable","floor":6.0},{"not_picked":["theMarked:WastefulAttack","theMarked:SwordAndMagic","theMarked:TwofoldDefense"],"picked":"SKIP","floor":8.0},{"not_picked":["theMarked:EmpowerWeapon+1","theMarked:ResourceFulStrike","theMarked:CreepingChasm+1"],"picked":"SKIP","floor":10.0},{"not_picked":["theMarked:Frustration","theMarked:BanishingStrike"],"picked":"theMarked:DeterminationOfTheMarked","floor":14},{"not_picked":["theMarked:Defy","theMarked:EternalStudent+1"],"picked":"theMarked:FavorableWinds+1","floor":16},{"not_picked":["theMarked:Electrify+1","theMarked:Aftermath+1","theMarked:SwordAndMagic"],"picked":"SKIP","floor":18},{"not_picked":["theMarked:SwordAndMagic","theMarked:Standoff","theMarked:SelfDefenseTraining"],"picked":"SKIP","floor":20},{"not_picked":["theMarked:Polarize+1","theMarked:Convert+1","theMarked:RepellingDischarge+1"],"picked":"SKIP","floor":23},{"not_picked":["theMarked:Levitate+1","theMarked:ContemptForTheProud"],"picked":"theMarked:Seal+1","floor":25},{"not_picked":["theMarked:Opportunist","theMarked:ResourceFulStrike","theMarked:ShockingTouch"],"picked":"SKIP","floor":27},{"not_picked":["theMarked:EmpowerWeapon+1","theMarked:Aftermath+1","theMarked:EnhanceMovement+1"],"picked":"SKIP","floor":28},{"not_picked":["theMarked:Improvise+1","theMarked:Convert+1","theMarked:Frustration"],"picked":"SKIP","floor":29},{"not_picked":["theMarked:TwofoldDefense+1","theMarked:RepellingDischarge+1","theMarked:Improvise+1"],"picked":"SKIP","floor":30},{"not_picked":["theMarked:EmpowerWeapon+1","theMarked:ComboAttacks","theMarked:LightningStrikesTwice"],"picked":"SKIP","floor":31},{"not_picked":["theMarked:ChannelForce+1","theMarked:Snap"],"picked":"theMarked:Vacuum","floor":33},{"not_picked":["theMarked:WardOff+1","theMarked:EmpowerWeapon+1"],"picked":"theMarked:Overthink+1","floor":34},{"not_picked":["theMarked:CreepingChasm+1","theMarked:Aftermath+1","theMarked:WastefulAttack+1"],"picked":"SKIP","floor":35},{"not_picked":["theMarked:WastefulDefense+1","theMarked:Electrocute"],"picked":"theMarked:Abjuration","floor":38},{"not_picked":["Flash of Steel","expansioncontent:AwakenDeath"],"picked":"expansioncontent:SuperHexaguard+1","floor":39},{"not_picked":["theMarked:WastefulDefense+1","theMarked:CreepingChasm+1","theMarked:StartUp+1"],"picked":"SKIP","floor":40},{"not_picked":["theMarked:Electrocute","theMarked:CreepingChasm+1","theMarked:ElementalBlade+1"],"picked":"SKIP","floor":42},{"not_picked":["theMarked:Frustration+1","theMarked:Parkour+1","theMarked:Improvise+1"],"picked":"SKIP","floor":44},{"not_picked":["theMarked:ChainLightning+1","theMarked:WastefulAttack+1","theMarked:Parkour+1"],"picked":"SKIP","floor":46},{"not_picked":["theMarked:Reabsorb+1","theMarked:LightningStrikesTwice+1","theMarked:SuspiciousRaven+1"],"picked":"SKIP","floor":48}],"player_experience":623906,"relics_obtained":[{"floor":3.0,"key":"Mercury Hourglass"},{"floor":6.0,"key":"Sundial"},{"floor":8.0,"key":"Peace Pipe"},{"floor":9.0,"key":"Toxic Egg 2"},{"floor":14,"key":"Darkstone Periapt"},{"floor":21,"key":"Red Mask"},{"floor":23,"key":"Smiling Mask"},{"floor":25,"key":"Gremlin Horn"},{"floor":26,"key":"Omamori"},{"floor":29,"key":"Blood Vial"},{"floor":36,"key":"Thread and Needle"},{"floor":40,"key":"Eternal Feather"},{"floor":42,"key":"Art of War"},{"floor":43,"key":"Akabeko"},{"floor":44,"key":"Nunchaku"},{"floor":45,"key":"Dream Catcher"}],"event_choices":[{"damage_healed":0.0,"max_hp_gain":5.0,"max_hp_loss":0.0,"gold_gain":0.0,"event_name":"Big Fish","player_choice":"Donut","floor":2.0,"gold_loss":0.0,"damage_taken":0.0},{"damage_healed":0.0,"max_hp_gain":0.0,"max_hp_loss":0.0,"gold_gain":0.0,"event_name":"Wheel of Change","player_choice":"Relic","floor":3.0,"gold_loss":0.0,"damage_taken":0.0},{"damage_healed":0,"gold_gain":0,"player_choice":"Forge","damage_taken":0,"max_hp_gain":0,"max_hp_loss":0,"event_name":"Accursed Blacksmith","floor":13,"gold_loss":0,"cards_upgraded":["theMarked:WardOff"]},{"damage_healed":0,"gold_gain":0,"player_choice":"Became a Ghost","damage_taken":0,"max_hp_gain":0,"max_hp_loss":38,"event_name":"Ghosts","floor":19,"gold_loss":0,"cards_obtained":["Ghostly","Ghostly","Ghostly","Ghostly","Ghostly"]},{"damage_healed":0,"gold_gain":0,"player_choice":"Fought Bandits","damage_taken":0,"max_hp_gain":0,"max_hp_loss":0,"event_name":"Masked Bandits","floor":21,"gold_loss":0},{"damage_healed":0,"gold_gain":0,"player_choice":"Fight","damage_taken":0,"max_hp_gain":0,"max_hp_loss":0,"event_name":"MindBloom","floor":36,"gold_loss":0},{"damage_healed":0,"gold_gain":222,"player_choice":"Wore Mask","damage_taken":0,"max_hp_gain":0,"max_hp_loss":0,"event_name":"Tomb of Lord Red Mask","floor":37,"gold_loss":0},{"damage_healed":0,"gold_gain":0,"player_choice":"Memory 1","damage_taken":0,"max_hp_gain":0,"max_hp_loss":0,"event_name":"SensoryStone","floor":39,"gold_loss":0}],"is_beta":false,"boss_relics":[{"not_picked":["Pandora\u0027s Box","Ectoplasm"],"picked":"Fusion Hammer"},{"not_picked":["SacredBark","Velvet Choker"],"picked":"Tiny House"}],"items_purged_floors":[12,12,47],"is_endless":false,"potions_floor_spawned":[4,8,10,14,20,23,27,31,35,36,38,42,48],"ascension_level":3}}