{"host":"nqsrckqog5ia9mbo","time":1609792976,"event":{"mods":["AchievementEnabler","BaseMod","Colored Map","Highlight Path","Minty Spire (QoL Compilation)"],"gold_per_floor":[119,99,114,124,124,151,151,174,229,254,281,311,323,355,367,484,496,523,147,158,118,133,133,165,175,228,228,228],"floor_reached":27,"playtime":2887,"items_purged":["Strike_B"],"score":261,"play_id":"d0c0be6f-08da-4e25-ad3b-c526747e3cc1","local_time":"20210104214256","is_ascension_mode":true,"campfire_choices":[{"data":"Dualcast","floor":7.0,"key":"SMITH"},{"floor":13,"key":"REST"},{"floor":15,"key":"REST"},{"floor":23,"key":"REST"}],"circlet_count":0,"master_deck":["Strike_B","Strike_B","Strike_B","Defend_B","Defend_B","Defend_B","Defend_B","Zap","Dualcast+1","Trip","Barrage","Hologram","Glacier","Redo","Genetic Algorithm","Gash","Capacitor+1","Sunder+1","Double Energy","Consume","Coolheaded"],"relics":["Cracked Core","Tiny Chest","Odd Mushroom","MawBank","Sozu","Unceasing Top","Ornamental Fan"],"acts_visited":["Exordium","TheCity"],"potions_floor_usage":[16,16],"damage_taken":[{"damage":0.0,"enemies":"2 Louse","floor":1.0,"turns":2.0},{"damage":1.0,"enemies":"Cultist","floor":3.0,"turns":3.0},{"damage":0.0,"enemies":"Small Slimes","floor":4.0,"turns":3.0},{"damage":33.0,"enemies":"Gremlin Nob","floor":6.0,"turns":7.0},{"damage":20,"enemies":"The Mushroom Lair","floor":8,"turns":5},{"damage":0,"enemies":"2 Fungi Beasts","floor":10,"turns":4},{"damage":19,"enemies":"Exordium Thugs","floor":11,"turns":6},{"damage":0,"enemies":"Blue Slaver","floor":12,"turns":5},{"damage":0,"enemies":"Red Slaver","floor":14,"turns":5},{"damage":45,"enemies":"Slime Boss","floor":16,"turns":15},{"damage":7,"enemies":"Chosen","floor":18,"turns":6},{"damage":11,"enemies":"Shell Parasite","floor":20,"turns":7},{"damage":19,"enemies":"Chosen and Byrds","floor":22,"turns":7},{"damage":39,"enemies":"Slavers","floor":24,"turns":8},{"damage":0,"enemies":"Centurion and Healer","floor":25,"turns":14},{"damage":22,"enemies":"Snake Plant","floor":27,"turns":2}],"seed_played":"-4486019853909680102","potions_obtained":[{"floor":1.0,"key":"FearPotion"},{"floor":2.0,"key":"DuplicationPotion"},{"floor":4.0,"key":"PowerPotion"}],"is_trial":false,"path_per_floor":["M","?","M","M","?","E","R","?","T","M","M","M","R","M","R","B",null,"M","$","M","?","M","R","E","M","T","M"],"character_chosen":"DEFECT","items_purchased":["Unceasing Top"],"campfire_rested":3,"item_purchase_floors":[19],"current_hp_per_floor":[75,75,74,74,74,41,41,21,21,21,2,2,24,24,46,1,75,68,68,57,57,38,60,21,21,21,0,0],"gold":228,"neow_bonus":"RANDOM_COLORLESS","is_daily":false,"chose_seed":false,"campfire_upgraded":1,"win_rate":0.0,"timestamp":1609792976,"path_taken":["M","?","M","?","?","E","R","?","T","M","M","M","R","M","R","BOSS","M","$","M","?","M","R","E","M","T","M"],"items_purchased_type":["Relic"],"build_version":"2020-12-22","purchased_purges":1,"victory":false,"max_hp_per_floor":[75,75,75,75,75,75,75,75,75,75,75,75,75,75,75,75,75,75,75,75,75,75,75,75,75,75,75,75],"card_choices":[{"not_picked":["Panacea","Purity"],"picked":"Trip","floor":0.0},{"not_picked":["Lockon","Recycle"],"picked":"Barrage","floor":1.0},{"not_picked":["Streamline","Turbo"],"picked":"Hologram","floor":3.0},{"not_picked":["BootSequence","Compile Driver"],"picked":"Glacier","floor":4.0},{"not_picked":["Force Field","Storm"],"picked":"Redo","floor":6.0},{"not_picked":["Cold Snap","Self Repair"],"picked":"Genetic Algorithm","floor":8},{"not_picked":["Turbo","Compile Driver"],"picked":"Gash","floor":10},{"not_picked":["Barrage","Fission","Tempest"],"picked":"SKIP","floor":11},{"not_picked":["Barrage","Rebound"],"picked":"Capacitor","floor":12},{"not_picked":["Darkness","Static Discharge","Tempest"],"picked":"SKIP","floor":14},{"not_picked":["Stack","Sweeping Beam"],"picked":"Sunder+1","floor":18},{"not_picked":["Redo","Leap+1"],"picked":"Double Energy","floor":20},{"not_picked":["Steam+1","Hologram"],"picked":"Consume","floor":22},{"not_picked":["Compile Driver","Cold Snap+1"],"picked":"Coolheaded","floor":24},{"not_picked":["Sweeping Beam+1","Hello World","Ball Lightning"],"picked":"SKIP","floor":25}],"player_experience":127823,"relics_obtained":[{"floor":6.0,"key":"Tiny Chest"},{"floor":8,"key":"Odd Mushroom"},{"floor":9,"key":"MawBank"},{"floor":24,"key":"Ornamental Fan"}],"event_choices":[{"damage_healed":0.0,"max_hp_gain":0.0,"max_hp_loss":0.0,"gold_gain":0.0,"event_name":"The Woman in Blue","player_choice":"Bought 1 Potion","floor":2.0,"gold_loss":0.0,"damage_taken":0.0},{"damage_healed":0.0,"max_hp_gain":0.0,"max_hp_loss":0.0,"gold_gain":0.0,"event_name":"Liars Game","player_choice":"Ignored","floor":5.0,"gold_loss":0.0,"damage_taken":0.0},{"damage_healed":0,"gold_gain":0,"player_choice":"Fought Mushrooms","damage_taken":0,"max_hp_gain":0,"max_hp_loss":0,"event_name":"Mushrooms","floor":8,"gold_loss":0},{"damage_healed":0,"gold_gain":0,"player_choice":"Upgrade","damage_taken":0,"max_hp_gain":0,"max_hp_loss":0,"event_name":"Designer","floor":21,"gold_loss":40,"cards_upgraded":["Capacitor"]}],"is_beta":false,"boss_relics":[{"not_picked":["Tiny House","Cursed Key"],"picked":"Sozu"}],"items_purged_floors":[19],"is_endless":false,"potions_floor_spawned":[1,4,8,12,14,18],"killed_by":"Snake Plant","ascension_level":2}}