{"host":"2no1vwhhkhf0ohz3","time":1609738393,"event":{"mods":["AchievementEnabler","BaseMod","Colored Map","DeckTracker","Keyboard Shortcuts","Minty Spire (QoL Compilation)","Relic Stats","SuperFastMode"],"gold_per_floor":[116,135,145,156,156,156,169,201,224,224,224,224],"floor_reached":11,"playtime":142,"items_purged":[],"score":86,"play_id":"e2f276ef-0317-4664-996c-1827ee9a7767","local_time":"20210104143313","is_ascension_mode":true,"campfire_choices":[{"floor":6.0,"key":"RECALL"},{"floor":10.0,"key":"REST"}],"circlet_count":0,"master_deck":["Strike_P","Strike_P","Strike_P","Strike_P","Defend_P","Defend_P","Defend_P","Defend_P","Eruption+1","Vigilance+1"],"relics":["PureWater","Toy Ornithopter"],"acts_visited":["Exordium"],"potions_floor_usage":[],"damage_taken":[{"damage":0.0,"enemies":"Small Slimes","floor":1.0,"turns":2.0},{"damage":0.0,"enemies":"Cultist","floor":2.0,"turns":2.0},{"damage":0.0,"enemies":"Jaw Worm","floor":3.0,"turns":2.0},{"damage":13.0,"enemies":"Blue Slaver","floor":4.0,"turns":4.0},{"damage":7.0,"enemies":"3 Louse","floor":7.0,"turns":5.0},{"damage":18.0,"enemies":"Gremlin Nob","floor":8.0,"turns":3.0},{"damage":0,"enemies":"3 Sentries","floor":11,"turns":1}],"seed_played":"-5521121368561862059","potions_obtained":[{"floor":3.0,"key":"Block Potion"},{"floor":4.0,"key":"Fire Potion"}],"is_trial":false,"path_per_floor":["M","M","M","M","?","R","M","E","T","R","E"],"character_chosen":"WATCHER","items_purchased":[],"campfire_rested":1,"item_purchase_floors":[],"current_hp_per_floor":[72,72,72,59,59,59,52,34,34,55,55,55],"gold":224,"neow_bonus":"UPGRADE_CARD","is_daily":false,"chose_seed":false,"campfire_upgraded":0,"win_rate":0.0,"timestamp":1609738393,"path_taken":["M","M","M","M","?","R","?","E","T","R","E"],"items_purchased_type":[],"build_version":"2020-12-22","purchased_purges":0,"victory":false,"max_hp_per_floor":[72,72,72,72,72,72,72,72,72,72,72,72],"relic_stats":{"counters":[7,19],"obtain_stats":[{"PureWater":0,"Toy Ornithopter":8},{"PureWater":0,"Toy Ornithopter":6},{"PureWater":0,"Toy Ornithopter":18}],"Toy Ornithopter":0},"card_choices":[{"not_picked":["SashWhip","LikeWater","EmptyBody"],"picked":"SKIP","floor":1.0},{"not_picked":["ReachHeaven","EmptyFist","CutThroughFate"],"picked":"SKIP","floor":2.0},{"not_picked":["ReachHeaven","SashWhip","PathToVictory"],"picked":"SKIP","floor":3.0},{"not_picked":["SashWhip","Prostrate","ClearTheMind"],"picked":"SKIP","floor":4.0},{"not_picked":["ClearTheMind","DeceiveReality","Evaluate"],"picked":"SKIP","floor":7.0},{"not_picked":["SpiritShield","FollowUp","FlyingSleeves"],"picked":"SKIP","floor":8.0}],"player_experience":283537,"relics_obtained":[{"floor":8.0,"key":"Toy Ornithopter"}],"event_choices":[{"damage_healed":0.0,"max_hp_gain":0.0,"max_hp_loss":0.0,"gold_gain":0.0,"event_name":"Accursed Blacksmith","player_choice":"Forge","floor":5.0,"gold_loss":0.0,"damage_taken":0.0,"cards_upgraded":["Vigilance"]}],"is_beta":false,"boss_relics":[],"items_purged_floors":[],"is_endless":false,"potions_floor_spawned":[3,4],"killed_by":"3 Sentries","ascension_level":3}}