{"host":"640uue19m79c7wbt","time":1609738338,"event":{"mods":["BaseMod","Colored Map","Googly Eyes","Highlight Path","Minty Spire (QoL Compilation)","Quick Restart","StSLib"],"gold_per_floor":[109,409,409,2,277,312,312,333,333,333,373,150,186,202,202,333,333,353,268,295,308,508,542,306,349,349,372,372,388,413,350,350,471,471,484,507,523,523,255,255,293,318,343,31,31,31,49,70,70,70],"floor_reached":51,"playtime":2596,"items_purged":["Regret","Strike_G","Strike_G","Strike_G","Catalyst"],"score":1090,"play_id":"b53c9074-37fb-4390-9ae9-10778dd39e40","local_time":"20210104003218","is_ascension_mode":true,"campfire_choices":[{"floor":7.0,"key":"REST"},{"data":"Venomology","floor":10.0,"key":"SMITH"},{"floor":15.0,"key":"REST"},{"floor":28,"key":"REST"},{"data":"Well Laid Plans","floor":32,"key":"SMITH"},{"floor":40,"key":"REST"},{"data":"Night Terror","floor":46,"key":"SMITH"},{"data":"Accuracy","floor":49,"key":"SMITH"}],"circlet_count":0,"master_deck":["Strike_G+1","Strike_G+1","Defend_G","Defend_G","Defend_G","Defend_G","Defend_G","Neutralize","Leg Sweep","Accuracy+1","Terror+1","Choke","Venomology+1","Backflip+1","Dash","Venomology+1","Burst","Tools of the Trade","Blade Dance","Backstab","Blade Dance","Underhanded Strike","Noxious Fumes","Die Die Die","Well Laid Plans+1","PiercingWail","Glass Knife","Endless Agony+1","Bane+1","Bane+1","Mind Blast","Wraith Form v2","Blade Dance+1","Noxious Fumes+1","Night Terror+1","Noxious Fumes","Blur+1"],"relics":["Ring of the Serpent","NeowsBlessing","Old Coin","Golden Idol","Membership Card","Regal Pillow","Bronze Scales","Whetstone","War Paint","MawBank","Mummified Hand","DollysMirror","Oddly Smooth Stone","Blood Vial","Orichalcum","Nunchaku","Lantern","PreservedInsect","InkBottle","SacredBark","HornCleat","Mercury Hourglass","Bag of Preparation","Gremlin Horn"],"acts_visited":["Exordium","TheCity","TheBeyond"],"potions_floor_usage":[27,29,30,30,33,33,35,35,36,37,41,42,42,47,48,48,50,50,50],"damage_taken":[{"damage":0.0,"enemies":"Small Slimes","floor":1.0,"turns":1.0},{"damage":0.0,"enemies":"3 Sentries","floor":6.0,"turns":2.0},{"damage":0.0,"enemies":"Jaw Worm","floor":8.0,"turns":1.0},{"damage":30.0,"enemies":"Gremlin Nob","floor":11.0,"turns":4.0},{"damage":9.0,"enemies":"3 Sentries","floor":13.0,"turns":10.0},{"damage":0.0,"enemies":"Cultist","floor":14.0,"turns":4.0},{"damage":21.0,"enemies":"The Guardian","floor":16.0,"turns":17.0},{"damage":9.0,"enemies":"Chosen","floor":18.0,"turns":6.0},{"damage":0.0,"enemies":"Shell Parasite","floor":21.0,"turns":5.0},{"damage":35.0,"enemies":"Slavers","floor":23.0,"turns":6.0},{"damage":0.0,"enemies":"Gremlin Leader","floor":25.0,"turns":4.0},{"damage":3,"enemies":"Centurion and Healer","floor":27,"turns":4},{"damage":0,"enemies":"Cultist and Chosen","floor":29,"turns":2},{"damage":2,"enemies":"Snecko","floor":30,"turns":4},{"damage":29,"enemies":"Champ","floor":33,"turns":10},{"damage":0,"enemies":"Orb Walker","floor":35,"turns":2},{"damage":27,"enemies":"3 Darklings","floor":36,"turns":5},{"damage":2,"enemies":"Sphere and 2 Shapes","floor":37,"turns":5},{"damage":6,"enemies":"Reptomancer","floor":41,"turns":2},{"damage":0,"enemies":"Maw","floor":42,"turns":5},{"damage":4,"enemies":"4 Shapes","floor":47,"turns":2},{"damage":0,"enemies":"Sphere and 2 Shapes","floor":48,"turns":2},{"damage":9,"enemies":"Donu and Deca","floor":50,"turns":7}],"seed_played":"-2988037427176215886","potions_obtained":[{"floor":6.0,"key":"Weak Potion"},{"floor":8.0,"key":"DuplicationPotion"},{"floor":11.0,"key":"SteroidPotion"},{"floor":14.0,"key":"SkillPotion"},{"floor":16.0,"key":"SkillPotion"},{"floor":18.0,"key":"Block Potion"},{"floor":27,"key":"SkillPotion"},{"floor":30,"key":"Strength Potion"},{"floor":33,"key":"Strength Potion"},{"floor":36,"key":"BlessingOfTheForge"},{"floor":37,"key":"DuplicationPotion"},{"floor":42,"key":"Explosive Potion"},{"floor":47,"key":"ColorlessPotion"},{"floor":48,"key":"SpeedPotion"}],"is_trial":false,"path_per_floor":["M","?","?","$","?","E","R","M","T","R","E","$","E","M","R","B",null,"M","?","T","M","?","E","$","E","T","M","R","M","M","$","R","B",null,"M","M","M","?","$","R","E","M","T","$","?","R","M","M","R","B",null],"character_chosen":"THE_SILENT","items_purchased":["Membership Card","Regal Pillow","Accuracy","Terror","Bronze Scales","Choke","Mummified Hand","DollysMirror","Lantern","Blade Dance","Underhanded Strike","Noxious Fumes","Energy Potion","HornCleat","Wraith Form v2","Night Terror","Gremlin Horn","Noxious Fumes"],"campfire_rested":4,"item_purchase_floors":[4,4,4,4,4,4,12,12,24,24,24,24,24,39,39,44,44,44],"current_hp_per_floor":[63,56,39,39,39,39,70,70,70,70,40,40,31,31,67,46,64,55,55,55,57,57,24,24,26,26,25,61,63,63,63,63,36,62,64,39,39,39,39,70,64,66,66,66,66,66,64,66,66,59],"gold":70,"neow_bonus":"THREE_ENEMY_KILL","is_daily":false,"chose_seed":false,"campfire_upgraded":4,"win_rate":0.0,"timestamp":1609738338,"path_taken":["M","?","?","$","?","E","R","?","T","R","E","$","E","?","R","BOSS","M","?","?","M","?","E","$","E","T","M","R","M","?","?","R","BOSS","M","M","?","?","$","R","E","M","T","$","?","R","M","M","R","BOSS"],"items_purchased_type":["Relic","Relic","Card","Card","Relic","Card","Relic","Relic","Relic","Card","Card","Card","Potion","Relic","Card","Card","Relic","Card"],"build_version":"2020-12-22","purchased_purges":5,"victory":true,"max_hp_per_floor":[70,70,70,70,70,70,70,70,70,70,70,70,70,70,70,70,70,70,70,70,70,70,70,70,70,70,70,70,70,70,70,70,70,70,70,70,70,70,70,70,70,70,70,70,70,70,70,70,70,70],"card_choices":[{"not_picked":["Backflip","Slice"],"picked":"Leg Sweep","floor":1.0},{"not_picked":["Bane","Well Laid Plans"],"picked":"Venomology","floor":6.0},{"not_picked":["Flying Knee","Expertise"],"picked":"Backflip","floor":8.0},{"not_picked":["Setup","Prepared"],"picked":"Dash","floor":11.0},{"not_picked":["Dodge and Roll","Escape Plan"],"picked":"Burst","floor":13.0},{"not_picked":["Underhanded Strike","Dodge and Roll"],"picked":"Catalyst","floor":14.0},{"not_picked":["Die Die Die","Phantasmal Killer"],"picked":"Tools of the Trade","floor":16.0},{"not_picked":["Dagger Throw","Backflip"],"picked":"Blade Dance","floor":18.0},{"not_picked":["Deflect+1","Dodge and Roll","Prepared"],"picked":"SKIP","floor":21.0},{"not_picked":["All Out Attack+1","Bouncing Flask"],"picked":"Backstab","floor":23.0},{"not_picked":["Outmaneuver","Backflip+1"],"picked":"Die Die Die","floor":25.0},{"not_picked":["Acrobatics","Outmaneuver+1"],"picked":"Well Laid Plans","floor":27},{"not_picked":["Dagger Spray","Quick Slash","All Out Attack"],"picked":"SKIP","floor":29},{"not_picked":["Dagger Throw","Blade Dance"],"picked":"PiercingWail","floor":30},{"not_picked":["Burst","Malaise"],"picked":"Glass Knife","floor":33},{"not_picked":["Dash","Riddle With Holes"],"picked":"Endless Agony+1","floor":35},{"not_picked":["Slice","Acrobatics"],"picked":"Bane+1","floor":36},{"not_picked":["Heel Hook+1","Flechettes+1"],"picked":"Bane+1","floor":37},{"not_picked":["Dramatic Entrance","Transmutation"],"picked":"Mind Blast","floor":38},{"not_picked":["Underhanded Strike","Prepared"],"picked":"Blade Dance+1","floor":41},{"not_picked":["Dagger Throw","Choke"],"picked":"Noxious Fumes+1","floor":42},{"not_picked":["Dagger Throw+1","Backflip"],"picked":"Blur+1","floor":47},{"not_picked":["Heel Hook+1","Escape Plan","Deflect+1"],"picked":"SKIP","floor":48}],"player_experience":566259,"relics_obtained":[{"floor":6.0,"key":"Whetstone"},{"floor":9.0,"key":"War Paint"},{"floor":11.0,"key":"MawBank"},{"floor":13.0,"key":"Oddly Smooth Stone"},{"floor":20.0,"key":"Orichalcum"},{"floor":23.0,"key":"Nunchaku"},{"floor":25.0,"key":"PreservedInsect"},{"floor":26.0,"key":"InkBottle"},{"floor":41,"key":"Mercury Hourglass"},{"floor":43,"key":"Bag of Preparation"}],"event_choices":[{"damage_healed":0.0,"max_hp_gain":0.0,"max_hp_loss":0.0,"gold_gain":0.0,"event_name":"Scrap Ooze","player_choice":"Success","floor":2.0,"gold_loss":0.0,"damage_taken":7.0,"relics_obtained":["Old Coin"]},{"damage_healed":0.0,"max_hp_gain":0.0,"max_hp_loss":0.0,"gold_gain":0.0,"event_name":"Golden Idol","player_choice":"Take Damage","floor":3.0,"gold_loss":0.0,"damage_taken":17.0,"relics_obtained":["Golden Idol"]},{"damage_healed":0.0,"max_hp_gain":0.0,"max_hp_loss":0.0,"gold_gain":275.0,"event_name":"Golden Shrine","player_choice":"Desecrate","floor":5.0,"gold_loss":0.0,"damage_taken":0.0,"cards_obtained":["Regret"]},{"damage_healed":0.0,"max_hp_gain":0.0,"max_hp_loss":0.0,"gold_gain":0.0,"event_name":"Addict","player_choice":"Obtained Relic","floor":19.0,"gold_loss":85.0,"damage_taken":0.0,"relics_obtained":["Blood Vial"]},{"damage_healed":0.0,"max_hp_gain":0.0,"max_hp_loss":0.0,"gold_gain":200.0,"event_name":"Wheel of Change","player_choice":"Gold","floor":22.0,"gold_loss":0.0,"damage_taken":0.0},{"damage_healed":0,"gold_gain":0,"player_choice":"Memory 1","damage_taken":0,"max_hp_gain":0,"max_hp_loss":0,"event_name":"SensoryStone","floor":38,"gold_loss":0},{"cards_removed":["Survivor"],"damage_healed":0,"gold_gain":0,"player_choice":"Removed Skill","damage_taken":0,"max_hp_gain":0,"max_hp_loss":0,"event_name":"Falling","floor":45,"gold_loss":0}],"is_beta":false,"boss_relics":[{"not_picked":["Sozu","Busted Crown"],"picked":"Ring of the Serpent"},{"not_picked":["Cursed Key","Coffee Dripper"],"picked":"SacredBark"}],"items_purged_floors":[12,24,31,39,44],"is_endless":false,"potions_floor_spawned":[6,8,11,14,16,18,27,30,33,36,37,42,47,48],"ascension_level":7}}