{"host":"6dypmz777xraikqf","time":1609772285,"event":{"mods":["AchievementEnabler","BaseMod","BetterRewards","Colored Map","Colored Powertips","Downfall","Highlight Path","Hubris","Infinite Spire","Minty Spire (QoL Compilation)","Replay The Spire","StSLib"],"gold_per_floor":[118,118,129,145,145,145,145,180,180,180,180,200,219,235,235,334,334,350,350,46,46,24,51,63,63,63,63,91,103,117,127,127,225,225,242,242,242,242],"floor_reached":37,"playtime":6767,"items_purged":["Defend_P"],"score":508,"play_id":"256f4f02-eb85-4fa2-805e-ed8a4a434210","local_time":"20210104145805","is_ascension_mode":true,"campfire_choices":[{"data":"ForeignInfluence","floor":6,"key":"SMITH"},{"floor":10,"key":"REST"},{"floor":15,"key":"REST"},{"floor":27,"key":"REST"},{"floor":32,"key":"REST"}],"circlet_count":0,"master_deck":["Defend_P","Vigilance","Swivel","WindmillStrike","ForeignInfluence+1","Steam+1","Alpha+1","EmptyFist","ClearTheMind+1","Replay:AtTheReady","EmptyMind","Prostrate","JustLucky+1","DeceiveReality","Wireheading","FlyingSleeves","Replay:AtTheReady","Sanctity+1","Perseverance","Necronomicurse","Protect","Establishment","Protect+1","Blind","expansioncontent:Collect","expansioncontent:DecasProtection"],"relics":["ReplayTheSpireMod:DimensionalGlitch","Gremlin Food","Replay:Multitool","Replay:Drink Me","Nloth\u0027s Gift","hubris:Reverence","Necronomicon","Bag of Marbles","The Courier","Runic Dome"],"acts_visited":["Exordium","TheCity","TheBeyond"],"potions_floor_usage":[30,33],"damage_taken":[{"damage":7,"enemies":"Small Slimes","floor":1,"turns":5},{"damage":0,"enemies":"Cultist","floor":3,"turns":2},{"damage":0,"enemies":"Jaw Worm","floor":4,"turns":3},{"damage":29,"enemies":"Gremlin Nob","floor":8,"turns":5},{"damage":0,"enemies":"Looter","floor":12,"turns":3},{"damage":11,"enemies":"Large Slime","floor":13,"turns":4},{"damage":11,"enemies":"Lots of Slimes","floor":14,"turns":3},{"damage":9,"enemies":"Slime Boss","floor":16,"turns":7},{"damage":8,"enemies":"3 Byrds","floor":18,"turns":5},{"damage":0,"enemies":"Book of Stabbing","floor":23,"turns":8},{"damage":0,"enemies":"Shell Parasite","floor":24,"turns":5},{"damage":17,"enemies":"Slavers","floor":28,"turns":6},{"damage":16,"enemies":"Shelled Parasite and Fungi","floor":29,"turns":11},{"damage":0,"enemies":"Chosen and Byrds","floor":30,"turns":4},{"damage":0,"enemies":"3 Cultists","floor":31,"turns":6},{"damage":0,"enemies":"Collector","floor":33,"turns":9},{"damage":2,"enemies":"3 Darklings","floor":35,"turns":5},{"damage":43,"enemies":"2 Orb Walkers","floor":37,"turns":6}],"seed_played":"-1952929867690866255","potions_obtained":[{"floor":1,"key":"Ambrosia"},{"floor":3,"key":"Guardian:BlockOnCardUsePotion"},{"floor":12,"key":"BottledMiracle"},{"floor":14,"key":"Energy Potion"},{"floor":35,"key":"SkillPotion"}],"is_trial":false,"path_per_floor":["M","?","M","M","?","R","?","E","T","R","?","M","M","M","R_BF","B",null,"M","?","$","?","$","E","M","?","T","R","E","M","M","M","R","B",null,"M","?","?"],"character_chosen":"WATCHER","items_purchased":["Prostrate","JustLucky","DeceiveReality","Wireheading","Replay:AtTheReady"],"campfire_rested":4,"item_purchase_floors":[20,20,20,20,22],"current_hp_per_floor":[65,65,65,65,65,65,65,36,36,57,57,57,46,35,56,47,54,46,46,46,46,46,46,46,21,21,37,20,4,4,4,20,20,54,52,37,0,0],"gold":242,"neow_bonus":"BOSS_RELIC","is_daily":false,"chose_seed":false,"campfire_upgraded":1,"win_rate":0.0,"timestamp":1609772285,"path_taken":["M","?","?","M","?","R","?","E","T","R","?","M","?","M","R_BF","BOSS","M","?","?","?","$","E","?","?","T","R","E","M","M","M","R","BOSS","M","?","?"],"items_purchased_type":["Card","Card","Card","Card","Card"],"build_version":"2020-12-22","purchased_purges":1,"victory":false,"max_hp_per_floor":[72,72,72,72,72,72,72,72,72,72,72,72,72,72,72,72,54,54,54,54,54,54,54,54,54,54,54,54,54,54,54,54,54,54,54,54,54,54],"card_choices":[{"not_picked":["Consecrate","Replay:Anticipation","Replay:Battleflow"],"picked":"SKIP","floor":1},{"not_picked":["Consecrate","EmptyBody"],"picked":"Swivel","floor":3},{"not_picked":["Prostrate","Halt"],"picked":"WindmillStrike","floor":4},{"not_picked":["Replay:AllIn","Consecrate"],"picked":"Alpha","floor":8},{"not_picked":["CrushJoints","Replay:BluntJabs"],"picked":"EmptyFist","floor":12},{"not_picked":["BowlingBash","SashWhip"],"picked":"ClearTheMind","floor":13},{"not_picked":["Replay:BluntJabs","BattleHymn"],"picked":"Replay:AtTheReady","floor":14},{"not_picked":["Pray","Indignation"],"picked":"EmptyMind","floor":18},{"not_picked":["Replay:BluntJabs+1","InnerPeace+1"],"picked":"Sanctity+1","floor":23},{"not_picked":["Vengeance","ClearTheMind"],"picked":"Perseverance","floor":24},{"not_picked":["CarveReality","Replay:BluntJabs","MentalFortress"],"picked":"SKIP","floor":28},{"not_picked":["Halt","EmptyFist"],"picked":"Protect","floor":29},{"not_picked":["ThirdEye","Halt"],"picked":"Establishment","floor":30},{"not_picked":["Replay:AllIn","Study","CutThroughFate"],"picked":"SKIP","floor":31},{"not_picked":["WreathOfFlame","EmptyFist+1"],"picked":"Protect+1","floor":35},{"not_picked":["expansioncontent:ManipulateTime","expansioncontent:BronzeBeam"],"picked":"Blind","floor":36},{"not_picked":["expansioncontent:AwakenDeath","Specialist"],"picked":"expansioncontent:Collect","floor":36},{"not_picked":["Master of Strategy","expansioncontent:GoopSpray"],"picked":"expansioncontent:DecasProtection","floor":36}],"player_experience":104919,"relics_obtained":[{"floor":8,"key":"Gremlin Food"},{"floor":9,"key":"Replay:Multitool"},{"floor":23,"key":"hubris:Reverence"},{"floor":25,"key":"Necronomicon"},{"floor":26,"key":"Bag of Marbles"},{"floor":28,"key":"The Courier"}],"event_choices":[{"cards_removed":["Defend_P"],"damage_healed":0,"gold_gain":0,"player_choice":"Purged","damage_taken":0,"max_hp_gain":0,"max_hp_loss":0,"event_name":"Purifier","floor":2,"gold_loss":0},{"damage_healed":0,"gold_gain":0,"player_choice":"Bought 0 Potions","damage_taken":0,"max_hp_gain":0,"max_hp_loss":0,"event_name":"The Woman in Blue","floor":11,"gold_loss":0},{"damage_healed":0,"gold_gain":0,"player_choice":"Traded Relic","damage_taken":0,"relics_obtained":["Nloth\u0027s Gift"],"max_hp_gain":0,"max_hp_loss":0,"event_name":"N\u0027loth","floor":19,"relics_lost":["hubris:Towel"],"gold_loss":0},{"damage_healed":0,"gold_gain":0,"cards_transformed":["Eruption"],"player_choice":"Transformed","damage_taken":0,"max_hp_gain":0,"max_hp_loss":0,"event_name":"Transmorgrifier","floor":21,"gold_loss":0,"cards_obtained":["FlyingSleeves"]},{"damage_healed":0,"gold_gain":0,"player_choice":"Obtained Book","damage_taken":16,"max_hp_gain":0,"max_hp_loss":0,"event_name":"Cursed Tome","floor":25,"gold_loss":0},{"damage_healed":0,"gold_gain":0,"player_choice":"Memory 3","damage_taken":10,"max_hp_gain":0,"max_hp_loss":0,"event_name":"SensoryStone","floor":36,"gold_loss":0},{"damage_healed":0,"gold_gain":0,"player_choice":"Fight","damage_taken":0,"max_hp_gain":0,"max_hp_loss":0,"event_name":"Mysterious Sphere","floor":37,"gold_loss":0}],"is_beta":false,"boss_relics":[{"not_picked":["SacredBark","hubris:ScarierMask"],"picked":"Replay:Drink Me"},{"not_picked":["Velvet Choker","Pandora\u0027s Box"],"picked":"Runic Dome"}],"items_purged_floors":[20],"is_endless":false,"potions_floor_spawned":[1,3,12,14,18,24,28,35],"killed_by":"2 Orb Walkers","ascension_level":1}}