{"host":"wprg2kxo540uzszc","time":1609798634,"event":{"mods":["BaseMod","Bestiary","Better Third Choice","BetterRewards","CapriCore","Conspire","Custom Start","Emptier Cage","Energized Spire","Minty Spire (QoL Compilation)","Permanent Neow","Relic Stats","Shade Mod","Shop Mod","Spicy Shops","StSLib","Thieving Mod","Transform Curses","Uncapped"],"gold_per_floor":[111,61,88,13,13,13,13,54,54,86,86,106,106,163,163,276,276,301,315,373,373,373],"floor_reached":21,"playtime":1791,"items_purged":["Normality"],"score":169,"play_id":"12627524-bbf3-40fc-be10-162d11c1eb49","local_time":"20210104171714","is_ascension_mode":false,"campfire_choices":[{"data":"Shade:TouchOfTheGrave","floor":7.0,"key":"SMITH"},{"data":"Secret Weapon","floor":11.0,"key":"SMITH"},{"floor":13.0,"key":"REST"},{"data":"Shade:TouchOfTheGrave","floor":15,"key":"SMITH"}],"circlet_count":0,"master_deck":["Shade:Strike_Shade","Shade:Strike_Shade","Shade:Strike_Shade","Shade:Strike_Shade","Shade:Defend_Shade","Shade:Defend_Shade","Shade:Defend_Shade","Shade:Defend_Shade","Shade:AnimateDead","Shade:CarefulCut","Secret Weapon+1","Shade:TouchOfTheGrave+1","conspire:SpireCoStock","Shade:Excise","Shade:CloudOfShrapnel","Shade:CommandSoldier","Shade:DangerousRitual","Shade:TouchOfTheGrave+1","Shade:LichForm"],"relics":["Shade:YorickSkull","Omamori","Pear","White Beast Statue","Toy Ornithopter","Busted Crown","Art of War"],"acts_visited":["Exordium","TheCity"],"potions_floor_usage":[16,16,20],"damage_taken":[{"damage":7.0,"enemies":"Small Slimes","floor":1.0,"turns":4.0},{"damage":4.0,"enemies":"2 Louse","floor":3.0,"turns":5.0},{"damage":8.0,"enemies":"Cultist","floor":8.0,"turns":5.0},{"damage":8.0,"enemies":"conspire:2 RoseBushes","floor":10.0,"turns":5.0},{"damage":8.0,"enemies":"Blue Slaver","floor":12.0,"turns":4.0},{"damage":16,"enemies":"3 Sentries","floor":14,"turns":8},{"damage":56,"enemies":"The Guardian","floor":16,"turns":15},{"damage":6,"enemies":"Shell Parasite","floor":18,"turns":6},{"damage":20,"enemies":"Chosen","floor":19,"turns":5},{"damage":10,"enemies":"conspire:MimicChest","floor":20,"turns":7},{"damage":4,"enemies":"Centurion and Healer","floor":21,"turns":2}],"seed_played":"3780433202007010174","potions_obtained":[{"floor":1.0,"key":"SkillPotion"},{"floor":3.0,"key":"conspire:TimeTravelPotion"},{"floor":8.0,"key":"Strength Potion"},{"floor":10.0,"key":"Regen Potion"},{"floor":12.0,"key":"Regen Potion"},{"floor":14,"key":"Fire Potion"},{"floor":16,"key":"ThievingMod:ThievingPotion"},{"floor":18,"key":"Dexterity Potion"},{"floor":20,"key":"Fire Potion"}],"is_trial":false,"path_per_floor":["M","?","M","$","?","?","R","M","T","M","R","M","R","?","R","B",null,"M","M","?","M"],"character_chosen":"SHADE","items_purchased":[],"campfire_rested":1,"item_purchase_floors":[],"current_hp_per_floor":[58,58,54,54,51,61,61,53,53,45,45,37,59,43,43,12,75,69,49,44,40,40],"gold":373,"neow_bonus":"RANDOM_COLORLESS_2","is_daily":false,"chose_seed":false,"campfire_upgraded":3,"win_rate":0.0,"timestamp":1609798634,"path_taken":["M","?","M","$","?","?","R","?","T","M","R","M","R","?","R","BOSS","M","M","?","M"],"items_purchased_type":[],"build_version":"2020-12-22","purchased_purges":1,"victory":false,"max_hp_per_floor":[65,65,65,65,65,75,75,75,75,75,75,75,75,75,75,75,75,75,75,75,75,75],"relic_stats":{"Busted Crown":6,"counters":[11,66],"Art of War":[0],"obtain_stats":[{"Pear":6,"Busted Crown":17,"Shade:YorickSkull":0,"Omamori":5,"Art of War":20,"White Beast Statue":9,"Toy Ornithopter":14},{"Pear":2,"Busted Crown":7,"Shade:YorickSkull":0,"Omamori":2,"Art of War":10,"White Beast Statue":3,"Toy Ornithopter":5},{"Pear":9,"Busted Crown":46,"Shade:YorickSkull":0,"Omamori":9,"Art of War":64,"White Beast Statue":14,"Toy Ornithopter":23}],"Toy Ornithopter":15},"card_choices":[{"not_picked":["Magnetism","Metamorphosis"],"picked":"Secret Weapon","floor":0.0},{"not_picked":["Shade:Awaken","Shade:Doomsay"],"picked":"Shade:TouchOfTheGrave","floor":1.0},{"not_picked":["Shade:Brains","Shade:Frenzy"],"picked":"Shade:Excise","floor":3.0},{"not_picked":["Shade:StitchTogether","Shade:ClawBack"],"picked":"Shade:CloudOfShrapnel","floor":8.0},{"not_picked":["Shade:Brains","Shade:ClawBack"],"picked":"Shade:CommandSoldier","floor":10.0},{"not_picked":["Shade:GreyBargain","Shade:ExtraLimbs"],"picked":"Shade:DangerousRitual","floor":12.0},{"not_picked":["Shade:FleshLikeOak","Shade:FingerOfDeath"],"picked":"Shade:TouchOfTheGrave","floor":14},{"not_picked":["Shade:SoulPierce","Shade:LastGasp"],"picked":"Shade:LichForm","floor":16},{"not_picked":["Shade:FleshToFlesh"],"picked":"SKIP","floor":18},{"not_picked":["Shade:FleshOffering"],"picked":"SKIP","floor":19}],"player_experience":121906,"relics_obtained":[{"floor":6.0,"key":"Pear"},{"floor":9.0,"key":"White Beast Statue"},{"floor":20,"key":"Art of War"}],"event_choices":[{"damage_healed":0.0,"max_hp_gain":0.0,"max_hp_loss":0.0,"gold_gain":0.0,"event_name":"conspire:Investor","player_choice":"Invest 1","floor":2.0,"gold_loss":0.0,"damage_taken":0.0},{"damage_healed":0.0,"max_hp_gain":0.0,"max_hp_loss":0.0,"gold_gain":0.0,"event_name":"betterThird:BetterScrap","player_choice":"Relic ","floor":5.0,"gold_loss":0.0,"damage_taken":3.0,"cards_obtained":["WheelKick"]},{"damage_healed":0.0,"max_hp_gain":0.0,"max_hp_loss":0.0,"gold_gain":0.0,"event_name":"Wheel of Change","player_choice":"Relic","floor":6.0,"gold_loss":0.0,"damage_taken":0.0},{"damage_healed":0,"gold_gain":30,"player_choice":"Searched \u00273\u0027 times","damage_taken":0,"relics_obtained":["Toy Ornithopter"],"max_hp_gain":0,"max_hp_loss":0,"event_name":"Dead Adventurer","floor":14,"gold_loss":0}],"is_beta":false,"boss_relics":[{"not_picked":["energizedSpire:NeverEndingSparkler","Calling Bell"],"picked":"Busted Crown"}],"items_purged_floors":[4],"is_endless":false,"potions_floor_spawned":[1,3,8,10,12,14,16,18,19,20],"killed_by":"Centurion and Healer","ascension_level":0}}