{"host":"w3x3n9s6mrz4xpf0","time":1609756640,"event":{"mods":["BaseMod","Minty Spire (QoL Compilation)","StSLib","SuperFastMode"],"gold_per_floor":[118,118,136,211,227,227,246,246,299,299,324,324,324,358,358,435,435,447,372,372,372,389,389,389,389,389,389,399,418,418,447,447,520,570,589,589,216,216,232,232,267,279,306,306,324,356,356,371,371,371],"floor_reached":51,"playtime":1588,"items_purged":["Strike_R","Strike_R"],"score":1581,"play_id":"a533679d-2136-4822-86d6-896ecd9fcad3","local_time":"20210104193720","is_ascension_mode":true,"campfire_choices":[{"data":"Searing Blow","floor":6.0,"key":"SMITH"},{"data":"Searing Blow+1","floor":10.0,"key":"SMITH"},{"data":"Searing Blow+2","floor":12.0,"key":"SMITH"},{"data":"Searing Blow+3","floor":13.0,"key":"SMITH"},{"data":"Searing Blow+4","floor":15.0,"key":"SMITH"},{"data":"Searing Blow+5","floor":23.0,"key":"SMITH"},{"data":"Searing Blow+6","floor":24.0,"key":"SMITH"},{"data":"Searing Blow+7","floor":25.0,"key":"SMITH"},{"data":"Searing Blow+8","floor":27.0,"key":"SMITH"},{"data":"Searing Blow+9","floor":32.0,"key":"SMITH"},{"data":"Searing Blow+10","floor":40,"key":"SMITH"},{"data":"Searing Blow+11","floor":44,"key":"SMITH"},{"data":"Searing Blow+12","floor":47,"key":"SMITH"},{"data":"Searing Blow+13","floor":49,"key":"SMITH"}],"circlet_count":0,"master_deck":["AscendersBane","Strike_R","Strike_R","Defend_R+1","Defend_R+1","Defend_R","Defend_R","Bash","Searing Blow+14","Corruption","Sentinel+1","Feel No Pain","Double Tap","Dark Embrace","Shrug It Off","Armaments","Armaments","Armaments+1"],"relics":["Burning Blood","Turnip","Lantern","Art of War","WingedGreaves","Molten Egg 2","Runic Pyramid","Nilry\u0027s Codex","Girya","Vajra","Tiny House","Meat on the Bone","War Paint","Red Skull","Bottled Lightning"],"acts_visited":["Exordium","TheCity","TheBeyond"],"potions_floor_usage":[33,50],"damage_taken":[{"damage":10.0,"enemies":"Cultist","floor":1.0,"turns":4.0},{"damage":6.0,"enemies":"2 Louse","floor":3.0,"turns":3.0},{"damage":19.0,"enemies":"Jaw Worm","floor":5.0,"turns":4.0},{"damage":28.0,"enemies":"2 Fungi Beasts","floor":7.0,"turns":5.0},{"damage":34.0,"enemies":"Gremlin Nob","floor":11.0,"turns":4.0},{"damage":2.0,"enemies":"3 Sentries","floor":14.0,"turns":4.0},{"damage":5.0,"enemies":"The Guardian","floor":16.0,"turns":7.0},{"damage":6.0,"enemies":"Chosen","floor":18.0,"turns":6.0},{"damage":1.0,"enemies":"Spheric Guardian","floor":22.0,"turns":3.0},{"damage":0.0,"enemies":"Cultist and Chosen","floor":28.0,"turns":5.0},{"damage":0.0,"enemies":"Snecko","floor":29.0,"turns":2.0},{"damage":41.0,"enemies":"Slavers","floor":31.0,"turns":5.0},{"damage":1,"enemies":"Champ","floor":33,"turns":6},{"damage":21,"enemies":"3 Shapes","floor":35,"turns":3},{"damage":0,"enemies":"Orb Walker","floor":39,"turns":3},{"damage":0,"enemies":"Giant Head","floor":41,"turns":3},{"damage":43,"enemies":"Jaw Worm Horde","floor":42,"turns":5},{"damage":0,"enemies":"Spire Growth","floor":45,"turns":2},{"damage":16,"enemies":"Nemesis","floor":46,"turns":3},{"damage":30,"enemies":"Sphere and 2 Shapes","floor":48,"turns":6},{"damage":0,"enemies":"Time Eater","floor":50,"turns":2}],"seed_played":"-8731132808734876780","potions_obtained":[{"floor":1.0,"key":"FearPotion"},{"floor":3.0,"key":"Swift Potion"},{"floor":11.0,"key":"GamblersBrew"},{"floor":18.0,"key":"Dexterity Potion"},{"floor":34,"key":"DuplicationPotion"},{"floor":41,"key":"DistilledChaos"},{"floor":45,"key":"BlessingOfTheForge"}],"is_trial":false,"path_per_floor":["M","T","M","?","M","R","M","?","T","R","E","R","R","E","R","B",null,"M","$","?","?","M","R","R","R","T","R","M","M","?","E","R","B",null,"M","?","$","?","M","R","E","M","T","R","M","E","R","M","R","B",null],"character_chosen":"IRONCLAD","items_purchased":["Meat on the Bone"],"campfire_rested":0,"item_purchase_floors":[37],"current_hp_per_floor":[64,64,64,53,40,40,18,36,36,36,8,8,8,12,12,13,60,60,60,39,27,32,32,32,32,32,32,38,44,44,9,9,14,65,50,50,50,50,56,56,62,37,37,37,55,45,45,33,33,51],"gold":371,"neow_bonus":"ONE_RARE_RELIC","is_daily":false,"chose_seed":false,"campfire_upgraded":14,"win_rate":0.0,"timestamp":1609756640,"path_taken":["M","?","M","?","M","R","M","?","T","R","E","R","R","E","R","BOSS","M","$","?","?","M","R","R","R","T","R","?","?","?","E","R","BOSS","M","?","$","?","M","R","E","M","T","R","M","E","R","?","R","BOSS"],"items_purchased_type":["Relic"],"build_version":"2020-12-22","purchased_purges":2,"victory":true,"max_hp_per_floor":[75,75,75,75,75,75,75,75,75,75,75,75,75,75,75,75,75,75,75,75,75,75,75,75,75,75,75,75,75,75,75,75,75,80,80,76,76,76,76,76,76,76,76,76,76,76,76,76,76,76],"card_choices":[{"not_picked":["Ghostly Armor","Twin Strike"],"picked":"Searing Blow","floor":1.0},{"not_picked":["Entrench","Headbutt","Twin Strike"],"picked":"SKIP","floor":3.0},{"not_picked":["Warcry","Thunderclap"],"picked":"Corruption","floor":5.0},{"not_picked":["Heavy Blade","Thunderclap"],"picked":"Sentinel","floor":7.0},{"not_picked":["Wild Strike","Perfected Strike","Thunderclap"],"picked":"SKIP","floor":11.0},{"not_picked":["Havoc","Ghostly Armor"],"picked":"Feel No Pain","floor":14.0},{"not_picked":["Offering","Immolate+1"],"picked":"Double Tap","floor":16.0},{"not_picked":["Twin Strike+1","Second Wind"],"picked":"Dark Embrace","floor":18.0},{"not_picked":["Pommel Strike+1","Headbutt+1"],"picked":"Shrug It Off","floor":22.0},{"not_picked":["Limit Break","Thunderclap+1"],"picked":"Armaments","floor":28.0},{"not_picked":["Body Slam+1","Iron Wave+1","Combust"],"picked":"SKIP","floor":29.0},{"not_picked":["Twin Strike+1","Body Slam+1","Sword Boomerang+1"],"picked":"SKIP","floor":31.0},{"not_picked":["Feel No Pain","Body Slam+1"],"picked":"Armaments","floor":34},{"not_picked":["Twin Strike+1","Pommel Strike+1","Evolve"],"picked":"SKIP","floor":35},{"not_picked":["Bloodletting","Pummel+1"],"picked":"Armaments+1","floor":39},{"not_picked":["Second Wind+1","Feel No Pain","Searing Blow+1"],"picked":"SKIP","floor":41},{"not_picked":["Thunderclap+1","Pummel+1","Evolve+1"],"picked":"SKIP","floor":42},{"not_picked":["Shrug It Off","Shockwave","Infernal Blade"],"picked":"SKIP","floor":45},{"not_picked":["Clothesline+1","Reaper+1","Feel No Pain"],"picked":"SKIP","floor":46},{"not_picked":["Twin Strike+1","Cleave+1","Rage+1"],"picked":"SKIP","floor":48}],"player_experience":93270,"relics_obtained":[{"floor":2.0,"key":"Lantern"},{"floor":9.0,"key":"Art of War"},{"floor":11.0,"key":"WingedGreaves"},{"floor":14.0,"key":"Molten Egg 2"},{"floor":20.0,"key":"Nilry\u0027s Codex"},{"floor":26.0,"key":"Girya"},{"floor":31.0,"key":"Vajra"},{"floor":41,"key":"War Paint"},{"floor":43,"key":"Red Skull"},{"floor":46,"key":"Bottled Lightning"}],"event_choices":[{"damage_healed":0.0,"max_hp_gain":0.0,"max_hp_loss":0.0,"gold_gain":75.0,"event_name":"World of Goop","player_choice":"Gather Gold","floor":4.0,"gold_loss":0.0,"damage_taken":11.0},{"damage_healed":18.0,"max_hp_gain":0.0,"max_hp_loss":0.0,"gold_gain":0.0,"event_name":"Mushrooms","player_choice":"Healed and dodged fight","floor":8.0,"gold_loss":0.0,"damage_taken":0.0,"cards_obtained":["Parasite"]},{"damage_healed":0.0,"max_hp_gain":0.0,"max_hp_loss":0.0,"gold_gain":0.0,"event_name":"Cursed Tome","player_choice":"Obtained Book","floor":20.0,"gold_loss":0.0,"damage_taken":21.0},{"damage_healed":0.0,"max_hp_gain":0.0,"max_hp_loss":0.0,"gold_gain":0.0,"event_name":"Knowing Skull","player_choice":"POTION ","floor":21.0,"potions_obtained":["LiquidBronze"],"gold_loss":0.0,"damage_taken":12.0,"cards_obtained":[]},{"damage_healed":0.0,"max_hp_gain":0.0,"max_hp_loss":0.0,"gold_gain":0.0,"event_name":"Vampires","player_choice":"Ignored","floor":30.0,"gold_loss":0.0,"damage_taken":0.0},{"damage_healed":0,"gold_gain":0,"player_choice":"Max HP","damage_taken":0,"max_hp_gain":0,"max_hp_loss":4,"event_name":"Winding Halls","floor":36,"gold_loss":0},{"cards_removed":["Strike_R"],"damage_healed":0,"gold_gain":0,"player_choice":"Offered Basic","damage_taken":0,"max_hp_gain":0,"max_hp_loss":0,"event_name":"Bonfire Elementals","floor":38,"gold_loss":0}],"is_beta":false,"boss_relics":[{"not_picked":["Busted Crown","Ectoplasm"],"picked":"Runic Pyramid"},{"not_picked":["Fusion Hammer","Velvet Choker"],"picked":"Tiny House"}],"items_purged_floors":[19,37],"is_endless":false,"potions_floor_spawned":[1,3,7,11,18,31,41,45,46],"ascension_level":18}}