{"host":"05vhm55ztg7fyvhd","time":1609804184,"event":{"mods":["BaseMod","Downfall","Googly Eyes","Hubris","Minty Spire (QoL Compilation)","Replay The Spire","Shop Mod","StSLib"],"gold_per_floor":[366,383,59,79,89,108,108,108,134,151,151,57,132,148,148,252,252,270,270,118,132,148,173,173,173,173,186,29,29,29,62,62,161,161,172,172,185,204,104,137,191,36,62,62,77,77,77,92,92,92,92],"floor_reached":50,"playtime":3774,"items_purged":["hubris:Lust","Pain"],"score":577,"play_id":"2a94f627-7840-4367-900a-0406e929f9ef","local_time":"20210105004944","is_ascension_mode":false,"campfire_choices":[{"data":"Time Bomb","floor":8,"key":"SMITH"},{"data":"Recycle","floor":11,"key":"SMITH"},{"floor":15,"key":"REST"},{"data":"Hello World","floor":24,"key":"SMITH"},{"data":"Echo Form","floor":32,"key":"SMITH"},{"floor":44,"key":"REST"},{"floor":47,"key":"REST"},{"data":"Loop","floor":49,"key":"SMITH"}],"circlet_count":0,"master_deck":["Strike_B","Strike_B","Strike_B","Strike_B","Defend_B","Defend_B","Defend_B","Defend_B","Zap+1","Dualcast","Compile Driver","Ball Lightning","Time Bomb+1","Recycle+1","Capacitor","Panic Button","Replay:SS_forest_6","Tempest","Hyperbeam","Rebound","Hello World+1","Leap","Go for the Eyes","Cold Snap+1","Loop+1","Steam Power","ReplayTheSpireMod:Calculation Training+1","Aggregate+1","Hello World+1","Echo Form+1","Thunder Strike","BasicCrystalCard+1","Heatsinks+1","Barrage","ReplayRNGCard","Steam Power","Hello World+1","Lockon+1","Ball Lightning"],"relics":["Cracked Core","hubris:BallOfYels","Orichalcum","hubris:ScarierMask","CultistMask","Orrery","Quantum Egg","Question Card","Replay:Rubber Ducky","hubris:Towel","Mango","hubris:BlackHole","WarpedTongs","Regal Pillow","Counterbalance","DollysMirror","Akabeko","Symbiotic Virus"],"acts_visited":["Exordium","TheCity","TheBeyond"],"potions_floor_usage":[5,10,16,16,18],"damage_taken":[{"damage":7,"enemies":"2 Louse","floor":1,"turns":3},{"damage":7,"enemies":"Jaw Worm","floor":2,"turns":4},{"damage":0,"enemies":"Cultist","floor":4,"turns":2},{"damage":0,"enemies":"3 Louse","floor":5,"turns":2},{"damage":17,"enemies":"Exordium Thugs","floor":6,"turns":4},{"damage":10,"enemies":"2 Fungi Beasts","floor":10,"turns":3},{"damage":10,"enemies":"3 Louse","floor":14,"turns":3},{"damage":38,"enemies":"Slime Boss","floor":16,"turns":10},{"damage":12,"enemies":"Shell Parasite","floor":18,"turns":3},{"damage":0,"enemies":"Chosen","floor":21,"turns":4},{"damage":12,"enemies":"Centurion and Healer","floor":22,"turns":4},{"damage":15,"enemies":"Slavers","floor":23,"turns":3},{"damage":4,"enemies":"Chosen and Byrds","floor":27,"turns":4},{"damage":12,"enemies":"Book of Stabbing","floor":31,"turns":4},{"damage":30,"enemies":"Collector","floor":33,"turns":10},{"damage":18,"enemies":"3 Shapes","floor":35,"turns":2},{"damage":8,"enemies":"Orb Walker","floor":37,"turns":2},{"damage":3,"enemies":"4 Shapes","floor":38,"turns":2},{"damage":69,"enemies":"Giant Head","floor":40,"turns":8},{"damage":9,"enemies":"2 Orb Walkers","floor":41,"turns":2},{"damage":19,"enemies":"Transient","floor":45,"turns":5},{"damage":0,"enemies":"Jaw Worm Horde","floor":48,"turns":2},{"damage":103,"enemies":"hubris:GrandSnecko","floor":50,"turns":14}],"seed_played":"-550469521868990243","potions_obtained":[{"floor":1,"key":"SkillPotion"},{"floor":2,"key":"Dexterity Potion"},{"floor":5,"key":"GamblersBrew"},{"floor":16,"key":"AttackPotion"},{"floor":23,"key":"Elixir"},{"floor":27,"key":"Death Potion"},{"floor":38,"key":"Strength Potion"}],"is_trial":false,"path_per_floor":["M","M","$","M","M","M","?","R","T","M","R","$","?","M","R","B",null,"M","?","$","M","M","E","R","?","T","M","$","?","$","E","R","B",null,"M","?","M","M","$","E","?","$","T","R","M","T","R","M","R","B"],"character_chosen":"DEFECT","items_purchased":["hubris:BallOfYels","Fruit Juice","Replay:SS_forest_6","Orrery","Replay:Rubber Ducky","DollysMirror"],"campfire_rested":3,"item_purchase_floors":[3,3,12,20,28,42],"current_hp_per_floor":[68,61,61,61,66,49,49,49,49,39,39,39,28,26,50,20,80,68,68,68,76,68,53,53,53,53,57,57,57,57,67,67,45,94,84,84,76,73,73,12,15,15,15,58,47,47,90,90,90,0,0],"gold":92,"neow_bonus":"TWO_FIFTY_GOLD","is_daily":false,"chose_seed":false,"campfire_upgraded":5,"win_rate":0.0,"timestamp":1609804184,"path_taken":["M","M","$","M","M","M","?","R","T","M","R","$","?","M","R","BOSS","M","?","$","?","M","E","R","?","T","M","?","?","?","E","R","BOSS","M","?","M","?","?","E","?","$","T","R","M","?","R","M","R","BOSS"],"items_purchased_type":["Relic","Potion","Card","Relic","Relic","Relic"],"build_version":"2020-12-22","purchased_purges":2,"victory":false,"max_hp_per_floor":[75,75,75,75,80,80,80,80,80,80,80,80,80,80,80,80,80,80,80,80,80,80,80,80,80,80,80,80,80,80,94,94,94,94,94,94,94,94,94,94,94,94,94,94,94,94,94,94,94,94,94],"card_choices":[{"not_picked":["ReplayTheSpireMod:Repulse","Skim"],"picked":"Compile Driver","floor":1},{"not_picked":["Beam Cell","Force Field"],"picked":"Ball Lightning","floor":2},{"not_picked":["Gash","Turbo"],"picked":"Time Bomb","floor":4},{"not_picked":["Stack","Skim"],"picked":"Recycle","floor":5},{"not_picked":["Self Repair","Turbo"],"picked":"Capacitor","floor":6},{"not_picked":["Sweeping Beam","Beam Cell"],"picked":"Panic Button","floor":10},{"not_picked":["Panic Button","Fusion"],"picked":"Tempest","floor":14},{"not_picked":["Buffer","Seek"],"picked":"Hyperbeam","floor":16},{"not_picked":["Scrape","Compile Driver"],"picked":"Rebound","floor":18},{"not_picked":["BootSequence","ReplayTheSpireMod:Calculation Training"],"picked":"Hello World","floor":20},{"not_picked":["Skim","Cold Snap"],"picked":"Leap","floor":20},{"not_picked":["ReplayTheSpireMod:GoodbyeWorld","ReplayTheSpireMod:Repulse+1"],"picked":"Go for the Eyes","floor":20},{"not_picked":["Streamline","Ball Lightning"],"picked":"Cold Snap+1","floor":20},{"not_picked":["Beam Cell","Rebound"],"picked":"Loop","floor":20},{"not_picked":["Genetic Algorithm","Stack"],"picked":"Steam Power","floor":21},{"not_picked":["Heatsinks+1","Rebound"],"picked":"ReplayTheSpireMod:Calculation Training+1","floor":22},{"not_picked":["Redo","Melter+1"],"picked":"Aggregate+1","floor":23},{"not_picked":["Streamline","Cold Snap","Static Discharge"],"picked":"Hello World+1","floor":27},{"not_picked":["Core Surge","Static Discharge","Sweeping Beam"],"picked":"Echo Form","floor":31},{"not_picked":["Machine Learning","Reboot","Mirror Shield"],"picked":"Thunder Strike","floor":33},{"not_picked":["Genetic Algorithm","Aggregate","Gash+1"],"picked":"BasicCrystalCard+1","floor":35},{"not_picked":["Rebound+1","Gash+1","Streamline"],"picked":"Heatsinks+1","floor":37},{"not_picked":["Scrape","Stack+1","Redo+1"],"picked":"Barrage","floor":38},{"not_picked":["Seek","Conserve Battery","Beam Cell+1"],"picked":"ReplayRNGCard","floor":40},{"not_picked":["BootSequence","Coolheaded+1","BasicCrystalCard"],"picked":"Steam Power","floor":41},{"not_picked":["Gash+1","Steam+1","All For One"],"picked":"Lockon+1","floor":45},{"not_picked":["FTL","Redo","Machine Learning"],"picked":"Ball Lightning","floor":48}],"player_experience":433197,"relics_obtained":[{"floor":9,"key":"Orichalcum"},{"floor":23,"key":"Quantum Egg"},{"floor":26,"key":"Question Card"},{"floor":31,"key":"Mango"},{"floor":40,"key":"Regal Pillow"},{"floor":41,"key":"Counterbalance"},{"floor":43,"key":"Akabeko"},{"floor":46,"key":"Symbiotic Virus"}],"event_choices":[{"damage_healed":0,"gold_gain":75,"player_choice":"Gather Gold","damage_taken":11,"max_hp_gain":0,"max_hp_loss":0,"event_name":"World of Goop","floor":13,"gold_loss":0},{"damage_healed":0,"gold_gain":0,"player_choice":"Trade","damage_taken":0,"relics_obtained":["CultistMask"],"max_hp_gain":0,"max_hp_loss":0,"event_name":"FaceTrader","floor":19,"gold_loss":0},{"damage_healed":0,"gold_gain":0,"player_choice":"Rummage","damage_taken":0,"relics_obtained":["WarpedTongs"],"max_hp_gain":0,"max_hp_loss":0,"event_name":"Accursed Blacksmith","floor":36,"gold_loss":0,"cards_obtained":["Pain"]},{"damage_healed":0,"gold_gain":0,"player_choice":"Fight","damage_taken":0,"max_hp_gain":0,"max_hp_loss":0,"event_name":"Mysterious Sphere","floor":41,"gold_loss":0}],"is_beta":false,"boss_relics":[{"not_picked":["SlaversCollar","Philosopher\u0027s Stone"],"picked":"hubris:ScarierMask"},{"not_picked":["Pandora\u0027s Box","Replay:Bronze Core"],"picked":"hubris:BlackHole"}],"items_purged_floors":[3,39],"is_endless":false,"potions_floor_spawned":[1,2,5,16,23,27,38,40,45],"killed_by":"hubris:GrandSnecko","ascension_level":0}}