{"host":"h4390p13uu6iw1q5","time":1609791637,"event":{"mods":["BaseMod","Colored Map","Minty Spire (QoL Compilation)"],"gold_per_floor":[116,116,128,128,303,303,329,339,339,356,3,33,10,35,35,140,140,152,186,201,201,201],"floor_reached":21,"playtime":1425,"items_purged":["Strike_B"],"score":322,"play_id":"d9a814b7-b36d-47a7-9b13-6017149246b5","local_time":"20210104152037","is_ascension_mode":true,"campfire_choices":[{"data":"Coolheaded","floor":6,"key":"SMITH"},{"data":"Zap","floor":15,"key":"SMITH"}],"circlet_count":0,"master_deck":["Strike_B","Strike_B+1","Defend_B","Defend_B","Defend_B","Defend_B+1","Zap+1","Dualcast","Beam Cell","Coolheaded+1","Conserve Battery","Sweeping Beam","Beam Cell","Cold Snap","Loop+1","Barrage","Barrage","Biased Cognition+1","Melter+1","Defragment+1","FTL+1"],"relics":["SacredBark","Cables","Frozen Egg 2","Toolbox","Singing Bowl","Nunchaku","Empty Cage","Red Mask"],"acts_visited":["Exordium","TheCity"],"potions_floor_usage":[10,14,14,16],"damage_taken":[{"damage":7,"enemies":"Jaw Worm","floor":1,"turns":3},{"damage":0,"enemies":"2 Louse","floor":3,"turns":2},{"damage":30,"enemies":"3 Sentries","floor":7,"turns":12},{"damage":7,"enemies":"Small Slimes","floor":8,"turns":5},{"damage":0,"enemies":"Exordium Wildlife","floor":10,"turns":3},{"damage":3,"enemies":"Lagavulin","floor":12,"turns":8},{"damage":0,"enemies":"3 Sentries","floor":14,"turns":9},{"damage":23,"enemies":"Hexaghost","floor":16,"turns":12},{"damage":4,"enemies":"Chosen","floor":18,"turns":6},{"damage":34,"enemies":"Masked Bandits","floor":19,"turns":4},{"damage":0,"enemies":"Shell Parasite","floor":20,"turns":4},{"damage":24,"enemies":"Sentry and Sphere","floor":21,"turns":3}],"seed_played":"-5094558171409194435","potions_obtained":[{"floor":3,"key":"BlessingOfTheForge"},{"floor":10,"key":"Energy Potion"},{"floor":12,"key":"SpeedPotion"},{"floor":14,"key":"FearPotion"},{"floor":16,"key":"FearPotion"}],"is_trial":false,"path_per_floor":["M","?","M","?","?","R","E","M","T","M","$","E","$","E","R","B",null,"M","?","M","M"],"character_chosen":"DEFECT","items_purchased":["Cold Snap","Loop+1","Toolbox","Barrage"],"campfire_rested":0,"item_purchase_floors":[11,11,11,13],"current_hp_per_floor":[61,46,46,71,71,71,41,34,34,34,34,33,33,33,33,10,60,56,22,22,0,0],"gold":201,"neow_bonus":"BOSS_RELIC","is_daily":false,"chose_seed":false,"campfire_upgraded":2,"win_rate":0.0,"timestamp":1609791637,"path_taken":["M","?","M","?","?","R","E","M","T","M","$","E","?","E","R","BOSS","M","?","M","M"],"items_purchased_type":["Card","Card","Relic","Card"],"build_version":"2020-12-22","purchased_purges":1,"victory":false,"max_hp_per_floor":[75,75,75,75,75,75,75,75,75,75,75,77,77,77,77,77,77,77,77,77,77,77],"card_choices":[{"not_picked":["Turbo","Gash"],"picked":"Beam Cell","floor":1},{"not_picked":["Doom and Gloom","Glacier"],"picked":"Coolheaded","floor":3},{"not_picked":["Gash","Hologram"],"picked":"Conserve Battery","floor":7},{"not_picked":["Reboot","Rebound"],"picked":"Sweeping Beam","floor":8},{"not_picked":["Skim","Barrage"],"picked":"Beam Cell","floor":10},{"not_picked":["Steam","Aggregate","Reprogram"],"picked":"Singing Bowl","floor":12},{"not_picked":["Go for the Eyes","Ball Lightning"],"picked":"Barrage","floor":14},{"not_picked":["Creative AI+1","Reboot"],"picked":"Biased Cognition+1","floor":16},{"not_picked":["Leap","BootSequence+1"],"picked":"Melter+1","floor":18},{"not_picked":["Undo","Turbo"],"picked":"Defragment+1","floor":19},{"not_picked":["Ball Lightning","Capacitor+1"],"picked":"FTL+1","floor":20}],"player_experience":2401404,"relics_obtained":[{"floor":7,"key":"Cables"},{"floor":9,"key":"Frozen Egg 2"},{"floor":12,"key":"Singing Bowl"},{"floor":14,"key":"Nunchaku"},{"floor":19,"key":"Red Mask"}],"event_choices":[{"damage_healed":0,"gold_gain":0,"player_choice":"Entered Light","damage_taken":15,"max_hp_gain":0,"max_hp_loss":0,"event_name":"Shining Light","floor":2,"gold_loss":0,"cards_upgraded":["Strike_B","Defend_B"]},{"damage_healed":25,"gold_gain":0,"player_choice":"Banana","damage_taken":0,"max_hp_gain":0,"max_hp_loss":0,"event_name":"Big Fish","floor":4,"gold_loss":0},{"damage_healed":0,"gold_gain":175,"player_choice":"AGREE","damage_taken":0,"max_hp_gain":0,"max_hp_loss":0,"event_name":"Liars Game","floor":5,"gold_loss":0,"cards_obtained":["Doubt"]},{"damage_healed":0,"gold_gain":0,"player_choice":"Fought Bandits","damage_taken":0,"max_hp_gain":0,"max_hp_loss":0,"event_name":"Masked Bandits","floor":19,"gold_loss":0}],"is_beta":false,"boss_relics":[{"not_picked":["Pandora\u0027s Box","Astrolabe"],"picked":"Empty Cage"}],"items_purged_floors":[11],"is_endless":false,"potions_floor_spawned":[3,10,12,14,16],"killed_by":"Sentry and Sphere","ascension_level":9}}