{"host":"zpo0s982nnba8fjk","time":1609785786,"event":{"mods":["Act Like it!","BaseMod","Downfall","GifTheSpireLib","Hubris","Infinite Spire","Minty Spire (QoL Compilation)","Replay The Spire","StSLib"],"gold_per_floor":[99,113,113,113,113,123,123,141,166,178,103,13,13,13,28,131,131,131,131,131,131,131,131,131,131,131,131,131,131,131,131,131,131,131,131,131,131,131,131,131],"floor_reached":39,"playtime":2816,"items_purged":["Regret"],"score":423,"play_id":"25c64915-354e-4960-8fdf-ca8c6e6a9859","local_time":"20210104194306","is_ascension_mode":false,"campfire_choices":[{"data":"sneckomod:SnekBite","floor":1,"key":"SMITH"},{"data":"sneckomod:DiceBoulder","floor":11,"key":"SMITH"},{"floor":18,"key":"DIG"},{"data":"hubris:DuctTapeCard","floor":30,"key":"SMITH"},{"floor":35,"key":"DIG"}],"circlet_count":0,"master_deck":["sneckomod:Strike","sneckomod:Strike","sneckomod:Defend","sneckomod:Defend+1","sneckomod:Defend+1","sneckomod:TailWhip","sneckomod:SnekBite+1","sneckomod:Unknown","sneckomod:Unknown+1","sneckomod:DefensiveFlair","sneckomod:UnknownUncommonAttack","sneckomod:UnknownClassINFINITE_BLACK","sneckomod:DangerNoodle","hubris:DuctTapeCard+4","sneckomod:SnakeSap","sneckomod:UnknownStrike+1","sneckomod:ImprovisedGuard+1","Voices","sneckomod:UnknownClassRED","sneckomod:SoulCleanse+1","sneckomod:DiceCrush","sneckomod:MorePower","sneckomod:UnknownExhaust+1","sneckomod:Cheat","sneckomod:UnknownStrength+1","sneckomod:UnknownBlock+1","sneckomod:UnknownEthereal+1"],"relics":["infinitespire:Cupcake","Toy Ornithopter","downfall:ShatteredFragment","Calipers","hubris:BundleOfHerbs","downfall:HeartBlessingGreen","downfall:Hecktoplasm","hubris:DuctTape","ReplayTheSpireMod:Ring of Collecting","Akabeko","ReplayTheSpireMod:Ring of Addiction","Potion Belt","SacredBark","infinitespire:Lychee Nut","MealTicket","hubris:GrandSneckoEye","Strawberry"],"acts_visited":["Exordium","TheCity","TheBeyond"],"potions_floor_usage":[16,16,16,25,29,32,33,36,39,39],"damage_taken":[{"damage":0,"enemies":"2 Louse","floor":2,"turns":2},{"damage":1,"enemies":"Jaw Worm","floor":6,"turns":2},{"damage":0,"enemies":"Small Slimes","floor":8,"turns":2},{"damage":27,"enemies":"3 Sentries","floor":9,"turns":5},{"damage":13,"enemies":"2 Fungi Beasts","floor":10,"turns":3},{"damage":2,"enemies":"downfall:FleeingMerchant","floor":12,"turns":4},{"damage":0,"enemies":"Exordium Wildlife","floor":15,"turns":2},{"damage":37,"enemies":"downfall:Silent","floor":16,"turns":9},{"damage":0,"enemies":"3 Byrds","floor":19,"turns":5},{"damage":6,"enemies":"Spheric Guardian","floor":20,"turns":3},{"damage":17,"enemies":"Cultist and Chosen","floor":21,"turns":5},{"damage":19,"enemies":"Slavers","floor":25,"turns":5},{"damage":8,"enemies":"Snake Plant","floor":26,"turns":4},{"damage":7,"enemies":"Sentry and Sphere","floor":27,"turns":4},{"damage":14,"enemies":"Book of Stabbing","floor":29,"turns":5},{"damage":10,"enemies":"3 Cultists","floor":31,"turns":4},{"damage":3,"enemies":"Shelled Parasite and Fungi","floor":32,"turns":4},{"damage":17,"enemies":"downfall:Watcher","floor":33,"turns":7},{"damage":3,"enemies":"3 Shapes","floor":36,"turns":3},{"damage":30,"enemies":"3 Darklings","floor":38,"turns":4},{"damage":59,"enemies":"Spire Growth","floor":39,"turns":4}],"seed_played":"8349685129600325991","potions_obtained":[{"floor":2,"key":"GamblersBrew"},{"floor":9,"key":"ColorlessPotion"},{"floor":10,"key":"Swift Potion"},{"floor":16,"key":"Energy Potion"},{"floor":19,"key":"PowerPotion"},{"floor":20,"key":"FearPotion"},{"floor":23,"key":"downfall:CursedFountainPotion"},{"floor":24,"key":"sneckomod:DiceRollPotion"},{"floor":24,"key":"Doom Potion"},{"floor":26,"key":"SkillPotion"},{"floor":33,"key":"SpeedPotion"},{"floor":36,"key":"PowerPotion"}],"is_trial":false,"path_per_floor":["R","M","?","?","?","M","T","M","E","M","R","$","?","?","M","B",null,"R","M","M","M","?","?","T","E","M","M","?","E","R","M","M","B",null,"R","M","?","M","M"],"character_chosen":"THE_SNECKO","items_purchased":[],"campfire_rested":0,"item_purchase_floors":[],"current_hp_per_floor":[90,90,90,69,69,68,68,68,41,33,33,31,31,31,31,17,90,90,90,84,67,67,67,67,59,57,56,56,56,56,62,65,51,65,72,71,71,43,0,0],"gold":131,"neow_bonus":"BOSS_RELIC","is_daily":false,"chose_seed":false,"campfire_upgraded":3,"win_rate":0.0,"timestamp":1609785786,"path_taken":["R","M","?","?","?","M","T","M","E","M","R","$","?","?","M","BOSS","R","M","M","M","?","?","T","E","?","M","?","E","R","M","M","BOSS","R","M","?","M","M"],"items_purchased_type":[],"build_version":"2020-12-22","purchased_purges":1,"victory":false,"max_hp_per_floor":[90,90,90,90,90,90,90,90,90,90,90,90,90,90,90,90,90,90,90,90,90,90,90,90,67,67,67,67,65,65,65,65,65,65,72,72,72,72,72,72],"card_choices":[{"not_picked":["sneckomod:Unknown2Cost","sneckomod:UnknownUncommonSkill"],"picked":"sneckomod:DefensiveFlair","floor":2},{"not_picked":["sneckomod:DiceCrush","sneckomod:QuickMove"],"picked":"sneckomod:DiceBoulder","floor":6},{"not_picked":["sneckomod:UnknownX","sneckomod:IronFang"],"picked":"sneckomod:DiceCrush","floor":8},{"not_picked":["sneckomod:SoulRoll","sneckomod:UnknownWeak"],"picked":"sneckomod:UnknownUncommonAttack","floor":9},{"not_picked":["sneckomod:SoulDraw","sneckomod:Unknown1Cost","sneckomod:UnknownX"],"picked":"SKIP","floor":10},{"not_picked":["sneckomod:UnknownClassBLUE","sneckomod:UnknownCommonSkill","sneckomod:UnknownWeak"],"picked":"SKIP","floor":12},{"not_picked":["sneckomod:DiceBlock","sneckomod:UnknownWeak"],"picked":"sneckomod:UnknownClassINFINITE_BLACK","floor":15},{"not_picked":["sneckomod:UnknownRareAttack","sneckomod:MorePower"],"picked":"sneckomod:DangerNoodle","floor":16},{"not_picked":["sneckomod:UnknownClassPURPLE","sneckomod:QuickMove"],"picked":"sneckomod:SnakeSap","floor":19},{"not_picked":["sneckomod:RainOfDice","sneckomod:UnknownX+1"],"picked":"sneckomod:UnknownStrike+1","floor":20},{"not_picked":["sneckomod:QuickMove+1","sneckomod:UnknownVulnerable"],"picked":"sneckomod:ImprovisedGuard+1","floor":21},{"not_picked":["sneckomod:Unknown1Cost","sneckomod:UnknownX","sneckomod:UnknownStrike"],"picked":"SKIP","floor":25},{"not_picked":["sneckomod:SoulDraw","sneckomod:Unknown1Cost"],"picked":"sneckomod:UnknownClassRED","floor":26},{"not_picked":["sneckomod:Unknown1Cost","sneckomod:UnknownClassBLUE"],"picked":"sneckomod:SoulCleanse+1","floor":27},{"not_picked":["sneckomod:UnknownX","sneckomod:UnknownVulnerable","sneckomod:DefensiveFlair+1"],"picked":"SKIP","floor":29},{"not_picked":["sneckomod:IronFang","sneckomod:UnknownVulnerable"],"picked":"sneckomod:DiceCrush","floor":31},{"not_picked":["sneckomod:QuickMove+1","sneckomod:UnknownUncommonPower"],"picked":"sneckomod:MorePower","floor":32},{"not_picked":["sneckomod:UnknownClassTHE_CHAMP_GRAY+1","sneckomod:UnknownUncommonAttack+1"],"picked":"sneckomod:UnknownExhaust+1","floor":33},{"not_picked":["sneckomod:MorePower","sneckomod:UnlimitedRolls"],"picked":"sneckomod:Cheat","floor":33},{"not_picked":["sneckomod:Unknown0Cost+1","sneckomod:UnknownStrike+1"],"picked":"sneckomod:UnknownStrength+1","floor":36},{"not_picked":["sneckomod:UnknownUncommonSkill+1","sneckomod:UnknownVulnerable"],"picked":"sneckomod:UnknownBlock+1","floor":36},{"not_picked":["sneckomod:Unknown1Cost","sneckomod:Nope+1"],"picked":"sneckomod:UnknownEthereal+1","floor":38}],"player_experience":284855,"relics_obtained":[{"floor":3,"key":"Toy Ornithopter"},{"floor":7,"key":"Calipers"},{"floor":9,"key":"hubris:BundleOfHerbs"},{"floor":18,"key":"hubris:DuctTape"},{"floor":22,"key":"ReplayTheSpireMod:Ring of Collecting"},{"floor":24,"key":"Akabeko"},{"floor":24,"key":"ReplayTheSpireMod:Ring of Addiction"},{"floor":24,"key":"Potion Belt"},{"floor":24,"key":"SacredBark"},{"floor":25,"key":"infinitespire:Lychee Nut"},{"floor":29,"key":"MealTicket"},{"floor":35,"key":"Strawberry"}],"event_choices":[{"cards_removed":["sneckomod:Strike"],"damage_healed":0,"gold_gain":0,"player_choice":"Card Removal","damage_taken":0,"max_hp_gain":0,"max_hp_loss":0,"event_name":"The Cleric","floor":13,"gold_loss":0}],"is_beta":false,"boss_relics":[{"not_picked":["Busted Crown","Replay:Ancient Bell"],"picked":"downfall:Hecktoplasm"},{"not_picked":["Ring of Chaos","Runic Dome"],"picked":"hubris:GrandSneckoEye"}],"items_purged_floors":[12],"is_endless":false,"potions_floor_spawned":[2,9,10,16,19,20,26,27,33,36],"killed_by":"Spire Growth","ascension_level":0}}