{"host":"6gwm7y0tp7acoxay","time":1609759738,"event":{"mods":["BaseMod","Colored Map","Keyboard Shortcuts","Minty Spire (QoL Compilation)","Quick Restart","StSLib","SuperFastMode","everything is the same but u backflip on backflip"],"gold_per_floor":[113,113,70,90,90,125,157,185,239,239,261,296,324,354,354,433,433,452,452,452,367,395,428,463,496,496,336,336,362,20,20,20,94,94,106,126,151,151,151,181,215,250,250,250,285,317,326,353,353,353,353,353,353,82,118,118],"floor_reached":57,"playtime":2754,"items_purged":[],"score":3330,"play_id":"ab13cd33-24bd-4eb6-8500-e42f05fdeae2","local_time":"20210104202858","daily_mods":["SealedDeck","Heirloom","Flight"],"is_ascension_mode":true,"campfire_choices":[{"data":"Loop","floor":10.0,"key":"SMITH"},{"data":"Capacitor","floor":15.0,"key":"SMITH"},{"data":"Creative AI","floor":28.0,"key":"SMITH"},{"data":"Coolheaded","floor":32.0,"key":"SMITH"},{"floor":49,"key":"RECALL"},{"data":"Blizzard","floor":53,"key":"SMITH"}],"circlet_count":0,"master_deck":["AscendersBane","Cold Snap","Skim","Sunder","Sweeping Beam","Go for the Eyes","Loop+1","Hologram+1","Gash","Chill","Capacitor+1","Coolheaded+1","Genetic Algorithm","Capacitor","Reinforced Body","Doom and Gloom","White Noise","Blizzard+1","Biased Cognition","Creative AI+1","Recycle","Amplify","Panacea","Core Surge"],"relics":["Cracked Core","Ice Cream","Kunai","Boot","Incense Burner","Odd Mushroom","Pantograph","Bronze Scales","CaptainsWheel","Cursed Key","Pen Nib","Red Mask","Torii","Tiny Chest","DataDisk","Happy Flower","Symbiotic Virus","Runic Capacitor","Art of War","Black Star","Du-Vu Doll","CeramicFish","Turnip","Letter Opener","Blood Vial","Vajra","Frozen Egg 2","Thread and Needle","PreservedInsect","Regal Pillow","Ginger","Centennial Puzzle","Meat on the Bone","Strawberry","Lantern","Orichalcum"],"acts_visited":["Exordium","TheCity","TheBeyond","TheEnding"],"potions_floor_usage":[56,56],"damage_taken":[{"damage":2.0,"enemies":"Small Slimes","floor":1.0,"turns":3.0},{"damage":5.0,"enemies":"Jaw Worm","floor":4.0,"turns":3.0},{"damage":2.0,"enemies":"Lagavulin","floor":6.0,"turns":6.0},{"damage":12.0,"enemies":"3 Sentries","floor":7.0,"turns":7.0},{"damage":5.0,"enemies":"Lagavulin","floor":8.0,"turns":6.0},{"damage":6.0,"enemies":"The Mushroom Lair","floor":11.0,"turns":6.0},{"damage":0.0,"enemies":"3 Sentries","floor":12.0,"turns":10.0},{"damage":32.0,"enemies":"Gremlin Nob","floor":13.0,"turns":5.0},{"damage":0.0,"enemies":"3 Sentries","floor":14.0,"turns":3.0},{"damage":11.0,"enemies":"Slime Boss","floor":16.0,"turns":10.0},{"damage":0.0,"enemies":"Spheric Guardian","floor":18.0,"turns":7.0},{"damage":0.0,"enemies":"Masked Bandits","floor":22.0,"turns":4.0},{"damage":12.0,"enemies":"Gremlin Leader","floor":23.0,"turns":9.0},{"damage":4.0,"enemies":"Book of Stabbing","floor":24.0,"turns":6.0},{"damage":2.0,"enemies":"Gremlin Leader","floor":25.0,"turns":7.0},{"damage":12.0,"enemies":"Slavers","floor":29.0,"turns":5.0},{"damage":18.0,"enemies":"Collector","floor":33.0,"turns":6.0},{"damage":0.0,"enemies":"Orb Walker","floor":35.0,"turns":4.0},{"damage":2.0,"enemies":"3 Shapes","floor":36.0,"turns":5.0},{"damage":0.0,"enemies":"Mind Bloom Boss Battle","floor":37.0,"turns":5.0},{"damage":10.0,"enemies":"Reptomancer","floor":40.0,"turns":7.0},{"damage":3.0,"enemies":"Nemesis","floor":41.0,"turns":7.0},{"damage":0.0,"enemies":"Giant Head","floor":42.0,"turns":9.0},{"damage":23,"enemies":"Reptomancer","floor":45,"turns":7},{"damage":0,"enemies":"Giant Head","floor":46,"turns":7},{"damage":19,"enemies":"Reptomancer","floor":48,"turns":4},{"damage":9,"enemies":"Awakened One","floor":50,"turns":18},{"damage":13,"enemies":"Donu and Deca","floor":51,"turns":8},{"damage":48,"enemies":"Shield and Spear","floor":55,"turns":6},{"damage":48,"enemies":"The Heart","floor":56,"turns":8}],"seed_played":"-6931213606563527141","potions_obtained":[{"floor":1.0,"key":"ColorlessPotion"},{"floor":7.0,"key":"Fire Potion"},{"floor":13.0,"key":"SpeedPotion"},{"floor":22.0,"key":"Strength Potion"},{"floor":41.0,"key":"Explosive Potion"},{"floor":55,"key":"BlessingOfTheForge"}],"is_trial":true,"path_per_floor":["M","?","$","M","?","E","E","E","T","R","?","E","E","E","R","B",null,"M","?","?","?","?","E","E","E","T","$","R","E","$","$","R","B",null,"M","M","?","T","T","E","E","E","T","T","E","E","?","E","R","B","B",null,"R","$","E","B",null],"character_chosen":"DEFECT","items_purchased":["Genetic Algorithm","Happy Flower","Runic Capacitor","Art of War","ColorlessPotion","SkillPotion","Strawberry"],"campfire_rested":0,"item_purchase_floors":[3,27,30,30,54,54,54],"current_hp_per_floor":[62,62,62,57,62,60,48,43,43,43,37,37,5,5,5,19,62,62,62,62,62,62,50,46,44,44,44,44,32,32,32,32,39,67,67,65,76,76,76,66,63,65,65,65,44,46,46,29,29,47,61,72,72,79,45,36],"gold":118,"neow_bonus":"","is_daily":false,"chose_seed":false,"campfire_upgraded":5,"win_rate":0.0,"timestamp":1609759738,"path_taken":["M","?","?","?","?","E","E","E","T","R","?","E","E","E","R","BOSS","M","?","?","?","?","E","E","E","T","$","R","E","$","?","R","BOSS","M","M","?","?","?","E","E","E","T","?","E","E","?","E","R","BOSS","BOSS","R","$","E","BOSS"],"items_purchased_type":["Card","Relic","Relic","Relic","Potion","Potion","Relic"],"build_version":"2020-12-22","purchased_purges":0,"victory":true,"max_hp_per_floor":[71,71,71,71,76,76,76,76,76,76,76,76,76,76,76,76,76,76,76,76,76,76,76,76,76,76,76,76,76,76,76,76,76,76,76,76,76,76,76,76,76,76,76,76,76,76,76,76,76,76,76,76,76,83,83,83],"card_choices":[{"not_picked":["Rebound","Darkness"],"picked":"Coolheaded","floor":1.0},{"not_picked":["Go for the Eyes","Coolheaded","Cold Snap"],"picked":"SKIP","floor":4.0},{"not_picked":["Aggregate","Rebound","Storm"],"picked":"SKIP","floor":6.0},{"not_picked":["Reprogram","Redo"],"picked":"Capacitor","floor":7.0},{"not_picked":["Streamline","Redo"],"picked":"Reinforced Body","floor":8.0},{"not_picked":["Darkness","FTL"],"picked":"Doom and Gloom","floor":11.0},{"not_picked":["Hologram","Barrage"],"picked":"White Noise","floor":12.0},{"not_picked":["Steam","Force Field"],"picked":"Blizzard","floor":13.0},{"not_picked":["Heatsinks","Steam"],"picked":"Biased Cognition","floor":14.0},{"not_picked":["Seek","Electrodynamics"],"picked":"Creative AI","floor":16.0},{"not_picked":["Reinforced Body","Loop","Ball Lightning"],"picked":"SKIP","floor":18.0},{"not_picked":["FTL","Beam Cell","White Noise"],"picked":"SKIP","floor":23.0},{"not_picked":["Blizzard","Leap"],"picked":"Recycle","floor":24.0},{"not_picked":["Recycle","Biased Cognition","Chill"],"picked":"SKIP","floor":25.0},{"not_picked":["Gash","Stack","Beam Cell"],"picked":"SKIP","floor":29.0},{"not_picked":["Multi-Cast","Thunder Strike"],"picked":"Amplify","floor":33.0},{"not_picked":["Sunder","Ball Lightning","Gash+1"],"picked":"SKIP","floor":35.0},{"not_picked":["FTL","Streamline+1","Sweeping Beam"],"picked":"SKIP","floor":36.0},{"not_picked":["Leap","Steam+1","Beam Cell"],"picked":"SKIP","floor":40.0},{"not_picked":["Steam Power","Rebound","Leap"],"picked":"SKIP","floor":41.0},{"not_picked":["Scrape","Auto Shields+1","Conserve Battery"],"picked":"SKIP","floor":42.0},{"not_picked":["Beam Cell","Gash","Aggregate+1"],"picked":"SKIP","floor":45},{"not_picked":["Go for the Eyes","Leap+1","Scrape"],"picked":"SKIP","floor":46},{"not_picked":["Dark Shackles","Blind"],"picked":"Panacea","floor":47},{"not_picked":["Skim+1","Leap","Redo"],"picked":"SKIP","floor":48},{"not_picked":["Compile Driver+1","Rebound"],"picked":"Core Surge","floor":55}],"player_experience":4359010,"relics_obtained":[{"floor":6.0,"key":"Kunai"},{"floor":7.0,"key":"Boot"},{"floor":8.0,"key":"Incense Burner"},{"floor":11.0,"key":"Odd Mushroom"},{"floor":12.0,"key":"Pantograph"},{"floor":13.0,"key":"Bronze Scales"},{"floor":14.0,"key":"CaptainsWheel"},{"floor":22.0,"key":"Red Mask"},{"floor":23.0,"key":"Torii"},{"floor":24.0,"key":"Tiny Chest"},{"floor":25.0,"key":"DataDisk"},{"floor":29.0,"key":"Symbiotic Virus"},{"floor":37.0,"key":"Du-Vu Doll"},{"floor":40.0,"key":"CeramicFish"},{"floor":40.0,"key":"Turnip"},{"floor":41.0,"key":"Letter Opener"},{"floor":41.0,"key":"Blood Vial"},{"floor":42.0,"key":"Vajra"},{"floor":42.0,"key":"Frozen Egg 2"},{"floor":45,"key":"Thread and Needle"},{"floor":45,"key":"PreservedInsect"},{"floor":46,"key":"Regal Pillow"},{"floor":46,"key":"Ginger"},{"floor":48,"key":"Centennial Puzzle"},{"floor":48,"key":"Meat on the Bone"},{"floor":55,"key":"Lantern"},{"floor":55,"key":"Orichalcum"}],"event_choices":[{"damage_healed":0.0,"max_hp_gain":0.0,"max_hp_loss":0.0,"gold_gain":0.0,"event_name":"Living Wall","player_choice":"Grow","floor":2.0,"gold_loss":0.0,"damage_taken":0.0,"cards_upgraded":["Hologram"]},{"damage_healed":0.0,"max_hp_gain":5.0,"max_hp_loss":0.0,"gold_gain":0.0,"event_name":"Big Fish","player_choice":"Donut","floor":5.0,"gold_loss":0.0,"damage_taken":0.0},{"damage_healed":0.0,"max_hp_gain":0.0,"max_hp_loss":0.0,"gold_gain":0.0,"event_name":"Mushrooms","player_choice":"Fought Mushrooms","floor":11.0,"gold_loss":0.0,"damage_taken":0.0},{"damage_healed":0.0,"max_hp_gain":0.0,"max_hp_loss":0.0,"gold_gain":0.0,"event_name":"Ghosts","player_choice":"Ignored","floor":19.0,"gold_loss":0.0,"damage_taken":0.0},{"damage_healed":0.0,"max_hp_gain":0.0,"max_hp_loss":0.0,"gold_gain":0.0,"event_name":"Vampires","player_choice":"Ignored","floor":20.0,"gold_loss":0.0,"damage_taken":0.0},{"damage_healed":0.0,"max_hp_gain":0.0,"max_hp_loss":0.0,"gold_gain":0.0,"event_name":"Addict","player_choice":"Obtained Relic","floor":21.0,"gold_loss":85.0,"damage_taken":0.0,"relics_obtained":["Pen Nib"]},{"damage_healed":0.0,"max_hp_gain":0.0,"max_hp_loss":0.0,"gold_gain":0.0,"event_name":"Masked Bandits","player_choice":"Fought Bandits","floor":22.0,"gold_loss":0.0,"damage_taken":0.0},{"damage_healed":0.0,"max_hp_gain":0.0,"max_hp_loss":0.0,"gold_gain":0.0,"event_name":"MindBloom","player_choice":"Fight","floor":37.0,"gold_loss":0.0,"damage_taken":0.0},{"damage_healed":0,"gold_gain":0,"player_choice":"Memory 1","damage_taken":0,"max_hp_gain":0,"max_hp_loss":0,"event_name":"SensoryStone","floor":47,"gold_loss":0}],"is_beta":false,"boss_relics":[{"not_picked":["FrozenCore","Runic Pyramid"],"picked":"Cursed Key"},{"not_picked":["Busted Crown","SlaversCollar"],"picked":"Black Star"}],"items_purged_floors":[],"is_endless":false,"potions_floor_spawned":[1,7,8,11,13,22,23,29,35,37,41,42,46,55],"ascension_level":20}}