{"host":"armnliea5o2aqs4b","time":1609731584,"event":{"mods":["BaseMod","Hubris","Infinite Spire","Minty Spire (QoL Compilation)","Quick Restart","StSLib"],"gold_per_floor":[114,126,126,140,140,140,154,154,205,205,205,231,249,264,264,363,363,382,382,395,409,409,409,442,454,477,477,488,107,107,117,117,214,214,228,239,239,250,262,281,281,381,381,381,319,337,353,366,366,366,366],"floor_reached":50,"playtime":1956,"items_purged":["Strike_G"],"score":495,"play_id":"6e54bcc6-10d3-40a7-9558-839907292601","local_time":"20210104143944","is_ascension_mode":false,"campfire_choices":[{"data":"Distraction","floor":6.0,"key":"SMITH"},{"data":"After Image","floor":11,"key":"SMITH"},{"floor":15,"key":"REST"},{"data":"infinitespire:Neurotoxin","floor":23,"key":"SMITH"},{"data":"Bouncing Flask","floor":32,"key":"SMITH"},{"floor":41,"key":"REST"},{"floor":44,"key":"REST"},{"floor":49,"key":"REST"}],"circlet_count":0,"master_deck":["Bouncing Flask+1","Strike_G+1","Strike_G+1","Defend_G+1","Defend_G+1","Defend_G+1","Defend_G+1","Defend_G+1","Survivor","Neutralize","Poisoned Stab","Bane","Distraction+1","After Image+1","infinitespire:Neurotoxin+1","Bouncing Flask+1","Deadly Poison+1","Crippling Poison","Corpse Explosion","Blade Dance","Outmaneuver+1","infinitespire:Execution","Calculated Gamble+1"],"relics":["Philosopher\u0027s Stone","hubris:Icosahedron","hubris:Towel","Omamori","Ornamental Fan","hubris:VirtuousBlindfold","Bronze Scales","hubris:Backtick","TwistedFunnel","hubris:TinFlute","Dream Catcher","Strawberry","Lee\u0027s Waffle","WristBlade","Thread and Needle","Mercury Hourglass","hubris:SlimyHat"],"acts_visited":["Exordium","TheCity","TheBeyond"],"potions_floor_usage":[24,47,48],"damage_taken":[{"damage":0.0,"enemies":"Cultist","floor":1.0,"turns":3.0},{"damage":0.0,"enemies":"Small Slimes","floor":2.0,"turns":3.0},{"damage":2.0,"enemies":"2 Louse","floor":4.0,"turns":3.0},{"damage":3,"enemies":"Blue Slaver","floor":7,"turns":2},{"damage":22,"enemies":"Gremlin Nob","floor":12,"turns":4},{"damage":0,"enemies":"Looter","floor":13,"turns":2},{"damage":6,"enemies":"2 Fungi Beasts","floor":14,"turns":3},{"damage":20,"enemies":"The Guardian","floor":16,"turns":8},{"damage":10,"enemies":"Spheric Guardian","floor":18,"turns":4},{"damage":7,"enemies":"3 Byrds","floor":20,"turns":3},{"damage":0,"enemies":"Centurion and Healer","floor":21,"turns":5},{"damage":37,"enemies":"Slavers","floor":24,"turns":4},{"damage":4,"enemies":"Cultist and Chosen","floor":25,"turns":4},{"damage":6,"enemies":"Snake Plant","floor":28,"turns":3},{"damage":0,"enemies":"Snecko","floor":31,"turns":2},{"damage":15,"enemies":"Champ","floor":33,"turns":8},{"damage":9,"enemies":"3 Darklings","floor":35,"turns":4},{"damage":12,"enemies":"Orb Walker","floor":36,"turns":2},{"damage":11,"enemies":"Sphere and 2 Shapes","floor":38,"turns":3},{"damage":0,"enemies":"Spire Growth","floor":39,"turns":3},{"damage":29,"enemies":"Writhing Mass","floor":40,"turns":3},{"damage":6,"enemies":"infinitespire:Three Voidlings","floor":42,"turns":2},{"damage":45,"enemies":"Nightmare_Alpha","floor":42,"turns":6},{"damage":1,"enemies":"4 Shapes","floor":46,"turns":4},{"damage":0,"enemies":"Sphere and 2 Shapes","floor":47,"turns":2},{"damage":0,"enemies":"Transient","floor":48,"turns":1},{"damage":77,"enemies":"Awakened One","floor":50,"turns":7}],"seed_played":"3135666785066719271","potions_obtained":[{"floor":2.0,"key":"SmokeBomb"},{"floor":13,"key":"PowerPotion"},{"floor":14,"key":"Fire Potion"},{"floor":21,"key":"FairyPotion"},{"floor":24,"key":"SmokeBomb"}],"is_trial":false,"path_per_floor":["M","M","?","M","?","R","M","?","T","?","R","E","M","M","R","B",null,"M","AVR","M","M","?","R","E","M","T","?","M","$","?","M","R","B",null,"M","M","?","M","M","M","R","?","T","R","?","M","M","M","R","B"],"character_chosen":"THE_SILENT","items_purchased":["Strawberry","Lee\u0027s Waffle"],"campfire_rested":4,"item_purchase_floors":[29,29],"current_hp_per_floor":[70,70,63,61,61,61,58,58,58,58,58,36,36,30,51,31,70,60,60,53,53,53,53,16,12,12,35,29,84,84,84,84,69,84,75,63,63,52,52,23,48,25,25,50,50,49,49,49,74,0,0],"gold":366,"neow_bonus":"BOSS_RELIC","is_daily":false,"chose_seed":false,"campfire_upgraded":4,"win_rate":0.0,"timestamp":1609731584,"path_taken":["M","?","?","M","?","R","M","?","T","?","R","E","M","M","R","BOSS","M","AVR","M","M","?","R","E","M","T","?","M","$","?","?","R","BOSS","M","M","?","M","?","M","R","?","T","R","?","M","?","M","R","BOSS"],"items_purchased_type":["Relic","Relic"],"build_version":"2020-12-22","purchased_purges":1,"victory":false,"max_hp_per_floor":[70,70,70,70,70,70,70,70,70,70,70,70,70,70,70,70,70,70,70,70,70,70,70,70,70,70,70,70,84,84,84,84,84,84,84,84,84,84,84,84,84,84,84,84,84,84,84,84,84,84,84],"card_choices":[{"not_picked":["hubris:Sniper","Acrobatics"],"picked":"Poisoned Stab","floor":1.0},{"not_picked":["Masterful Stab","Sucker Punch"],"picked":"Bane","floor":2.0},{"not_picked":["Dagger Throw","Well Laid Plans"],"picked":"Distraction","floor":4.0},{"not_picked":["Dodge and Roll","Slice","Prepared"],"picked":"SKIP","floor":7},{"not_picked":["Dagger Spray","Endless Agony","Underhanded Strike"],"picked":"SKIP","floor":12},{"not_picked":["Flying Knee","hubris:SlightOfHand","Outmaneuver"],"picked":"SKIP","floor":13},{"not_picked":["hubris:SlightOfHand","Deflect","Slice"],"picked":"SKIP","floor":14},{"not_picked":["Malaise","Corpse Explosion"],"picked":"infinitespire:Neurotoxin","floor":16},{"not_picked":["Predator","Deflect+1"],"picked":"Bouncing Flask","floor":18},{"not_picked":["Skewer","Malaise"],"picked":"Deadly Poison+1","floor":20},{"not_picked":["Underhanded Strike","Dodge and Roll","Quick Slash"],"picked":"SKIP","floor":21},{"not_picked":["Slice","Sucker Punch","Well Laid Plans"],"picked":"SKIP","floor":24},{"not_picked":["Poisoned Stab","Sucker Punch","Backstab+1"],"picked":"SKIP","floor":25},{"not_picked":["Caltrops","Bane","hubris:SlightOfHand"],"picked":"SKIP","floor":28},{"not_picked":["Quick Slash+1","Dagger Throw"],"picked":"Crippling Poison","floor":31},{"not_picked":["Tools of the Trade","Bullet Time"],"picked":"Corpse Explosion","floor":33},{"not_picked":["Deadly Poison+1","Sucker Punch","hubris:SlightOfHand+1"],"picked":"SKIP","floor":35},{"not_picked":["PiercingWail","Well Laid Plans+1","Acrobatics"],"picked":"SKIP","floor":36},{"not_picked":["Flechettes","hubris:Counter+1"],"picked":"Blade Dance","floor":38},{"not_picked":["Dodge and Roll+1","Predator","Glass Knife"],"picked":"SKIP","floor":39},{"not_picked":["Dodge and Roll","Underhanded Strike","Poisoned Stab"],"picked":"SKIP","floor":40},{"not_picked":["Backflip","Poisoned Stab+1"],"picked":"Outmaneuver+1","floor":41},{"not_picked":["infinitespire:Starlight","infinitespire:Gouge"],"picked":"infinitespire:Execution","floor":42},{"not_picked":["Outmaneuver","PiercingWail","Poisoned Stab+1"],"picked":"SKIP","floor":46},{"not_picked":["hubris:SlightOfHand+1","Riddle With Holes+1","Dodge and Roll"],"picked":"SKIP","floor":47},{"not_picked":["Acrobatics+1","Outmaneuver+1","PiercingWail"],"picked":"SKIP","floor":48},{"not_picked":["Dodge and Roll","Underhanded Strike"],"picked":"Calculated Gamble+1","floor":49}],"player_experience":180988,"relics_obtained":[{"floor":9,"key":"Omamori"},{"floor":12,"key":"Ornamental Fan"},{"floor":24,"key":"hubris:TinFlute"},{"floor":26,"key":"Dream Catcher"},{"floor":42,"key":"Thread and Needle"},{"floor":43,"key":"Mercury Hourglass"}],"event_choices":[{"cards_removed":["Strike_G"],"damage_healed":0.0,"max_hp_gain":0.0,"max_hp_loss":0.0,"gold_gain":0.0,"event_name":"Golden Wing","player_choice":"Card Removal","floor":3.0,"gold_loss":0.0,"damage_taken":7.0},{"damage_healed":0,"gold_gain":0,"player_choice":"Ignored","damage_taken":0,"max_hp_gain":0,"max_hp_loss":0,"event_name":"Vampires","floor":22,"gold_loss":0},{"damage_healed":23,"gold_gain":0,"player_choice":"Heal","damage_taken":0,"max_hp_gain":0,"max_hp_loss":0,"event_name":"The Library","floor":27,"gold_loss":0},{"damage_healed":0,"gold_gain":0,"player_choice":"Simplicity","damage_taken":0,"max_hp_gain":0,"max_hp_loss":0,"event_name":"Back to Basics","floor":30,"gold_loss":0,"cards_upgraded":["Strike_G","Strike_G","Strike_G","Defend_G","Defend_G","Defend_G","Defend_G","Defend_G"]},{"cards_removed":["Strike_G"],"damage_healed":0,"gold_gain":0,"player_choice":"Purged","damage_taken":0,"max_hp_gain":0,"max_hp_loss":0,"event_name":"Purifier","floor":37,"gold_loss":0},{"damage_healed":0,"gold_gain":0,"player_choice":"Paid Gold","damage_taken":0,"relics_obtained":["hubris:SlimyHat"],"max_hp_gain":0,"max_hp_loss":0,"event_name":"WeMeetAgain","floor":45,"gold_loss":62}],"is_beta":false,"boss_relics":[{"not_picked":["infinitespire:Cupcake","Ectoplasm"],"picked":"hubris:VirtuousBlindfold"},{"not_picked":["hubris:Stopwatch","hubris:GrandSneckoEye"],"picked":"WristBlade"}],"items_purged_floors":[29],"is_endless":false,"potions_floor_spawned":[2,13,14,21,24,28,38,40,42],"killed_by":"Awakened One","ascension_level":0}}