{"host":"qy6st0zp32tctd9l","time":1609733557,"event":{"mods":["BaseMod","Colored Map","Downfall","GifTheSpireLib","Hermit","Marisa£®ÏF”Í°°ƒß¿Ì…≥£©","Minty Spire (QoL Compilation)","Remilia£®¿Ÿ√◊¿Ú—«£©","StSLib","The Cursed","The Servant 0.9.4","UnlockEverythingMod"],"gold_per_floor":[119,44,63,63,79,112,168,195,221,221,221],"floor_reached":10,"playtime":262,"items_purged":["Strike_MRS"],"score":137,"play_id":"6708899e-0466-4b02-b028-438bcfaac89b","local_time":"20210104121237","is_ascension_mode":true,"campfire_choices":[],"circlet_count":0,"master_deck":["AscendersBane","Strike_MRS","Strike_MRS","Strike_MRS","Defend_MRS+1","Defend_MRS","Defend_MRS+1","Defend_MRS","MasterSpark","UpSweep","SprinkleStarSeal","NonDirectionalLaser","RefractionSpark","LuminesStrike","MilkyWay","UltimateShortwave"],"relics":["MiniHakkero","NeowsBlessing","Bronze Scales","War Paint","Sundial","Blood Vial"],"acts_visited":["Exordium"],"potions_floor_usage":[7],"damage_taken":[{"damage":0.0,"enemies":"Cultist","floor":1.0,"turns":1.0},{"damage":0.0,"enemies":"Jaw Worm","floor":3.0,"turns":1.0},{"damage":0.0,"enemies":"2 Louse","floor":5.0,"turns":1.0},{"damage":20.0,"enemies":"Lagavulin","floor":6.0,"turns":6.0},{"damage":15,"enemies":"3 Sentries","floor":7,"turns":4},{"damage":26,"enemies":"Gremlin Nob","floor":8,"turns":4},{"damage":3,"enemies":"Lagavulin","floor":10,"turns":5}],"seed_played":"-675647952626843551","potions_obtained":[{"floor":3.0,"key":"AttackPotion"},{"floor":5.0,"key":"Block Potion"},{"floor":6.0,"key":"BottledSpark"}],"is_trial":false,"path_per_floor":["M","$","M","$","M","E","?","E","T","E"],"character_chosen":"MARISA","items_purchased":[],"campfire_rested":0,"item_purchase_floors":[],"current_hp_per_floor":[63,63,63,63,63,43,28,2,2,1,1],"gold":221,"neow_bonus":"THREE_ENEMY_KILL","is_daily":false,"chose_seed":false,"campfire_upgraded":0,"win_rate":0.0,"timestamp":1609733557,"path_taken":["M","$","M","?","?","E","?","E","T","E"],"items_purchased_type":[],"build_version":"2020-12-22","purchased_purges":1,"victory":false,"max_hp_per_floor":[70,70,70,70,70,70,70,70,70,70,70],"card_choices":[{"not_picked":["UnstableBomb","DragonMeteor"],"picked":"SprinkleStarSeal","floor":1.0},{"not_picked":["StarlightTyphoon","DC"],"picked":"NonDirectionalLaser","floor":3.0},{"not_picked":["DC","EnergyFlow"],"picked":"RefractionSpark","floor":5.0},{"not_picked":["SprinkleStarSeal","IllusionStar"],"picked":"LuminesStrike","floor":6.0},{"not_picked":["NonDirectionalLaser","IllusionStar"],"picked":"MilkyWay","floor":7},{"not_picked":["6A","EnergyFlow"],"picked":"UltimateShortwave","floor":8}],"player_experience":147613,"relics_obtained":[{"floor":6.0,"key":"Bronze Scales"},{"floor":7,"key":"War Paint"},{"floor":8,"key":"Sundial"},{"floor":9,"key":"Blood Vial"}],"event_choices":[{"damage_healed":0,"gold_gain":0,"player_choice":"Searched \u00272\u0027 times","damage_taken":0,"max_hp_gain":0,"max_hp_loss":0,"event_name":"Dead Adventurer","floor":7,"gold_loss":0}],"is_beta":false,"boss_relics":[],"items_purged_floors":[2],"is_endless":false,"potions_floor_spawned":[3,5,6],"killed_by":"Lagavulin","ascension_level":16}}