{"host":"wg29woj1pduqw9vg","time":1609752365,"event":{"mods":["BaseMod","Bestiary","Better Third Choice","Colored Map","Highlight Path","Minty Spire (QoL Compilation)","Quick Restart","Slay-I","StSLib"],"gold_per_floor":[110,110,30,41,55,55,65,0,0,17,31,31,31,31,31,131,131,143,143,163,163,177,177,188,106,131,131,131,144,160,160,160],"floor_reached":31,"playtime":1828,"items_purged":[],"score":229,"play_id":"3d6a3117-b78c-4a27-a472-a6fc69f70158","local_time":"20210104012605","is_ascension_mode":false,"campfire_choices":[{"data":"Dualcast","floor":6,"key":"SMITH"},{"data":"Enlightenment","floor":12,"key":"SMITH"},{"data":"Defend_B","floor":15,"key":"SMITH"},{"data":"Strike_B","floor":23,"key":"SMITH"},{"data":"Chill","floor":27,"key":"SMITH"}],"circlet_count":0,"master_deck":["Strike_B+1","Strike_B","Strike_B","Strike_B","Defend_B","Defend_B","Defend_B","Defend_B+1","Zap+1","Dualcast+1","Glacier","Enlightenment+1","Footwork+1","Chill+1"],"relics":["Cracked Core","Ginger","Busted Crown","WingedGreaves","Bronze Scales"],"acts_visited":["Exordium","TheCity"],"potions_floor_usage":[10,16,22,22],"damage_taken":[{"damage":7,"enemies":"Small Slimes","floor":1,"turns":5},{"damage":0,"enemies":"Cultist","floor":4,"turns":3},{"damage":0,"enemies":"2 Louse","floor":5,"turns":3},{"damage":11,"enemies":"Red Slaver","floor":7,"turns":2},{"damage":0,"enemies":"Gremlin Gang","floor":10,"turns":7},{"damage":0,"enemies":"Large Slime","floor":11,"turns":6},{"damage":23,"enemies":"Slime Boss","floor":16,"turns":16},{"damage":13,"enemies":"Spheric Guardian","floor":18,"turns":7},{"damage":12,"enemies":"3 Byrds","floor":20,"turns":8},{"damage":16,"enemies":"Centurion and Healer","floor":22,"turns":12},{"damage":3,"enemies":"Snake Plant","floor":24,"turns":5},{"damage":9,"enemies":"Shelled Parasite and Fungi","floor":29,"turns":8},{"damage":30,"enemies":"3 Cultists","floor":30,"turns":8},{"damage":5,"enemies":"Sentry and Sphere","floor":31,"turns":5}],"seed_played":"2249407289916650756","potions_obtained":[{"floor":1,"key":"SpeedPotion"},{"floor":4,"key":"PowerPotion"},{"floor":11,"key":"DistilledChaos"},{"floor":16,"key":"BlessingOfTheForge"},{"floor":20,"key":"Fire Potion"},{"floor":22,"key":"Dexterity Potion"},{"floor":24,"key":"Strength Potion"}],"is_trial":false,"path_per_floor":["M","?","$","M","M","R","M","?","T","M","M","R","?","$","R","B",null,"M","?","M","?","M","R","M","$","T","R","?","M","M","M"],"character_chosen":"DEFECT","items_purchased":["Glacier","Chill"],"campfire_rested":0,"item_purchase_floors":[3,25],"current_hp_per_floor":[75,75,75,75,75,75,64,70,70,70,70,70,70,70,70,47,88,75,75,63,63,47,47,44,44,44,44,44,35,5,0,0],"gold":160,"neow_bonus":"TEN_PERCENT_HP_BONUS","is_daily":false,"chose_seed":false,"campfire_upgraded":5,"win_rate":0.0,"timestamp":1609752365,"path_taken":["M","?","$","?","M","R","M","?","T","M","M","R","?","$","R","BOSS","M","?","?","?","M","R","M","$","T","R","?","M","?","M"],"items_purchased_type":["Card","Card"],"build_version":"2020-12-22","purchased_purges":0,"victory":false,"max_hp_per_floor":[82,82,82,82,82,82,82,88,88,88,88,88,88,88,88,88,88,88,88,88,88,88,88,88,88,88,88,88,88,88,88,88],"card_choices":[{"not_picked":["Loop","Barrage","Streamline"],"picked":"SKIP","floor":1},{"not_picked":["Capacitor","Beam Cell"],"picked":"Cold Snap","floor":4},{"not_picked":["Beam Cell","Ball Lightning","Sweeping Beam"],"picked":"SKIP","floor":5},{"not_picked":["Beam Cell","Ball Lightning","Sweeping Beam"],"picked":"SKIP","floor":5},{"not_picked":["Seek","Gash","Reprogram"],"picked":"SKIP","floor":7},{"not_picked":["Conserve Battery","Hello World","Stack"],"picked":"SKIP","floor":10},{"not_picked":["Barrage","Coolheaded","Compile Driver"],"picked":"SKIP","floor":11},{"not_picked":["Gash"],"picked":"SKIP","floor":18},{"not_picked":["Skim"],"picked":"SKIP","floor":20},{"not_picked":["Compile Driver"],"picked":"SKIP","floor":22},{"not_picked":["Redo"],"picked":"SKIP","floor":24},{"not_picked":["Redo"],"picked":"SKIP","floor":29},{"not_picked":["Gash"],"picked":"SKIP","floor":30}],"player_experience":2701,"relics_obtained":[{"floor":9,"key":"Ginger"},{"floor":19,"key":"WingedGreaves"},{"floor":26,"key":"Bronze Scales"}],"event_choices":[{"damage_healed":0,"gold_gain":0,"player_choice":"Forge","damage_taken":0,"max_hp_gain":0,"max_hp_loss":0,"event_name":"Accursed Blacksmith","floor":2,"gold_loss":0,"cards_upgraded":["Zap"]},{"damage_healed":0,"gold_gain":0,"player_choice":"RENOUNCE","damage_taken":65,"max_hp_gain":0,"max_hp_loss":0,"event_name":"betterThird:BetterSerpent","floor":8,"gold_loss":65,"cards_obtained":["Enlightenment"]},{"cards_removed":["Cold Snap"],"damage_healed":0,"gold_gain":0,"player_choice":"Took Card","damage_taken":0,"max_hp_gain":0,"max_hp_loss":0,"event_name":"NoteForYourself","floor":13,"gold_loss":0,"cards_obtained":["Footwork"]},{"damage_healed":0,"gold_gain":0,"player_choice":"Relic","damage_taken":0,"max_hp_gain":0,"max_hp_loss":0,"event_name":"Wheel of Change","floor":19,"gold_loss":0},{"damage_healed":0,"gold_gain":0,"player_choice":"Ignored","damage_taken":0,"max_hp_gain":0,"max_hp_loss":0,"event_name":"Cursed Tome","floor":21,"gold_loss":0},{"damage_healed":0,"gold_gain":0,"player_choice":"Ignored","damage_taken":0,"max_hp_gain":0,"max_hp_loss":0,"event_name":"Transmorgrifier","floor":28,"gold_loss":0}],"is_beta":false,"boss_relics":[{"not_picked":["Tiny House","Astrolabe"],"picked":"Busted Crown"}],"items_purged_floors":[],"is_endless":false,"potions_floor_spawned":[1,4,11,16,20,22,24,29],"killed_by":"Sentry and Sphere","ascension_level":0}}