{"host":"c3lc60y5x60jlt1y","time":1609792013,"event":{"mods":["AchievementEnabler","BaseMod","Bestiary","Colored Map","Minty Spire (QoL Compilation)","Quick Restart","StSLib","ojb\u0027s Info Mod"],"gold_per_floor":[115,115,115,126,43,74,74,74,74,74,100,12,24,49,49,49,49],"floor_reached":16,"playtime":661,"items_purged":[],"score":282,"play_id":"0becef34-7354-477c-bd48-f09611a48590","local_time":"20210104222653","is_ascension_mode":true,"campfire_choices":[{"data":"Terror","floor":7,"key":"SMITH"},{"data":"Footwork","floor":8,"key":"SMITH"},{"data":"Backstab","floor":10,"key":"SMITH"},{"floor":15,"key":"REST"}],"circlet_count":0,"master_deck":["AscendersBane","Strike_G","Strike_G","Strike_G","Strike_G","Strike_G","Defend_G","Defend_G","Defend_G","Defend_G","Defend_G","Survivor","Neutralize","Backstab+1","Poisoned Stab","Footwork+1","Terror+1","Riddle With Holes","Footwork","Adrenaline","Bouncing Flask"],"relics":["Ring of the Snake","NeowsBlessing","WingedGreaves","Blue Candle","Du-Vu Doll","Mummified Hand","Ninja Scroll","Bottled Lightning"],"acts_visited":["Exordium"],"potions_floor_usage":[14,16],"damage_taken":[{"damage":0,"enemies":"2 Louse","floor":1,"turns":1},{"damage":0,"enemies":"Jaw Worm","floor":4,"turns":1},{"damage":0,"enemies":"Gremlin Nob","floor":6,"turns":1},{"damage":20,"enemies":"3 Sentries","floor":11,"turns":13},{"damage":0,"enemies":"Cultist","floor":13,"turns":1},{"damage":9,"enemies":"Lagavulin","floor":14,"turns":4},{"damage":32,"enemies":"Slime Boss","floor":16,"turns":5}],"seed_played":"3014816569779471121","potions_obtained":[{"floor":1,"key":"Dexterity Potion"},{"floor":11,"key":"AttackPotion"},{"floor":13,"key":"Dexterity Potion"},{"floor":14,"key":"Poison Potion"}],"is_trial":false,"path_per_floor":["M","?","?","M","$","E","R","R","T","R","E","$","M","E","R","B"],"character_chosen":"THE_SILENT","items_purchased":["Footwork","Footwork"],"campfire_rested":1,"item_purchase_floors":[5,12],"current_hp_per_floor":[59,33,33,33,33,33,33,33,33,33,13,13,13,4,23,0,0],"gold":49,"neow_bonus":"THREE_ENEMY_KILL","is_daily":false,"chose_seed":false,"campfire_upgraded":3,"win_rate":0.0,"timestamp":1609792013,"path_taken":["M","?","?","?","?","E","R","R","T","R","E","$","M","E","R","BOSS"],"items_purchased_type":["Card","Card"],"build_version":"2020-12-22","purchased_purges":0,"victory":false,"max_hp_per_floor":[66,66,66,66,66,66,66,66,66,66,66,66,66,66,66,66,66],"card_choices":[{"not_picked":["Expertise","Prepared"],"picked":"Backstab","floor":1},{"not_picked":["Sucker Punch","Deflect"],"picked":"Poisoned Stab","floor":4},{"not_picked":["PiercingWail","Dagger Spray"],"picked":"Terror","floor":6},{"not_picked":["Flying Knee","Heel Hook"],"picked":"Riddle With Holes","floor":11},{"not_picked":["Expertise","Acrobatics"],"picked":"Adrenaline","floor":13},{"not_picked":["Distraction","Blade Dance"],"picked":"Bouncing Flask","floor":14}],"player_experience":7507244,"relics_obtained":[{"floor":6,"key":"Du-Vu Doll"},{"floor":9,"key":"Mummified Hand"},{"floor":11,"key":"Ninja Scroll"},{"floor":14,"key":"Bottled Lightning"}],"event_choices":[{"damage_healed":0,"gold_gain":0,"player_choice":"Success","damage_taken":26,"relics_obtained":["WingedGreaves"],"max_hp_gain":0,"max_hp_loss":0,"event_name":"Scrap Ooze","floor":2,"gold_loss":0},{"damage_healed":0,"gold_gain":0,"player_choice":"Gave Potion","damage_taken":0,"relics_obtained":["Blue Candle"],"max_hp_gain":0,"max_hp_loss":0,"event_name":"WeMeetAgain","floor":3,"gold_loss":0}],"is_beta":false,"boss_relics":[],"items_purged_floors":[],"is_endless":false,"potions_floor_spawned":[1,11,13,14],"killed_by":"Slime Boss","ascension_level":20}}