{"host":"dn6kke80v5f7isus","time":1609745181,"event":{"mods":["AchievementEnabler","Act Like it!","BaseMod","Colored Powertips","Custom Start","Defuse TimeMaze Blight","Downfall","Duelist Mod","Gremlin Skip","Highlight Path","Hubris","Infinite Spire","Minty Spire (QoL Compilation)","Rare Cards Sparkle","Replay The Spire","StSLib","The Cursed","Uncapped"],"gold_per_floor":[140,140,140,156,174,215,215,253,276,276,63,86,95,122,122,226,226,247,256,283,283,283],"floor_reached":21,"playtime":763,"items_purged":[],"score":198,"play_id":"b469efc4-339a-4fdc-a5d6-e9875d9b32fb","local_time":"20210104022621","is_ascension_mode":true,"campfire_choices":[{"data":"theDuelist:Deskbot001","floor":7,"key":"SMITH"},{"floor":15,"key":"REST"}],"circlet_count":0,"master_deck":["theDuelist:Biofalcon","theDuelist:CastleWalls","theDuelist:CastleWalls","theDuelist:Deskbot004","theDuelist:Deskbot004","theDuelist:Deskbot005","theDuelist:Deskbot005","theDuelist:GreenGadget","theDuelist:Sparks","theDuelist:RevolvingSwitchyard","theDuelist:Flashbang","theDuelist:GearGigant","theDuelist:Deskbot001+1","theDuelist:DoubleTool","theDuelist:ElectromagneticTurtle+1","theDuelist:BlastingFuse","theDuelist:ShortCircuit","theDuelist:JunkSpeeder","theDuelist:SwordsConcealing+1","Bandage Up","theDuelist:SummoningCurse","theDuelist:GreenGadget"],"relics":["theDuelist:MillenniumPuzzle","theDuelist:CardPoolRelic","theDuelist:CardPoolBasicRelic","theDuelist:BoosterPackPoolRelic","theDuelist:CardPoolAddRelic","theDuelist:CardPoolMinusRelic","theDuelist:CardPoolSaveRelic","theDuelist:CardPoolOptionsRelic","NeowsBlessing","Golden Egg","CeramicFish","Boot","theDuelist:MetronomeRelicB","hubris:AncientText","SlaversCollar","theDuelist:MillenniumScale"],"acts_visited":["Exordium","TheCity"],"potions_floor_usage":[16,16,18],"damage_taken":[{"damage":0,"enemies":"Cultist","floor":1,"turns":1},{"damage":0,"enemies":"Jaw Worm","floor":4,"turns":1},{"damage":0,"enemies":"infinitespire:Voidling","floor":5,"turns":1},{"damage":10,"enemies":"Lagavulin","floor":6,"turns":5},{"damage":10,"enemies":"Gremlin Nob","floor":8,"turns":4},{"damage":16,"enemies":"Looter","floor":12,"turns":2},{"damage":12,"enemies":"Exordium Wildlife","floor":14,"turns":3},{"damage":54,"enemies":"The Guardian","floor":16,"turns":12},{"damage":35,"enemies":"Shell Parasite","floor":18,"turns":8},{"damage":38,"enemies":"Chosen","floor":20,"turns":8},{"damage":14,"enemies":"Snake Plant","floor":21,"turns":1}],"seed_played":"-3334244618096682281","potions_obtained":[{"floor":4,"key":"EssenceOfSteel"},{"floor":6,"key":"Weak Potion"},{"floor":12,"key":"PowerPotion"},{"floor":20,"key":"theDuelist:GrimePotion"}],"is_trial":false,"path_per_floor":["M","$","T","M","M","E","R","E","T","?","$","M","?","M","R","B",null,"M","?","M","M"],"character_chosen":"THE_DUELIST","items_purchased":["theDuelist:ElectromagneticTurtle","hubris:AncientText"],"campfire_rested":1,"item_purchase_floors":[11,11],"current_hp_per_floor":[80,80,80,80,80,70,70,60,60,60,60,44,44,32,56,2,80,45,45,11,0,0],"gold":283,"neow_bonus":"THREE_ENEMY_KILL","is_daily":false,"chose_seed":false,"campfire_upgraded":1,"win_rate":0.0,"timestamp":1609745181,"path_taken":["M","?","?","?","M","E","R","E","T","?","?","M","?","M","R","BOSS","M","?","?","M"],"items_purchased_type":["Card","Relic"],"build_version":"2020-12-22","purchased_purges":0,"victory":false,"max_hp_per_floor":[80,80,80,80,80,80,80,80,80,80,80,80,80,80,80,80,80,80,80,80,80,80],"card_choices":[{"not_picked":["theDuelist:ShortCircuit","theDuelist:MetalholdMovingBlockade","theDuelist:GravityAxe"],"picked":"theDuelist:RevolvingSwitchyard","floor":1},{"not_picked":["theDuelist:TokenVacuum","theDuelist:MetalholdMovingBlockade","theDuelist:CyberneticOverflow","theDuelist:BlastHeldTribute"],"picked":"theDuelist:Flashbang","floor":4},{"not_picked":["theDuelist:ScrapBeast","theDuelist:GenexAllyBirdman","theDuelist:BlastJuggler","theDuelist:LimiterRemoval"],"picked":"theDuelist:GearGigant","floor":5},{"not_picked":["theDuelist:GenexAllyBirdman","theDuelist:CyberArchfiend","theDuelist:CannonSoldier","theDuelist:Biofalcon"],"picked":"theDuelist:Deskbot001","floor":6},{"not_picked":["theDuelist:TokenVacuum","theDuelist:GenexAllyBirdman","theDuelist:CoreBlaster","theDuelist:BlastJuggler"],"picked":"theDuelist:DoubleTool","floor":8},{"not_picked":["theDuelist:OutriggerExtension","theDuelist:Jinzo","theDuelist:GravityAxe"],"picked":"theDuelist:BlastingFuse","floor":12},{"not_picked":["theDuelist:BigFire","theDuelist:PowerGiant","theDuelist:WingedKuriboh","theDuelist:LightningDarts"],"picked":"theDuelist:JunkSpeeder","floor":14},{"not_picked":["theDuelist:Apoqliphort","theDuelist:PlatinumGadget","theDuelist:Overworked","theDuelist:IronhammerGiant"],"picked":"theDuelist:SwordsConcealing","floor":16},{"not_picked":["Metamorphosis","Panache+1","Trip"],"picked":"Bandage Up","floor":18},{"not_picked":["theDuelist:Deskbot001","theDuelist:YellowGadget","theDuelist:CyberArchfiend+1","theDuelist:OrbitalBombardment"],"picked":"theDuelist:GreenGadget","floor":20}],"player_experience":514553,"relics_obtained":[{"floor":3,"key":"Golden Egg"},{"floor":6,"key":"CeramicFish"},{"floor":8,"key":"Boot"},{"floor":9,"key":"theDuelist:MetronomeRelicB"}],"event_choices":[{"damage_healed":0,"gold_gain":0,"player_choice":"Leave","duelist":true,"damage_taken":0,"max_hp_gain":0,"max_hp_loss":0,"event_name":"Relic Duplicator","floor":10,"gold_loss":0},{"damage_healed":0,"gold_gain":0,"cards_transformed":["theDuelist:Sparks"],"player_choice":"Change","damage_taken":0,"max_hp_gain":0,"max_hp_loss":0,"event_name":"Living Wall","floor":13,"gold_loss":0,"cards_obtained":["theDuelist:ShortCircuit"]},{"damage_healed":0,"gold_gain":0,"player_choice":"Took item - Received: Millennium Scale","duelist":true,"damage_taken":0,"max_hp_gain":0,"max_hp_loss":0,"event_name":"Millennium Items","floor":19,"gold_loss":0}],"is_beta":false,"boss_relics":[{"not_picked":["Painkiller Herb","ChewingGum"],"picked":"SlaversCollar"}],"items_purged_floors":[],"is_endless":false,"potions_floor_spawned":[4,6,12,20],"killed_by":"Snake Plant","ascension_level":1}}