{"host":"ymmeoa1x24ihslbm","time":1609783736,"event":{"mods":["AchievementEnabler","BaseMod","Colored Map","Colored Powertips","Defuse TimeMaze Blight","Highlight Path","Minty Spire (QoL Compilation)","Permanent Neow","Quick Restart","StSLib","Unceasing Turn Reminder"],"gold_per_floor":[114,114,129,129,139,166,166,196,196,196,196,208,208,241,241,343,343,363,382,398,398,413,413,258,258,258,291,318,337,363,376,376,479,479,491,541,289,337,337,337,383,383,383,403,403,403],"floor_reached":45,"playtime":1889,"items_purged":[],"score":668,"play_id":"454763c4-7e01-4070-94c6-a7b976f48c31","local_time":"20210104190856","is_ascension_mode":true,"campfire_choices":[{"data":"Consecrate","floor":7.0,"key":"SMITH"},{"data":"Blasphemy","floor":11.0,"key":"SMITH"},{"data":"Vigilance","floor":13.0,"key":"SMITH"},{"data":"FlurryOfBlows","floor":15.0,"key":"SMITH"},{"data":"Meditate","floor":23.0,"key":"SMITH"},{"data":"Discovery","floor":25.0,"key":"SMITH"},{"floor":32.0,"key":"REST"},{"data":"Wireheading","floor":40,"key":"SMITH"},{"data":"Panacea","floor":42,"key":"SMITH"}],"circlet_count":0,"master_deck":["Strike_P","Strike_P","Strike_P","Strike_P","Defend_P+1","Defend_P","Defend_P","Defend_P+1","Eruption+1","Vigilance+1","Blasphemy+1","Consecrate+1","Meditate+1","FlurryOfBlows+1","Ragnarok+1","Evaluate+1","EmptyFist","Discovery+1","Weave","Wireheading+1","FollowUp+1","LessonLearned","Halt+1","Panacea+1"],"relics":["HolyWater","StrikeDummy","Bottled Flame","TungstenRod","GoldenEye","Question Card","Gremlin Horn","Akabeko","Juzu Bracelet","Busted Crown","Prayer Wheel","Letter Opener","Calipers","Smiling Mask","Pear"],"acts_visited":["Exordium","TheCity","TheBeyond"],"potions_floor_usage":[36,38],"damage_taken":[{"damage":0.0,"enemies":"2 Louse","floor":1.0,"turns":3.0},{"damage":0.0,"enemies":"Cultist","floor":3.0,"turns":2.0},{"damage":0.0,"enemies":"Small Slimes","floor":5.0,"turns":2.0},{"damage":35.0,"enemies":"Lagavulin","floor":6.0,"turns":8.0},{"damage":8.0,"enemies":"Exordium Wildlife","floor":12.0,"turns":3.0},{"damage":0.0,"enemies":"3 Sentries","floor":14.0,"turns":4.0},{"damage":6.0,"enemies":"Slime Boss","floor":16.0,"turns":7.0},{"damage":1.0,"enemies":"3 Byrds","floor":18.0,"turns":3.0},{"damage":0.0,"enemies":"Spheric Guardian","floor":19.0,"turns":3.0},{"damage":1.0,"enemies":"Cultist and Chosen","floor":20.0,"turns":3.0},{"damage":0.0,"enemies":"Sentry and Sphere","floor":22.0,"turns":1.0},{"damage":31.0,"enemies":"Slavers","floor":27.0,"turns":3.0},{"damage":2.0,"enemies":"Snecko","floor":29.0,"turns":4.0},{"damage":10.0,"enemies":"Gremlin Leader","floor":30.0,"turns":2.0},{"damage":0.0,"enemies":"Centurion and Healer","floor":31.0,"turns":1.0},{"damage":0.0,"enemies":"Collector","floor":33.0,"turns":1.0},{"damage":5,"enemies":"3 Shapes","floor":35,"turns":2},{"damage":9,"enemies":"Mind Bloom Boss Battle","floor":36,"turns":3},{"damage":18,"enemies":"2 Orb Walkers","floor":38,"turns":4},{"damage":0,"enemies":"3 Darklings","floor":44,"turns":3},{"damage":64,"enemies":"Giant Head","floor":45,"turns":5}],"seed_played":"-4067759144529695977","potions_obtained":[{"floor":3.0,"key":"Ancient Potion"},{"floor":6.0,"key":"SteroidPotion"},{"floor":12.0,"key":"ColorlessPotion"},{"floor":16.0,"key":"BlessingOfTheForge"},{"floor":20.0,"key":"Ancient Potion"},{"floor":27.0,"key":"Strength Potion"},{"floor":31.0,"key":"Ambrosia"},{"floor":33.0,"key":"Strength Potion"},{"floor":38,"key":"LiquidBronze"}],"is_trial":false,"path_per_floor":["M","?","M","T","M","E","R","?","T","?","R","M","R","E","R","B",null,"M","M","M","?","M","R","$","R","T","E","T","M","E","M","R","B",null,"M","?","$","?","?","R","T","R","T","M","E"],"character_chosen":"WATCHER","items_purchased":["Discovery","Weave","Letter Opener"],"campfire_rested":1,"item_purchase_floors":[24,24,37],"current_hp_per_floor":[72,65,65,65,65,30,30,30,30,30,30,22,22,22,22,16,58,57,57,56,56,56,56,56,56,56,25,25,23,13,13,34,34,63,58,49,49,31,31,31,31,31,41,41,0,0],"gold":403,"neow_bonus":"ONE_RANDOM_RARE_CARD","is_daily":false,"chose_seed":false,"campfire_upgraded":8,"win_rate":0.0,"timestamp":1609783736,"path_taken":["M","?","?","?","M","E","R","?","T","?","R","M","R","E","R","BOSS","M","M","M","?","?","R","$","R","T","E","?","M","E","M","R","BOSS","M","?","$","?","?","R","?","R","T","M","E"],"items_purchased_type":["Card","Card","Relic"],"build_version":"2020-12-22","purchased_purges":0,"victory":false,"max_hp_per_floor":[72,72,72,72,72,72,72,72,72,72,72,72,72,72,72,72,72,72,72,72,72,72,72,72,72,72,72,72,72,72,72,72,72,72,72,72,72,72,72,72,72,72,82,82,82,82],"card_choices":[{"not_picked":["JustLucky","MentalFortress"],"picked":"Consecrate","floor":1.0},{"not_picked":["EmptyFist","Crescendo"],"picked":"Meditate","floor":3.0},{"not_picked":["Conclude","CutThroughFate","ForeignInfluence"],"picked":"SKIP","floor":5.0},{"not_picked":["Protect","PathToVictory","ClearTheMind"],"picked":"SKIP","floor":6.0},{"not_picked":["ThirdEye","FearNoEvil","Protect"],"picked":"SKIP","floor":12.0},{"not_picked":["EmptyFist","FlyingSleeves"],"picked":"FlurryOfBlows","floor":14.0},{"not_picked":["Establishment","Devotion"],"picked":"Ragnarok","floor":16.0},{"not_picked":["PathToVictory","EmptyFist"],"picked":"Evaluate+1","floor":18.0},{"not_picked":["ForeignInfluence","Protect","Evaluate+1"],"picked":"SKIP","floor":19.0},{"not_picked":["Perseverance","LessonLearned"],"picked":"EmptyFist","floor":20.0},{"not_picked":["Vengeance","EmptyBody+1","Consecrate"],"picked":"SKIP","floor":22.0},{"not_picked":["Evaluate","EmptyBody","Halt","Ragnarok"],"picked":"SKIP","floor":27.0},{"not_picked":["SandsOfTime","CrushJoints+1","ClearTheMind+1"],"picked":"Wireheading","floor":29.0},{"not_picked":["BowlingBash+1","Meditate","EmptyBody","FlyingSleeves"],"picked":"SKIP","floor":30.0},{"not_picked":["Adaptation+1","EmptyMind","Prostrate+1"],"picked":"FollowUp+1","floor":31.0},{"not_picked":["Devotion","Brilliance","Blasphemy"],"picked":"LessonLearned","floor":33.0},{"not_picked":["Conclude","Prostrate"],"picked":"SKIP","floor":35},{"not_picked":["CutThroughFate+1"],"picked":"Halt+1","floor":36},{"not_picked":["Mind Blast"],"picked":"Panacea","floor":39},{"not_picked":["WheelKick","JustLucky"],"picked":"SKIP","floor":44},{"not_picked":["JustLucky","EmptyBody+1"],"picked":"SKIP","floor":44}],"player_experience":697844,"relics_obtained":[{"floor":4.0,"key":"StrikeDummy"},{"floor":6.0,"key":"Bottled Flame"},{"floor":9.0,"key":"TungstenRod"},{"floor":14.0,"key":"GoldenEye"},{"floor":26.0,"key":"Question Card"},{"floor":27.0,"key":"Gremlin Horn"},{"floor":28.0,"key":"Akabeko"},{"floor":30.0,"key":"Juzu Bracelet"},{"floor":36,"key":"Prayer Wheel"},{"floor":38,"key":"Calipers"},{"floor":41,"key":"Smiling Mask"},{"floor":43,"key":"Pear"}],"event_choices":[{"damage_healed":0.0,"max_hp_gain":0.0,"max_hp_loss":0.0,"gold_gain":0.0,"event_name":"Wheel of Change","player_choice":"Damaged","floor":2.0,"gold_loss":0.0,"damage_taken":7.0},{"damage_healed":0.0,"max_hp_gain":0.0,"max_hp_loss":0.0,"gold_gain":30.0,"event_name":"Dead Adventurer","player_choice":"Searched \u00271\u0027 times","floor":8.0,"gold_loss":0.0,"damage_taken":0.0},{"damage_healed":0.0,"max_hp_gain":0.0,"max_hp_loss":0.0,"gold_gain":0.0,"event_name":"Living Wall","player_choice":"Grow","floor":10.0,"gold_loss":0.0,"damage_taken":0.0,"cards_upgraded":["Eruption"]},{"damage_healed":0.0,"max_hp_gain":0.0,"max_hp_loss":0.0,"gold_gain":0.0,"event_name":"Upgrade Shrine","player_choice":"Upgraded","floor":21.0,"gold_loss":0.0,"damage_taken":0.0,"cards_upgraded":["Ragnarok"]},{"damage_healed":0,"gold_gain":0,"player_choice":"Fight","damage_taken":0,"max_hp_gain":0,"max_hp_loss":0,"event_name":"MindBloom","floor":36,"gold_loss":0},{"damage_healed":0,"gold_gain":0,"player_choice":"Fight","damage_taken":0,"max_hp_gain":0,"max_hp_loss":0,"event_name":"Mysterious Sphere","floor":38,"gold_loss":0},{"damage_healed":0,"gold_gain":0,"player_choice":"Memory 1","damage_taken":0,"max_hp_gain":0,"max_hp_loss":0,"event_name":"SensoryStone","floor":39,"gold_loss":0}],"is_beta":false,"boss_relics":[{"not_picked":["Fusion Hammer","SacredBark"],"picked":"HolyWater"},{"not_picked":["Calling Bell","Philosopher\u0027s Stone"],"picked":"Busted Crown"}],"items_purged_floors":[],"is_endless":false,"potions_floor_spawned":[3,6,12,16,20,27,31,33,35,38],"killed_by":"Giant Head","ascension_level":5}}