{"host":"a76kj1hq3s7111r2","time":1609786676,"event":{"mods":["Alarm Clock","BaseMod","GifTheSpireLib","Gold Saver","Hermit","Koishi","Marisa????????","Marked Mod","Minty Spire (QoL Compilation)","Potionbrewer","Rare Cards Sparkle","Shop Mod","StSLib","The Cursed","The Marked","The Servant 0.9.4"],"gold_per_floor":[109,384,399,23,23,23,36,46,46,46,60,95,95,116,116,216,216,233,95,123,142,142,142,142,156,183,197,197,197],"floor_reached":28,"playtime":3018,"items_purged":["Regret","theMarked:Strike"],"score":218,"play_id":"4a2b8a0e-358b-4139-a2b9-791cc6f0a116","local_time":"20210104135756","is_ascension_mode":false,"campfire_choices":[{"floor":6,"key":"RECALL"},{"floor":15,"key":"REST"},{"floor":23,"key":"REST"}],"circlet_count":0,"master_deck":["theMarked:Strike","theMarked:Strike","theMarked:Strike","theMarked:Defend","theMarked:Defend","theMarked:Defend","theMarked:Defend","theMarked:SoldierOfQuellstein+1","theMarked:Static","theMarked:WastefulDefense","theMarked:Electrocute","theMarked:SwordAndMagic","theMarked:EmpowerWeapon","theMarked:Levitate","theMarked:Opportunist","theMarked:MuscleMemory","theMarked:EmpowerWeapon+1","theMarked:PowerFlow","theMarked:EmpowerWeapon"],"relics":["theMarked:ArtifactOfAir","NeowsBlessing","theMarked:VonisonLock","Question Card","Odd Mushroom","SacredBark","Red Mask","Blood Vial","Akabeko","Vajra"],"acts_visited":["Exordium","TheCity"],"potions_floor_usage":[12,12,16,20,21],"damage_taken":[{"damage":0,"enemies":"2 Louse","floor":1,"turns":1},{"damage":0,"enemies":"Cultist","floor":3,"turns":1},{"damage":0,"enemies":"Jaw Worm","floor":7,"turns":1},{"damage":0,"enemies":"Looter","floor":8,"turns":3},{"damage":4,"enemies":"Large Slime","floor":11,"turns":9},{"damage":26,"enemies":"Gremlin Nob","floor":12,"turns":5},{"damage":5,"enemies":"The Mushroom Lair","floor":14,"turns":4},{"damage":10,"enemies":"The Guardian","floor":16,"turns":13},{"damage":10,"enemies":"Chosen","floor":18,"turns":5},{"damage":33,"enemies":"Masked Bandits","floor":20,"turns":6},{"damage":7,"enemies":"Shell Parasite","floor":21,"turns":5},{"damage":20,"enemies":"Snake Plant","floor":25,"turns":4},{"damage":29,"enemies":"Centurion and Healer","floor":27,"turns":5},{"damage":8,"enemies":"Shelled Parasite and Fungi","floor":28,"turns":2}],"seed_played":"-4625496783742522766","potions_obtained":[{"floor":8,"key":"Dexterity Potion"},{"floor":11,"key":"SpeedPotion"},{"floor":14,"key":"Explosive Potion"},{"floor":16,"key":"potionbrewer:NoxiousPotion"},{"floor":20,"key":"AttackPotion"}],"is_trial":false,"path_per_floor":["M","?","M","$","?","R","M","M","T","?","M","E","?","?","R","B",null,"M","$","?","M","?","R","?","M","T","M","M"],"character_chosen":"THE_DEFAULT","items_purchased":["theMarked:VonisonLock","theMarked:Opportunist"],"campfire_rested":2,"item_purchase_floors":[4,19],"current_hp_per_floor":[70,70,70,70,63,63,63,63,63,68,64,38,38,33,55,45,75,65,65,32,25,25,47,47,29,29,2,0,0],"gold":197,"neow_bonus":"THREE_ENEMY_KILL","is_daily":false,"chose_seed":false,"campfire_upgraded":0,"win_rate":0.0,"timestamp":1609786676,"path_taken":["M","?","?","$","?","R","M","M","T","?","M","E","?","?","R","BOSS","M","$","?","M","?","R","?","M","T","M","?"],"items_purchased_type":["Relic","Card"],"build_version":"2020-12-22","purchased_purges":2,"victory":false,"max_hp_per_floor":[70,70,70,70,70,70,70,70,70,75,75,75,75,75,75,75,75,75,75,75,75,75,75,75,75,75,75,75,75],"card_choices":[{"not_picked":["theMarked:RepellingDischarge","theMarked:WastefulAttack"],"picked":"theMarked:Static","floor":1},{"not_picked":["theMarked:ShockingTouch","theMarked:EmpowerWeapon"],"picked":"theMarked:HeightenedSenses","floor":3},{"not_picked":["theMarked:BanishingStrike","theMarked:SelfDefenseTraining"],"picked":"theMarked:WastefulDefense","floor":7},{"not_picked":["theMarked:CreepingChasm","theMarked:Indomitable"],"picked":"theMarked:Electrocute","floor":8},{"not_picked":["theMarked:Electrify","theMarked:WastefulDefense"],"picked":"theMarked:SwordAndMagic","floor":11},{"not_picked":["theMarked:Standoff","theMarked:Frustration"],"picked":"theMarked:EmpowerWeapon","floor":12},{"not_picked":["theMarked:Snap","theMarked:SuspiciousRaven","theMarked:Vacuum"],"picked":"theMarked:Levitate","floor":16},{"not_picked":["theMarked:BanishingStrike+1","theMarked:WastefulAttack","theMarked:StartUp","theMarked:Frustration"],"picked":"SKIP","floor":18},{"not_picked":["theMarked:HeightenedSenses","theMarked:WastefulDefense","theMarked:ResourceFulStrike"],"picked":"theMarked:MuscleMemory","floor":20},{"not_picked":["theMarked:Convert","theMarked:SwordAndMagic","theMarked:TwofoldDefense"],"picked":"theMarked:EmpowerWeapon+1","floor":21},{"not_picked":["theMarked:TwofoldDefense","theMarked:WastefulAttack+1","theMarked:TakeCover"],"picked":"theMarked:PowerFlow","floor":25},{"not_picked":["theMarked:ResourceFulStrike+1","theMarked:RepellingDischarge+1","theMarked:CreepingChasm"],"picked":"theMarked:EmpowerWeapon","floor":27}],"player_experience":399126,"relics_obtained":[{"floor":12,"key":"Question Card"},{"floor":14,"key":"Odd Mushroom"},{"floor":20,"key":"Red Mask"},{"floor":26,"key":"Vajra"}],"event_choices":[{"damage_healed":0,"gold_gain":275,"player_choice":"Desecrate","damage_taken":0,"max_hp_gain":0,"max_hp_loss":0,"event_name":"Golden Shrine","floor":2,"gold_loss":0,"cards_obtained":["Regret"]},{"cards_removed":["theMarked:Strike"],"damage_healed":0,"gold_gain":0,"player_choice":"Card Removal","damage_taken":7,"max_hp_gain":0,"max_hp_loss":0,"event_name":"Golden Wing","floor":5,"gold_loss":0},{"damage_healed":0,"gold_gain":0,"player_choice":"Donut","damage_taken":0,"max_hp_gain":5,"max_hp_loss":0,"event_name":"Big Fish","floor":10,"gold_loss":0},{"damage_healed":0,"gold_gain":0,"player_choice":"Grow","damage_taken":0,"max_hp_gain":0,"max_hp_loss":0,"event_name":"Living Wall","floor":13,"gold_loss":0,"cards_upgraded":["theMarked:SoldierOfQuellstein"]},{"damage_healed":0,"gold_gain":0,"player_choice":"Fought Mushrooms","damage_taken":0,"max_hp_gain":0,"max_hp_loss":0,"event_name":"Mushrooms","floor":14,"gold_loss":0},{"damage_healed":0,"gold_gain":0,"player_choice":"Fought Bandits","damage_taken":0,"max_hp_gain":0,"max_hp_loss":0,"event_name":"Masked Bandits","floor":20,"gold_loss":0},{"damage_healed":0,"gold_gain":0,"player_choice":"Opened","damage_taken":0,"relics_obtained":["Blood Vial"],"max_hp_gain":0,"max_hp_loss":0,"event_name":"The Mausoleum","floor":22,"gold_loss":0},{"cards_removed":["theMarked:HeightenedSenses"],"damage_healed":0,"gold_gain":0,"player_choice":"Gave Card","damage_taken":0,"relics_obtained":["Akabeko"],"max_hp_gain":0,"max_hp_loss":0,"event_name":"WeMeetAgain","floor":24,"gold_loss":0}],"is_beta":false,"boss_relics":[{"not_picked":["Coffee Dripper","Sozu"],"picked":"SacredBark"}],"items_purged_floors":[4,19],"is_endless":false,"potions_floor_spawned":[8,11,14,16,20],"killed_by":"Shelled Parasite and Fungi","ascension_level":0}}