{"host":"cyiefo55v5hz1ih5","time":1609786494,"event":{"mods":["2.2 Compatiblity","AchievementEnabler","BaseMod","GifTheSpireLib","Hubris","Minty Spire (QoL Compilation)","Replay The Spire","Spicy Shops","StSLib","The Marked"],"gold_per_floor":[18,18,31,44,44,44,79,79,156,166,166,166,194,210,210,305,305,315,325,94,94,94,129,129,147,170,12,26,43,43,43,43,145,145,157,157,157,175,225,225,260,277,302,302,302],"floor_reached":44,"playtime":4064,"items_purged":["theMarked:Strike","theMarked:Strike"],"score":565,"play_id":"85f56c47-e273-4eec-83ae-c35d14b6d82a","local_time":"20210104135454","is_ascension_mode":true,"campfire_choices":[{"data":"theMarked:SoldierOfQuellstein","floor":6,"key":"SMITH"},{"floor":8,"key":"RECALL"},{"data":"Armaments","floor":15,"key":"SMITH"},{"floor":30,"key":"REST"},{"floor":32,"key":"REST"},{"data":"theMarked:MagicAdept","floor":40,"key":"SMITH"}],"circlet_count":0,"master_deck":["theMarked:Defend","theMarked:Defend+1","theMarked:Defend","theMarked:Defend","theMarked:SoldierOfQuellstein+1","theMarked:SwordAndMagic","theMarked:RogueSparks+1","Armaments+1","theMarked:MagicAdept+1","Footwork","theMarked:Polarize+1","theMarked:TwofoldDefense","theMarked:GodGivenPower","theMarked:EmpowerWeapon+1","theMarked:EnhanceMovement"],"relics":["theMarked:ArtifactOfAir","Juzu Bracelet","hubris:DisguiseKit","Replay:Bronze Core","Lee\u0027s Waffle","Pondfish Scales","Replay:Mystery Machine","theMarked:Eyepatch","Pocketwatch","Ancient Tea Set","Pen Nib"],"acts_visited":["Exordium","TheCity","TheBeyond"],"potions_floor_usage":[7,13,16,18,23,29,41,44],"damage_taken":[{"damage":4,"enemies":"Small Slimes","floor":1,"turns":4},{"damage":2,"enemies":"Jaw Worm","floor":3,"turns":3},{"damage":0,"enemies":"2 Louse","floor":4,"turns":2},{"damage":18,"enemies":"Lagavulin","floor":7,"turns":5},{"damage":3,"enemies":"2 Fungi Beasts","floor":10,"turns":4},{"damage":3,"enemies":"Gremlin Nob","floor":13,"turns":3},{"damage":1,"enemies":"Exordium Thugs","floor":14,"turns":3},{"damage":20,"enemies":"Slime Boss","floor":16,"turns":5},{"damage":15,"enemies":"Chosen","floor":18,"turns":6},{"damage":9,"enemies":"3 Byrds","floor":19,"turns":7},{"damage":22,"enemies":"Book of Stabbing","floor":23,"turns":7},{"damage":5,"enemies":"Snake Plant","floor":25,"turns":5},{"damage":12,"enemies":"Sentry and Sphere","floor":28,"turns":7},{"damage":2,"enemies":"Cultist and Chosen","floor":29,"turns":7},{"damage":42,"enemies":"Automaton","floor":33,"turns":10},{"damage":14,"enemies":"Orb Walker","floor":35,"turns":4},{"damage":0,"enemies":"3 Shapes","floor":38,"turns":6},{"damage":5,"enemies":"Mind Bloom Boss Battle","floor":39,"turns":7},{"damage":28,"enemies":"Giant Head","floor":41,"turns":9},{"damage":6,"enemies":"Jaw Worm Horde","floor":42,"turns":6},{"damage":41,"enemies":"Reptomancer","floor":44,"turns":2}],"seed_played":"-5367856785799134160","potions_obtained":[{"floor":7,"key":"Fruit Juice"},{"floor":10,"key":"Reflective Coating"},{"floor":13,"key":"Fire Potion"},{"floor":14,"key":"Flashbang"},{"floor":18,"key":"FearPotion"},{"floor":19,"key":"BlessingOfTheForge"},{"floor":33,"key":"AttackPotion"},{"floor":41,"key":"LifebloodPotion"}],"is_trial":false,"path_per_floor":["M","?","M","M","?","R","E","R","T","M","?","?","E","M","R","B",null,"M","M","$","?","?","E","?","M","T","$","M","M","R","?","R","B",null,"M","?","?","M","?","R","E","M","T","E"],"character_chosen":"THE_DEFAULT","items_purchased":["Lee\u0027s Waffle","theMarked:GodGivenPower"],"campfire_rested":2,"item_purchase_floors":[20,27],"current_hp_per_floor":[66,66,64,64,64,64,51,51,51,48,48,73,70,69,69,49,75,60,51,82,82,66,44,44,39,39,39,27,25,51,51,77,35,87,73,73,73,73,68,68,40,34,34,0,0],"gold":302,"neow_bonus":"REMOVE_TWO","is_daily":false,"chose_seed":false,"campfire_upgraded":3,"win_rate":0.0,"timestamp":1609786494,"path_taken":["M","?","M","M","?","R","E","R","T","M","?","?","E","M","R","BOSS","M","M","$","?","?","E","?","M","T","?","M","M","R","?","R","BOSS","M","?","?","M","?","R","E","M","T","E"],"items_purchased_type":["Relic","Card"],"build_version":"2020-12-22","purchased_purges":2,"victory":false,"max_hp_per_floor":[70,70,70,70,70,70,75,75,75,75,75,75,75,75,75,75,75,75,75,82,82,87,87,87,87,87,87,87,87,87,87,87,87,87,87,87,87,87,87,87,87,87,87,87,87],"card_choices":[{"not_picked":["theMarked:EmpowerWeapon","theMarked:Aftermath"],"picked":"theMarked:SwordAndMagic","floor":1},{"not_picked":["theMarked:Parry","theMarked:Aftermath","theMarked:Improvise"],"picked":"SKIP","floor":3},{"not_picked":["theMarked:WastefulDefense","theMarked:ChannelForce","theMarked:HeritageOfTheMarked"],"picked":"SKIP","floor":4},{"not_picked":["theMarked:Electrocute","theMarked:ElectricStrings"],"picked":"theMarked:RogueSparks","floor":7},{"not_picked":["theMarked:MysticalArsenal","theMarked:Parkour","theMarked:RogueSparks"],"picked":"SKIP","floor":10},{"not_picked":["theMarked:HeritageOfTheMarked","theMarked:Static","theMarked:Aftermath"],"picked":"SKIP","floor":13},{"not_picked":["theMarked:Static","theMarked:SwordAndMagic","theMarked:ResourceFulStrike"],"picked":"Armaments","floor":14},{"not_picked":["theMarked:DispelDoubt","theMarked:EternalStudent","Feed"],"picked":"theMarked:MagicAdept","floor":16},{"not_picked":["theMarked:Electrify","theMarked:WardOff","theMarked:ChainLightning","Body Slam"],"picked":"SKIP","floor":18},{"not_picked":["theMarked:WastefulAttack","theMarked:HeightenedSenses+1","theMarked:Levitate","Body Slam"],"picked":"SKIP","floor":19},{"not_picked":["theMarked:Parkour","theMarked:SelfDefenseTraining","Burning Pact"],"picked":"theMarked:Polarize+1","floor":23},{"not_picked":["theMarked:StartUp","theMarked:RepellingDischarge+1","ReplayTheSpireMod:Strike From Hell"],"picked":"theMarked:TwofoldDefense","floor":25},{"not_picked":["theMarked:WastefulDefense","theMarked:ResourceFulStrike","theMarked:TakeCover","Rampage"],"picked":"SKIP","floor":28},{"not_picked":["theMarked:Static","theMarked:MysticalArsenal","theMarked:Indomitable","Clash"],"picked":"SKIP","floor":29},{"not_picked":["theMarked:MuscleMemory","theMarked:Snap","Offering"],"picked":"theMarked:Defy","floor":33},{"not_picked":["theMarked:Reabsorb","theMarked:WardOff","theMarked:Aftermath+1","hubris:CleavingFinish"],"picked":"SKIP","floor":35},{"not_picked":["theMarked:Aftermath+1","theMarked:RogueSparks+1","hubris:ReadiedAction"],"picked":"theMarked:EmpowerWeapon+1","floor":38},{"not_picked":["theMarked:Overcharge+1","theMarked:Static+1","Replay:Undeath\u0027s Touch"],"picked":"theMarked:EnhanceMovement","floor":39},{"not_picked":["theMarked:ElectricStrings","theMarked:WastefulDefense+1","theMarked:Reabsorb+1","Pommel Strike"],"picked":"SKIP","floor":41},{"not_picked":["theMarked:EmpowerWeapon+1","theMarked:BanishingWave","theMarked:MaelstromOfLightning","Wild Strike"],"picked":"SKIP","floor":42}],"player_experience":608282,"relics_obtained":[{"floor":7,"key":"Juzu Bracelet"},{"floor":13,"key":"hubris:DisguiseKit"},{"floor":23,"key":"Pondfish Scales"},{"floor":26,"key":"Replay:Mystery Machine"},{"floor":39,"key":"Pocketwatch"},{"floor":41,"key":"Ancient Tea Set"},{"floor":43,"key":"Pen Nib"}],"event_choices":[{"damage_healed":0,"gold_gain":0,"player_choice":"Leave","damage_taken":0,"max_hp_gain":0,"max_hp_loss":0,"event_name":"The Cleric","floor":5,"gold_loss":0},{"damage_healed":25,"gold_gain":0,"player_choice":"Banana","damage_taken":0,"max_hp_gain":0,"max_hp_loss":0,"event_name":"Big Fish","floor":12,"gold_loss":0},{"damage_healed":0,"gold_gain":0,"player_choice":"Read","damage_taken":0,"max_hp_gain":0,"max_hp_loss":0,"event_name":"The Library","floor":21,"gold_loss":0,"cards_obtained":["Footwork"]},{"damage_healed":0,"gold_gain":0,"player_choice":"Shed Blood","damage_taken":21,"max_hp_gain":5,"max_hp_loss":0,"event_name":"Forgotten Altar","floor":22,"gold_loss":0},{"cards_removed":["theMarked:Strike"],"damage_healed":0,"gold_gain":0,"player_choice":"Card Removal","damage_taken":0,"max_hp_gain":0,"max_hp_loss":0,"event_name":"Wheel of Change","floor":31,"gold_loss":0},{"cards_removed":["theMarked:Defy"],"damage_healed":0,"gold_gain":0,"player_choice":"Removed Attack","damage_taken":0,"max_hp_gain":0,"max_hp_loss":0,"event_name":"Falling","floor":36,"gold_loss":0},{"damage_healed":0,"gold_gain":0,"player_choice":"Ignored","damage_taken":0,"max_hp_gain":0,"max_hp_loss":0,"event_name":"SecretPortal","floor":37,"gold_loss":0},{"damage_healed":0,"gold_gain":0,"player_choice":"Fight","damage_taken":0,"max_hp_gain":0,"max_hp_loss":0,"event_name":"MindBloom","floor":39,"gold_loss":0}],"is_beta":false,"boss_relics":[{"not_picked":["Tiny House","hubris:RunicObelisk"],"picked":"Replay:Bronze Core"},{"not_picked":["Kintsugi","hubris:VirtuousBlindfold"],"picked":"theMarked:Eyepatch"}],"items_purged_floors":[20,27],"is_endless":false,"potions_floor_spawned":[7,10,13,14,18,19,33,41],"killed_by":"Reptomancer","ascension_level":2}}