{"host":"zjc1tzo4ovig5lll","time":1609780729,"event":{"mods":["AchievementEnabler","Aspiration","BaseMod","Beaked The Cultist","Better Altar","Better Match","Better Note","Better Sensory Stone","Colored Map","Colored Powertips","Conspire","Energized Spire","Friendly Minions","GifTheSpireLib","Halation","Hermit","Hubris","Minty Spire (QoL Compilation)","Rare Cards Sparkle","Replay The Spire","StSLib","The Blue Laboratory","The Bug Knight","The Construct","The Jungle","everything is the same but u backflip on backflip","vexMod"],"gold_per_floor":[116,191,40,59,75,101,101,137,137,31,55,72,72,92,92,244,244,284,206,242,258,305,305,376,395,395,395,199,199,55,55,55],"floor_reached":31,"playtime":1794,"items_purged":[],"score":332,"play_id":"cca92916-dc23-425e-b2ba-970e656347bd","local_time":"20210104191849","is_ascension_mode":true,"campfire_choices":[{"floor":7,"key":"REST"},{"data":"conspire:Banana","floor":15,"key":"SMITH"},{"floor":23,"key":"REST"}],"circlet_count":0,"master_deck":["hermit:Strike_Hermit","hermit:Strike_Hermit","hermit:Strike_Hermit","hermit:Strike_Hermit","hermit:Defend_Hermit","hermit:Defend_Hermit","hermit:Defend_Hermit","hermit:Defend_Hermit","hermit:Snapshot","hermit:Covet","Bandage Up","hermit:TakeCover","hermit:Brawl","conspire:Banana+1","hermit:FlashPowder","hermit:Roulette","hermit:FlashPowder","hermit:Quickdraw+1","hermit:FlashPowder","hermit:Quickdraw+1","hermit:Maintenance","hermit:Misfire+1","hermit:Manifest+1","hermit:LowProfile+1","Pain"],"relics":["hermit:Momento","vexMod:ConsolationPrize","Molten Egg 2","conspire:DeflatedDodgeball","hubris:Reverence","energizedSpire:OgreHead","hubris:SlimyHat","Golden Egg","vexMod:GhostlyGear","WarpedTongs","aspiration:Lifesprig"],"acts_visited":["Exordium","Exordium"],"potions_floor_usage":[24,31],"damage_taken":[{"damage":4,"enemies":"conspire:RoseBush","floor":1,"turns":4},{"damage":7,"enemies":"Jaw Worm","floor":4,"turns":6},{"damage":9,"enemies":"Cultist","floor":5,"turns":5},{"damage":35,"enemies":"3 Sentries","floor":6,"turns":13},{"damage":7,"enemies":"HollowMod:MossKnight","floor":8,"turns":14},{"damage":11,"enemies":"Lots of Slimes","floor":11,"turns":5},{"damage":0,"enemies":"Exordium Wildlife","floor":12,"turns":3},{"damage":0,"enemies":"Gremlin Gang","floor":14,"turns":9},{"damage":54,"enemies":"Fading Forest","floor":16,"turns":11},{"damage":29,"enemies":"theJungle:GiantWrat","floor":18,"turns":8},{"damage":20,"enemies":"Shell Parasite","floor":20,"turns":6},{"damage":0,"enemies":"theJungle:Lyon","floor":21,"turns":6},{"damage":36,"enemies":"theJungle:2_Flameangoes","floor":22,"turns":8},{"damage":36,"enemies":"theJungle:2_Phrogs","floor":24,"turns":8},{"damage":8,"enemies":"theJungle:JungleHuntersEncounter","floor":25,"turns":10},{"damage":13,"enemies":"Snake Plant","floor":31,"turns":1}],"seed_played":"-2820894943735363089","potions_obtained":[{"floor":16,"key":"blueLaboratory:SavagePotion"},{"floor":22,"key":"Fire Potion"}],"is_trial":false,"path_per_floor":["M","?","$","M","M","E","R","E","T","?","M","M","T","M","R","B",null,"M","$","M","M","M","R","E","M","T","?","$","?","$","M"],"character_chosen":"HERMIT","items_purchased":["hermit:Brawl","conspire:Banana","hermit:Maintenance","vexMod:GhostlyGear","hermit:LowProfile","aspiration:Lifesprig"],"campfire_rested":2,"item_purchase_floors":[3,3,19,28,28,30],"current_hp_per_floor":[74,63,63,61,57,27,50,48,48,48,42,47,47,52,52,20,84,57,57,43,49,19,46,14,12,12,12,12,12,12,0,0],"gold":55,"neow_bonus":"RANDOM_COLORLESS","is_daily":false,"chose_seed":false,"campfire_upgraded":1,"win_rate":0.0,"timestamp":1609780729,"path_taken":["M","?","$","M","M","E","R","E","T","?","M","?","?","?","R","BOSS","M","?","M","?","M","R","E","M","T","?","?","?","$","M"],"items_purchased_type":["Card","Card","Card","Relic","Card","Relic"],"build_version":"2020-12-22","purchased_purges":0,"victory":false,"max_hp_per_floor":[75,75,75,76,77,78,78,79,79,79,80,81,81,82,82,84,84,86,86,88,90,92,92,92,94,94,94,94,94,94,94,94],"card_choices":[{"not_picked":["Panacea","Purity"],"picked":"Bandage Up","floor":0},{"not_picked":["hermit:Snipe","hermit:Dive"],"picked":"hermit:TakeCover","floor":1},{"not_picked":["hermit:BodyArmor","hermit:Coalescence"],"picked":"hermit:FlashPowder","floor":4},{"not_picked":["hermit:LowProfile","hermit:Glare"],"picked":"hermit:Roulette","floor":5},{"not_picked":["hermit:LowProfile","hermit:Cheat","hermit:FinalCanter"],"picked":"SKIP","floor":6},{"not_picked":["hermit:Feint","hermit:Desperado+1"],"picked":"hermit:FlashPowder","floor":8},{"not_picked":["hermit:BodyArmor","hermit:Ricochet+1"],"picked":"hermit:Quickdraw+1","floor":11},{"not_picked":["hermit:Enervate+1","hermit:Virtue"],"picked":"hermit:FlashPowder","floor":12},{"not_picked":["hermit:Malice+1","hermit:SprayPray+1","hermit:CursedWeapon+1"],"picked":"SKIP","floor":14},{"not_picked":["hermit:Horror","hermit:HoleUp"],"picked":"hermit:Quickdraw+1","floor":18},{"not_picked":["hermit:TrackingShot+1","hermit:Headshot+1"],"picked":"hermit:Misfire+1","floor":20},{"not_picked":["hermit:Feint","hermit:Midnight","hermit:Headshot+1"],"picked":"SKIP","floor":21},{"not_picked":["hermit:TakeCover","hermit:BodyArmor","hermit:EyeOfTheStorm"],"picked":"SKIP","floor":22},{"not_picked":["hermit:Maintenance","hermit:Feint+1"],"picked":"hermit:Manifest+1","floor":24},{"not_picked":["hermit:LoneWolf","hermit:ItchyTrigger+1","hermit:Desperado+1"],"picked":"SKIP","floor":25}],"player_experience":606793,"relics_obtained":[{"floor":6,"key":"vexMod:ConsolationPrize"},{"floor":8,"key":"Molten Egg 2"},{"floor":13,"key":"hubris:Reverence"},{"floor":24,"key":"hubris:SlimyHat"},{"floor":26,"key":"Golden Egg"}],"event_choices":[{"damage_healed":0,"gold_gain":75,"player_choice":"Gather Gold","damage_taken":11,"max_hp_gain":0,"max_hp_loss":0,"event_name":"World of Goop","floor":2,"gold_loss":0},{"damage_healed":0,"gold_gain":0,"player_choice":"Paid Gold","damage_taken":0,"relics_obtained":["conspire:DeflatedDodgeball"],"max_hp_gain":0,"max_hp_loss":0,"event_name":"WeMeetAgain","floor":10,"gold_loss":106},{"damage_healed":0,"gold_gain":0,"player_choice":"Rummage","damage_taken":0,"relics_obtained":["WarpedTongs"],"max_hp_gain":0,"max_hp_loss":0,"event_name":"Accursed Blacksmith","floor":29,"gold_loss":0,"cards_obtained":["Pain"]}],"is_beta":false,"boss_relics":[{"not_picked":["Replay:Fungal Core","energizedSpire:EnergizedDie"],"picked":"energizedSpire:OgreHead"}],"items_purged_floors":[],"is_endless":false,"potions_floor_spawned":[1,8,11,16,18,22,24],"killed_by":"Snake Plant","ascension_level":3}}