{"host":"weghyrtrhzwgovqi","time":1609735605,"event":{"mods":["Act Like it!","BaseMod","Defuse TimeMaze Blight","Dota2Spire","Gensokyo","Minty Spire (QoL Compilation)","Remilia£¨ÀÙÃ×ÀòÑÇ£©","RumiaBox-Â¶Ã×æ«µÄÉñÃØºÐ×Ó","StSLib","Uncapped","UnlockEverythingMod","Youmu£¨»êÆÇÑýÃÎ£©","[IsaacMod]ÒÔÈö¼âËþ","noobMod"],"gold_per_floor":[110,126,126,189,206,240,240,311,311,366,18,18,46,46,46,172,172,183,183,183,229,244,278,23,23,23,23,36,36,48,102,102,205,205,218,218,218,232,257,18,27,27,27,27,41,87,102,117,117,147,147],"floor_reached":50,"playtime":1184,"items_purged":[],"score":1414,"play_id":"1a461496-f046-4d5e-b805-176f5d5f5e4e","local_time":"20210104124645","daily_mods":["Shiny","Vintage","Diverse","Heirloom","Time Dilation","Flight","Lethality"],"is_ascension_mode":false,"campfire_choices":[{"data":"Blasphemy","floor":12.0,"key":"SMITH"},{"data":"QueenOfMidnight","floor":15.0,"key":"SMITH"},{"data":"CurseOfVladTepes","floor":32.0,"key":"SMITH"},{"data":"BloodySeventeenLaser","floor":44.0,"key":"SMITH"},{"data":"ScarletCoffin","floor":49.0,"key":"SMITH"}],"circlet_count":0,"master_deck":["ScarletCoffin+1","DemonKingCradle+1","TricksterDevil","ForecastOfChange","CurseOfVladTepes+1","TransientEternity","EquivalentExchange","ScarletMeister","QueenOfMidnight+1","KillingBlow","BloodyHallows","BatForm","BloodyCatastrophe+1","CeilingFear","ChaoticDestiny","BloodySeventeenLaser+1","HellCatastrophe","HeartBreak","FastingOfTheYoungPreta","MatsuyoiReflectingSatelliteSlash","GreatEnlightenmentAppearingAndDisappearing","IrresoluteSoul","HeavenGodSword","DeadlyForm","ReincarnationSword","SlashOfTheEternalFuture","WickedSoul","AsuraSword","CelestialStarSword","StrangeHalfBody","SuddenDivineSeveringOfKarmicWind","CherryBlossomSword","SlashOfSaigyouSpringWind","ASingleThoughtAndInfiniteKalpas","Brilliance","Devotion","LessonLearned","Vault","Alpha","Establishment","DeusExMachina","Judgement","ConjureBlade","MasterReality","Blasphemy+1","Ragnarok","Scrawl","Wish+1","Omniscience","SpiritShield","DevaForm","Hyperbeam","Machine Learning","Buffer","Seek","Echo Form","All For One","Reboot","Fission","Core Surge","Multi-Cast","Thunder Strike","Biased Cognition","ElectricPowerLearning","Electrodynamics","Rainbow","Meteor Strike","Amplify","Creative AI","Corpse Explosion","Die Die Die","Adrenaline","Envenom","Doppelganger","Burst","Wraith Form v2","Tools of the Trade","After Image","A Thousand Cuts","Venomology","Malaise","Phantasmal Killer","Night Terror","Unload","Bullet Time","Storm of Steel","Glass Knife","Grand Finale","Double Tap","Demon Form","Fiend Fire","Berserk","Impervious","Juggernaut+1","Brutality","Exhume","Offering","Bludgeon","Feed","Limit Break","Corruption","Barricade","Reaper","Immolate","Injury","Turbo","Heatsinks+1","Devotion+1","Gensokyo:FourOfAKind","Gensokyo:FourOfAKind","Gensokyo:FourOfAKind","Gensokyo:FourOfAKind","DevaForm+1","Gensokyo:PrivateSquare","Pride","Gensokyo:RainbowDanmaku"],"relics":["Unceasing Top","HushsDoor","ice","BelialBook","Dota2Spire:EyeOfSkadi","Bottled Tornado","Strawberry","Gensokyo:Mercy","Frozen Egg 2","MagicDraw1","HowToJump","Dota2Spire:ArcaneBoots","Dota2Spire:UrnOfShadows","Tiny Chest","Habit","BookOfRevelations","StoneCalendar","Empty Cage","GuppysCollar","Bag of Preparation","Gensokyo:ChorusOfJoy","Dota2Spire:PowerTreads","Pantograph","SSSystem","Dota2Spire:AghanimScepter","Regal Pillow","UnicornStump","GodSword5","War Paint","Potion Belt","Black Star","LastBattle","DeadEye","CeramicFish","Dota2Spire:MonkeyKingBar","FencingExperience","Dota2Spire:ShivaGuard","Nunchaku","Dream Catcher","Dota2Spire:BlackKingBar"],"acts_visited":["Exordium","Gensokyo:Gensokyo","Gensokyo:Gensokyoer"],"potions_floor_usage":[],"damage_taken":[{"damage":7.0,"enemies":"Gensokyo:3_Fairies","floor":1.0,"turns":4.0},{"damage":18.0,"enemies":"Gensokyo:Gryphon","floor":2.0,"turns":2.0},{"damage":6.0,"enemies":"Gensokyo:Python","floor":5.0,"turns":2.0},{"damage":0.0,"enemies":"Gensokyo:Mamizou","floor":6.0,"turns":3.0},{"damage":1.0,"enemies":"Gensokyo:Aya","floor":13.0,"turns":3.0},{"damage":0.0,"enemies":"Gensokyo:Yukari","floor":16.0,"turns":2.0},{"damage":8.0,"enemies":"Gensokyo:AngelMirror","floor":18.0,"turns":1.0},{"damage":1.0,"enemies":"Gensokyo:3_Dogs","floor":22.0,"turns":1.0},{"damage":0.0,"enemies":"Gensokyo:Koishi","floor":23.0,"turns":1.0},{"damage":0.0,"enemies":"Gensokyo:Slime_Group","floor":28.0,"turns":1.0},{"damage":0.0,"enemies":"Gensokyo:Wraith","floor":30.0,"turns":1.0},{"damage":5.0,"enemies":"Gensokyo:Kaguya","floor":33.0,"turns":2.0},{"damage":0.0,"enemies":"Gensokyo:3_Boulders","floor":35.0,"turns":2.0},{"damage":0.0,"enemies":"Gensokyo:3_Bats","floor":38.0,"turns":1.0},{"damage":40.0,"enemies":"Gensokyo:3_Bats","floor":41.0,"turns":4.0},{"damage":0.0,"enemies":"Gensokyo:Sharpion","floor":45.0,"turns":1.0},{"damage":0.0,"enemies":"Gensokyo:AtlasGolem","floor":47.0,"turns":1.0},{"damage":0.0,"enemies":"Gensokyo:Dusk_and_Dawn","floor":48.0,"turns":1.0},{"damage":5,"enemies":"Gensokyo:Scarlet_Devils","floor":50,"turns":2}],"seed_played":"-5585548212055831270","potions_obtained":[{"floor":2.0,"key":"GamblersBrew"},{"floor":5.0,"key":"Swift Potion"},{"floor":6.0,"key":"PowerPotion"},{"floor":33.0,"key":"DuplicationPotion"}],"is_trial":true,"path_per_floor":["M","M","?","?","M","E","?","?","T","T","$","R","E","?","R","B",null,"M","?","?","T","M","E","$","?","T","T","M","?","M","T","R","B",null,"M","?","?","M","T","$","?","?","T","R","M","T","M","M","R","B"],"character_chosen":"YOUMU","items_purchased":["Tiny Chest","Habit","Turbo","GuppysCollar","Dota2Spire:AghanimScepter","Dota2Spire:MonkeyKingBar"],"campfire_rested":0,"item_purchase_floors":[11,11,11,17,24,40],"current_hp_per_floor":[73,62,62,47,41,41,41,26,26,26,26,26,25,8,8,8,74,74,74,52,52,52,52,52,52,52,52,52,52,52,52,52,47,52,55,55,55,55,55,55,55,55,55,55,55,55,55,55,55,50,50],"gold":147,"neow_bonus":"","is_daily":false,"chose_seed":false,"campfire_upgraded":5,"win_rate":0.0,"timestamp":1609735605,"path_taken":["M","?","?","?","?","E","?","?","T","?","?","R","E","?","R","BOSS","M","?","?","?","?","E","?","?","T","?","?","?","?","?","R","BOSS","M","?","?","?","?","$","?","?","T","R","?","?","?","M","R","BOSS"],"items_purchased_type":["Relic","Relic","Card","Relic","Relic","Relic"],"build_version":"2020-12-22","purchased_purges":0,"victory":false,"max_hp_per_floor":[80,87,87,87,87,87,87,87,87,87,87,87,87,87,87,87,74,74,74,52,52,52,52,52,52,52,52,52,52,52,52,52,52,52,55,55,55,55,55,55,55,55,55,55,55,55,55,55,55,55,55],"card_choices":[{"not_picked":[],"picked":"ChaosCard","floor":0.0},{"not_picked":["Corruption+1","AfternoonTea","Establishment+1"],"picked":"SKIP","floor":6.0},{"not_picked":["Anger","PhosphoricSlash"],"picked":"Heatsinks+1","floor":13.0},{"not_picked":["HeavenSword+1","ForecastOfChange"],"picked":"Devotion+1","floor":16.0},{"not_picked":["Quick Slash","Consecrate","Searing Blow"],"picked":"SKIP","floor":23.0},{"not_picked":["HellCatastrophe","MasterReality+1"],"picked":"DevaForm+1","floor":33.0},{"not_picked":["Gensokyo:LifeSpringInfinity","Gensokyo:UnhurriedMind"],"picked":"Gensokyo:RainbowDanmaku","floor":41.0}],"player_experience":284188,"relics_obtained":[{"floor":1.0,"key":"Bottled Tornado"},{"floor":2.0,"key":"Strawberry"},{"floor":5.0,"key":"Frozen Egg 2"},{"floor":6.0,"key":"MagicDraw1"},{"floor":9.0,"key":"Dota2Spire:ArcaneBoots"},{"floor":10.0,"key":"Dota2Spire:UrnOfShadows"},{"floor":13.0,"key":"BookOfRevelations"},{"floor":18.0,"key":"Bag of Preparation"},{"floor":21.0,"key":"Dota2Spire:PowerTreads"},{"floor":22.0,"key":"Pantograph"},{"floor":23.0,"key":"SSSystem"},{"floor":26.0,"key":"Regal Pillow"},{"floor":27.0,"key":"UnicornStump"},{"floor":28.0,"key":"GodSword5"},{"floor":30.0,"key":"War Paint"},{"floor":31.0,"key":"Potion Belt"},{"floor":35.0,"key":"LastBattle"},{"floor":38.0,"key":"DeadEye"},{"floor":39.0,"key":"CeramicFish"},{"floor":43.0,"key":"FencingExperience"},{"floor":45.0,"key":"Dota2Spire:ShivaGuard"},{"floor":46.0,"key":"Nunchaku"},{"floor":47.0,"key":"Dream Catcher"},{"floor":48.0,"key":"Dota2Spire:BlackKingBar"}],"event_choices":[],"is_beta":false,"boss_relics":[{"not_picked":["Sozu","Fusion Hammer"],"picked":"Empty Cage"},{"not_picked":[]},{"not_picked":["Astrolabe","Dota2Spire:RefresherOrb"],"picked":"Black Star"},{"not_picked":[]}],"items_purged_floors":[],"is_endless":true,"potions_floor_spawned":[2,5,6,22,30,33,45,48],"killed_by":"Gensokyo:Scarlet_Devils","ascension_level":0}}