{"host":"51f0ad793vly1w6u","time":1609732247,"event":{"mods":["BaseMod","Colored Map","DeckTracker","Minty Spire (QoL Compilation)","StSLib","SuperFastMode"],"gold_per_floor":[17,17,167,177,8,8,18,18,41,76,76,86,99,23,23,99,149,162,212,212,162,142,142,142,142],"floor_reached":24,"playtime":344,"items_purged":["Doubt"],"score":388,"play_id":"2da937df-21e7-4b9a-a102-3c6fe10fee79","local_time":"20210104125047","is_ascension_mode":true,"campfire_choices":[{"data":"Consume","floor":6,"key":"SMITH"},{"data":"Zap","floor":8,"key":"SMITH"},{"data":"Barrage","floor":11,"key":"SMITH"},{"floor":15,"key":"REST"},{"floor":23,"key":"REST"}],"circlet_count":0,"master_deck":["AscendersBane","Strike_B","Strike_B","Strike_B","Defend_B","Defend_B+1","Defend_B","Zap+1","Dualcast","Capacitor+1","Consume+1","Storm","Ball Lightning","Barrage+1","Conserve Battery","Creative AI","Biased Cognition","Defragment","Turbo","Storm"],"relics":["Cracked Core","Membership Card","MealTicket","Bag of Marbles","Tiny House"],"acts_visited":["Exordium","TheCity"],"potions_floor_usage":[10,16,18,18,18,22,24],"damage_taken":[{"damage":0,"enemies":"2 Louse","floor":1,"turns":2},{"damage":5,"enemies":"Small Slimes","floor":4,"turns":3},{"damage":4,"enemies":"Jaw Worm","floor":7,"turns":3},{"damage":45,"enemies":"3 Sentries","floor":10,"turns":6},{"damage":7,"enemies":"2 Fungi Beasts","floor":12,"turns":3},{"damage":15,"enemies":"Looter","floor":13,"turns":3},{"damage":30,"enemies":"Slime Boss","floor":16,"turns":7},{"damage":19,"enemies":"3 Byrds","floor":18,"turns":3},{"damage":34,"enemies":"2 Thieves","floor":22,"turns":4},{"damage":40,"enemies":"Gremlin Leader","floor":24,"turns":4}],"seed_played":"-6634677286372989773","potions_obtained":[{"floor":4,"key":"Regen Potion"},{"floor":12,"key":"Weak Potion"},{"floor":13,"key":"Ancient Potion"},{"floor":16,"key":"ColorlessPotion"},{"floor":17,"key":"EntropicBrew"},{"floor":18,"key":"LiquidMemories"}],"is_trial":false,"path_per_floor":["M","?","?","M","$","R","M","R","T","E","R","M","M","$","R","B",null,"M","?","?","?","M","R","E"],"character_chosen":"DEFECT","items_purchased":["Membership Card","Creative AI"],"campfire_rested":2,"item_purchase_floors":[5,14],"current_hp_per_floor":[64,64,64,59,59,59,55,55,55,24,24,17,2,17,38,8,60,41,41,41,41,7,29,0,0],"gold":142,"neow_bonus":"TRANSFORM_TWO_CARDS","is_daily":false,"chose_seed":false,"campfire_upgraded":3,"win_rate":0.0,"timestamp":1609732247,"path_taken":["M","?","?","M","$","R","M","R","T","E","R","M","M","$","R","BOSS","M","?","?","?","?","R","E"],"items_purchased_type":["Relic","Card"],"build_version":"2020-12-22","purchased_purges":1,"victory":false,"max_hp_per_floor":[71,71,71,71,71,71,71,71,71,71,71,71,71,71,71,71,76,76,76,76,76,76,76,76,76],"card_choices":[{"not_picked":["Barrage","Turbo","Hologram"],"picked":"SKIP","floor":1},{"not_picked":["Gash","Redo"],"picked":"Storm","floor":4},{"not_picked":["Gash","Beam Cell"],"picked":"Ball Lightning","floor":7},{"not_picked":["Sweeping Beam","Redo"],"picked":"Barrage","floor":10},{"not_picked":["Hologram","Leap"],"picked":"Conserve Battery","floor":12},{"not_picked":["Rebound","Scrape","White Noise"],"picked":"SKIP","floor":13},{"not_picked":["Meteor Strike","Hyperbeam"],"picked":"Biased Cognition","floor":16},{"not_picked":["Recycle","Stack"],"picked":"Defragment","floor":17},{"not_picked":["Gash","Hologram"],"picked":"Turbo","floor":18},{"not_picked":["Lockon","Sunder"],"picked":"Storm","floor":22}],"player_experience":1383563,"relics_obtained":[{"floor":9,"key":"MealTicket"},{"floor":10,"key":"Bag of Marbles"}],"event_choices":[{"damage_healed":0,"gold_gain":0,"player_choice":"Grow","damage_taken":0,"max_hp_gain":0,"max_hp_loss":0,"event_name":"Living Wall","floor":2,"gold_loss":0,"cards_upgraded":["Capacitor"]},{"damage_healed":0,"gold_gain":150,"player_choice":"AGREE","damage_taken":0,"max_hp_gain":0,"max_hp_loss":0,"event_name":"Liars Game","floor":3,"gold_loss":0,"cards_obtained":["Doubt"]},{"damage_healed":0,"gold_gain":50,"player_choice":"Stole From Cult","damage_taken":0,"max_hp_gain":0,"max_hp_loss":0,"event_name":"Nest","floor":19,"gold_loss":0},{"damage_healed":0,"gold_gain":0,"player_choice":"Ignored","damage_taken":0,"max_hp_gain":0,"max_hp_loss":0,"event_name":"Vampires","floor":20,"gold_loss":0},{"damage_healed":0,"gold_gain":0,"player_choice":"Bet on Owner","damage_taken":0,"max_hp_gain":0,"max_hp_loss":0,"event_name":"The Joust","floor":21,"gold_loss":50}],"is_beta":false,"boss_relics":[{"not_picked":["Runic Pyramid","Nuclear Battery"],"picked":"Tiny House"}],"items_purged_floors":[14],"is_endless":false,"potions_floor_spawned":[4,12,13,16,18],"killed_by":"Gremlin Leader","ascension_level":20}}