{"host":"xj2wyr3bqqv4irjd","time":1609746291,"event":{"mods":["Act Like it!","BaseMod","Colored Map","Colored Powertips","Downfall","Hermit","Highlight Path","Jorbs\u0027s Wanderer Trilogy","Lobotomy","Marisa£®ÏF”Í°°ƒß¿Ì…≥£©","Minty Spire (QoL Compilation)","Quick Restart","Rare Cards Sparkle","Replay The Spire","StSLib"],"gold_per_floor":[360,45,45,220,220,220,248,248,248,277,69,19,19,33,33,135,135,151,165,85,85,50,50,61,61,61,96,115,40,40,40,40,145,145,158,158,158,188,207,207,233,233,305,89,89,89,109,141,141,0,0,0,0,0,0,0,25,25],"floor_reached":59,"playtime":3123,"items_purged":["hermit:Strike_Hermit","hermit:Strike_Hermit","hermit:Strike_Hermit"],"score":1733,"play_id":"aec2ffaa-90f8-4794-b9ce-ccf416824e03","local_time":"20210104154451","is_ascension_mode":true,"campfire_choices":[{"data":"hermit:Gestalt","floor":6.0,"key":"SMITH"},{"data":"hermit:Determination","floor":8.0,"key":"SMITH"},{"data":"hermit:WideOpen","floor":15.0,"key":"SMITH"},{"data":"hermit:OverwhelmingPower","floor":23.0,"key":"SMITH"},{"data":"hermit:DeadMansHand","floor":25.0,"key":"SMITH"},{"floor":32.0,"key":"REST"},{"floor":40,"key":"RECALL"},{"data":"Deep Breath","floor":42,"key":"SMITH"},{"data":"hermit:FatalDesire","floor":51,"key":"SMITH"},{"data":"hermit:HeroicBravado","floor":55,"key":"SMITH"}],"circlet_count":0,"master_deck":["hermit:Defend_Hermit","hermit:Defend_Hermit","hermit:Defend_Hermit","hermit:Snapshot","hermit:Covet","hermit:Determination+1","hermit:Gestalt+1","Doubt","hermit:Headshot","hermit:Vantage","hermit:Roughhouse","ReplayTheSpireMod:IOU","ReplayTheSpireMod:IOU","hermit:ShadowCloak","ReplayTheSpireMod:IOU","hermit:DeadMansHand+1","Parasite","hermit:WideOpen+1","hermit:OverwhelmingPower+1","AbeCurse","hermit:HoleUp","hermit:EyeOfTheStorm+1","hermit:SprayPray","hermit:HeroicBravado+1","hermit:Coalescence+1","hermit:LuckOfTheDraw","hermit:FinalCanter","Deep Breath+1","hermit:FatalDesire+1","hermit:Gestalt","hermit:Cheat+1","hermit:Manifest+1","hermit:TakeAim+1","hermit:Magnum+1","ReplayTheSpireMod:IOU","hermit:LuckOfTheDraw","hermit:FlashPowder+1","hermit:Gestalt","Hallucinations"],"relics":["hermit:Momento","ReplayTheSpireMod:CursedCoin","Du-Vu Doll","Mirror","Bag of Marbles","Replay:Wax Seal","OrangePellets","ReplayTheSpireMod:Lightbulb","Abe\u0027s Treasure","Singing Bowl","Regal Pillow","ReplayTheSpireMod:TigerMarble","Philosopher\u0027s Stone","Ginger","ReplayTheSpireMod:Ninjato","Darkstone Periapt","Ring of Peace","Ring of Misfortune","Red Mask"],"acts_visited":["Exordium","TheCity","TheBeyond","TheEnding"],"potions_floor_usage":[39,58,58,58],"damage_taken":[{"damage":8.0,"enemies":"Jaw Worm","floor":1.0,"turns":4.0},{"damage":2.0,"enemies":"Lagavulin","floor":7.0,"turns":6.0},{"damage":1.0,"enemies":"Gremlin Nob","floor":10.0,"turns":4.0},{"damage":3.0,"enemies":"2 Louse","floor":14.0,"turns":3.0},{"damage":2.0,"enemies":"Hexaghost","floor":16.0,"turns":9.0},{"damage":13.0,"enemies":"Shell Parasite","floor":18.0,"turns":4.0},{"damage":6.0,"enemies":"Spheric Guardian","floor":19.0,"turns":5.0},{"damage":19.0,"enemies":"Snake Plant","floor":20.0,"turns":3.0},{"damage":9.0,"enemies":"Cultist and Chosen","floor":24.0,"turns":5.0},{"damage":19.0,"enemies":"Replay:Snechameleon","floor":27.0,"turns":4.0},{"damage":17.0,"enemies":"Shelled Parasite and Fungi","floor":28.0,"turns":6.0},{"damage":6.0,"enemies":"Gremlin Leader","floor":29.0,"turns":8.0},{"damage":11.0,"enemies":"Automaton","floor":33.0,"turns":7.0},{"damage":11.0,"enemies":"Orb Walker","floor":35.0,"turns":2.0},{"damage":0,"enemies":"3 Shapes","floor":38,"turns":3},{"damage":3,"enemies":"Spire Growth","floor":39,"turns":2},{"damage":8,"enemies":"Nemesis","floor":41,"turns":3},{"damage":1,"enemies":"Jaw Worm Horde","floor":47,"turns":3},{"damage":0,"enemies":"Giant Head","floor":48,"turns":3},{"damage":2,"enemies":"Time Eater","floor":52,"turns":5},{"damage":4,"enemies":"Shield and Spear","floor":57,"turns":5},{"damage":12,"enemies":"The Heart","floor":58,"turns":5}],"seed_played":"2684674970818264794","potions_obtained":[{"floor":14.0,"key":"Block Potion"},{"floor":16.0,"key":"Languid Potion"},{"floor":19.0,"key":"LiquidMemories"},{"floor":27.0,"key":"Reflective Coating"},{"floor":29.0,"key":"Swift Potion"},{"floor":35.0,"key":"Strength Potion"},{"floor":41,"key":"hermit:Tonic"}],"is_trial":false,"path_per_floor":["M","$","?","?","?","R","E","R","T","E","$","?","?","M","R","B",null,"M","M","M","?","$","R","M","R","T","E","M","E","?","?","R","B",null,"M","?","?","M","M","R","E","R","T","$","PTL","PTL","M","E","?","?","R","B",null,null,"R","$","E","B",null],"character_chosen":"HERMIT","items_purchased":["ReplayTheSpireMod:CursedCoin","Du-Vu Doll","hermit:Gestalt","Replay:Wax Seal","hermit:ShadowCloak","OrangePellets","ReplayTheSpireMod:Lightbulb","hermit:DeadMansHand","hermit:HeroicBravado","hermit:Magnum+1","hermit:LuckOfTheDraw"],"campfire_rested":1,"item_purchase_floors":[2,2,2,11,11,11,11,11,22,44,44],"current_hp_per_floor":[60,60,53,53,53,53,51,51,51,50,50,50,67,64,64,62,67,54,48,29,51,51,51,42,42,42,25,8,2,2,2,38,27,59,48,48,48,48,45,45,37,37,37,37,37,37,36,36,42,42,42,54,54,71,71,71,69,57],"gold":25,"neow_bonus":"TWO_FIFTY_GOLD","is_daily":false,"chose_seed":false,"campfire_upgraded":8,"win_rate":0.0,"timestamp":1609746291,"path_taken":["M","$","?","?","?","R","E","R","T","E","?","?","?","M","R","BOSS","M","M","M","?","$","R","M","R","T","E","M","E","?","?","R","BOSS","M","?","?","?","M","R","E","R","T","$","PTL","PTL","M","E","?","?","R","BOSS","R","$","E","BOSS"],"items_purchased_type":["Relic","Relic","Card","Relic","Card","Relic","Relic","Card","Card","Card","Card"],"build_version":"2020-12-22","purchased_purges":3,"victory":true,"max_hp_per_floor":[68,68,68,68,68,68,68,68,68,68,68,68,68,68,68,68,68,68,68,68,68,68,68,68,68,68,70,70,70,70,70,70,70,70,70,70,70,70,70,70,70,70,70,70,70,70,70,70,76,76,76,76,76,76,76,76,78,78],"card_choices":[{"not_picked":["hermit:HoleUp","hermit:Ricochet"],"picked":"hermit:Determination","floor":1.0},{"not_picked":["hermit:Dive","hermit:TakeAim"],"picked":"hermit:Vantage","floor":7.0},{"not_picked":["hermit:Showdown","hermit:Maintenance"],"picked":"hermit:Roughhouse","floor":10.0},{"not_picked":["hermit:BodyArmor","hermit:HighCaliber"],"picked":"hermit:WideOpen","floor":14.0},{"not_picked":["hermit:FromBeyond","hermit:DeadOrAlive"],"picked":"hermit:OverwhelmingPower","floor":16.0},{"not_picked":["hermit:Misfire","hermit:FlashPowder+1"],"picked":"hermit:HoleUp","floor":18.0},{"not_picked":["hermit:Quickdraw","hermit:LowProfile"],"picked":"hermit:EyeOfTheStorm+1","floor":19.0},{"not_picked":["hermit:Desperado","hermit:Dive"],"picked":"hermit:SprayPray","floor":20.0},{"not_picked":["hermit:ItchyTrigger","hermit:TrackingShot"],"picked":"hermit:Coalescence+1","floor":24.0},{"not_picked":["hermit:TakeAim","hermit:WideOpen+1","hermit:OverwhelmingPower"],"picked":"Singing Bowl","floor":27.0},{"not_picked":["hermit:EyeOfTheStorm","hermit:Snipe+1"],"picked":"hermit:LuckOfTheDraw","floor":28.0},{"not_picked":["hermit:Ricochet","hermit:WideOpen"],"picked":"hermit:FullyLoaded+1","floor":29.0},{"not_picked":["hermit:Magnum","hermit:DeadOrAlive"],"picked":"hermit:FatalDesire","floor":33.0},{"not_picked":["hermit:LuckOfTheDraw+1","hermit:BodyArmor+1"],"picked":"hermit:Gestalt","floor":35.0},{"not_picked":["hermit:Vantage","hermit:CalledShot"],"picked":"hermit:Cheat+1","floor":38},{"not_picked":["hermit:Dive","hermit:Glare+1"],"picked":"hermit:Manifest+1","floor":39},{"not_picked":["hermit:Vantage","hermit:LuckOfTheDraw"],"picked":"hermit:TakeAim+1","floor":41},{"not_picked":["hermit:Midnight+1","hermit:Showdown"],"picked":"hermit:FlashPowder+1","floor":47},{"not_picked":["hermit:LuckOfTheDraw+1","hermit:ItchyTrigger+1"],"picked":"hermit:Gestalt","floor":48},{"not_picked":["hermit:Shortfuse+1","hermit:Vantage","hermit:Scavenge+1"],"picked":"Singing Bowl","floor":57}],"player_experience":447715,"relics_obtained":[{"floor":7.0,"key":"Mirror"},{"floor":10.0,"key":"Bag of Marbles"},{"floor":26.0,"key":"Singing Bowl"},{"floor":27.0,"key":"Regal Pillow"},{"floor":29.0,"key":"ReplayTheSpireMod:TigerMarble"},{"floor":41,"key":"Ginger"},{"floor":43,"key":"ReplayTheSpireMod:Ninjato"},{"floor":48,"key":"Darkstone Periapt"},{"floor":49,"key":"Ring of Peace"},{"floor":49,"key":"Ring of Misfortune"}],"event_choices":[{"cards_removed":["hermit:Strike_Hermit"],"damage_healed":0.0,"max_hp_gain":0.0,"max_hp_loss":0.0,"gold_gain":0.0,"event_name":"Golden Wing","player_choice":"Card Removal","floor":3.0,"gold_loss":0.0,"damage_taken":7.0},{"damage_healed":0.0,"max_hp_gain":0.0,"max_hp_loss":0.0,"gold_gain":175.0,"event_name":"Liars Game","player_choice":"AGREE","floor":4.0,"gold_loss":0.0,"damage_taken":0.0,"cards_obtained":["Doubt"]},{"damage_healed":0.0,"max_hp_gain":0.0,"max_hp_loss":0.0,"gold_gain":0.0,"cards_transformed":["hermit:Defend_Hermit"],"event_name":"Living Wall","player_choice":"Change","floor":5.0,"gold_loss":0.0,"damage_taken":0.0,"cards_obtained":["hermit:Headshot"]},{"cards_removed":["Wraith"],"damage_healed":0.0,"max_hp_gain":0.0,"max_hp_loss":0.0,"gold_gain":0.0,"event_name":"The Cleric","player_choice":"Card Removal","floor":12.0,"gold_loss":50.0,"damage_taken":0.0},{"damage_healed":17.0,"max_hp_gain":0.0,"max_hp_loss":0.0,"gold_gain":0.0,"event_name":"Mushrooms","player_choice":"Healed and dodged fight","floor":13.0,"gold_loss":0.0,"damage_taken":0.0,"cards_obtained":["Parasite"]},{"damage_healed":22.0,"max_hp_gain":0.0,"max_hp_loss":0.0,"gold_gain":0.0,"event_name":"The Library","player_choice":"Heal","floor":21.0,"gold_loss":0.0,"damage_taken":0.0},{"damage_healed":0.0,"max_hp_gain":0.0,"max_hp_loss":0.0,"gold_gain":0.0,"event_name":"Vampires","player_choice":"Ignored","floor":30.0,"gold_loss":0.0,"damage_taken":0.0},{"damage_healed":0.0,"max_hp_gain":0.0,"max_hp_loss":0.0,"gold_gain":0.0,"event_name":"Match and Keep!","player_choice":"2 cards matched","floor":31.0,"gold_loss":0.0,"damage_taken":0.0,"cards_obtained":["hermit:FinalCanter","Deep Breath"]},{"cards_removed":["hermit:FullyLoaded"],"damage_healed":0.0,"max_hp_gain":0.0,"max_hp_loss":0.0,"gold_gain":0.0,"event_name":"Falling","player_choice":"Removed Skill","floor":36.0,"gold_loss":0.0,"damage_taken":0.0},{"damage_healed":0.0,"max_hp_gain":0.0,"max_hp_loss":0.0,"gold_gain":0.0,"event_name":"SecretPortal","player_choice":"Ignored","floor":37.0,"gold_loss":0.0,"damage_taken":0.0},{"damage_healed":0,"gold_gain":0,"player_choice":"Paid","damage_taken":0,"relics_obtained":["Red Mask"],"max_hp_gain":0,"max_hp_loss":0,"event_name":"Tomb of Lord Red Mask","floor":50,"gold_loss":141}],"is_beta":false,"boss_relics":[{"not_picked":["Ectoplasm","Empty Cage"],"picked":"Abe\u0027s Treasure"},{"not_picked":["Tiny House","ChewingGum"],"picked":"Philosopher\u0027s Stone"}],"items_purged_floors":[2,11,44],"is_endless":false,"potions_floor_spawned":[14,16,19,27,29,35,41],"ascension_level":6}}