{"host":"J","time":1609752765,"event":{"mods":["AchievementEnabler","BaseMod","Block Reminder","Highlight Path","Minty Spire (QoL Compilation)","Permanent Neow","Quick Restart","Relic Stats","UnlockEverythingMod"],"gold_per_floor":[360,378,396,66,76,76,76,76,101,129,129,148,148,165,165,239,239,259,259,259,279,279,279],"floor_reached":22,"playtime":2435,"items_purged":["Strike_B"],"score":472,"play_id":"98fd1108-0881-4e23-b70f-a686aa9fdc3c","local_time":"20210104103245","is_ascension_mode":true,"campfire_choices":[{"data":"Tempest","floor":6.0,"key":"SMITH"},{"data":"Defragment","floor":8.0,"key":"SMITH"},{"data":"Loop","floor":11.0,"key":"SMITH"},{"floor":13.0,"key":"REST"},{"data":"Chaos","floor":15.0,"key":"SMITH"}],"circlet_count":0,"master_deck":["AscendersBane","Strike_B","Strike_B","Defend_B","Defend_B","Defend_B","Defend_B","Zap","Dualcast","Loop+1","Defragment+1","Hologram","Capacitor","Cold Snap","Tempest+1","Cold Snap","Chaos+1","Compile Driver","Seek","Barrage","Decay","BootSequence+1"],"relics":["Cracked Core","OrangePellets","Vajra","Nuclear Battery","Enchiridion"],"acts_visited":["Exordium","TheCity"],"potions_floor_usage":[16,16],"damage_taken":[{"damage":2.0,"enemies":"Cultist","floor":1.0,"turns":4.0},{"damage":2.0,"enemies":"Jaw Worm","floor":2.0,"turns":3.0},{"damage":3.0,"enemies":"2 Louse","floor":3.0,"turns":3.0},{"damage":3.0,"enemies":"Looter","floor":5.0,"turns":4.0},{"damage":28.0,"enemies":"Gremlin Nob","floor":10.0,"turns":4.0},{"damage":22.0,"enemies":"Large Slime","floor":12.0,"turns":4.0},{"damage":19.0,"enemies":"Exordium Thugs","floor":14.0,"turns":4.0},{"damage":0,"enemies":"Slime Boss","floor":16,"turns":8},{"damage":21,"enemies":"3 Byrds","floor":18,"turns":4},{"damage":5,"enemies":"Spheric Guardian","floor":21,"turns":4},{"damage":0,"enemies":"Chosen and Byrds","floor":22,"turns":3}],"seed_played":"6909584249935095568","potions_obtained":[{"floor":1.0,"key":"BlessingOfTheForge"},{"floor":2.0,"key":"Ancient Potion"},{"floor":12.0,"key":"Fire Potion"},{"floor":18,"key":"FearPotion"}],"is_trial":false,"path_per_floor":["M","M","M","$","M","R","?","R","T","E","R","M","R","M","R","B",null,"M","?","?","M","M"],"character_chosen":"DEFECT","items_purchased":["OrangePellets","Capacitor","Cold Snap"],"campfire_rested":1,"item_purchase_floors":[4,4,4],"current_hp_per_floor":[62,60,57,57,54,54,54,54,54,26,26,4,23,4,4,4,49,28,28,7,2,2,2],"gold":279,"neow_bonus":"TWO_FIFTY_GOLD","is_daily":false,"chose_seed":false,"campfire_upgraded":4,"win_rate":0.0,"timestamp":1609752765,"path_taken":["M","M","?","?","M","R","?","R","T","E","R","M","R","?","R","BOSS","M","?","?","M","M"],"items_purchased_type":["Relic","Card","Card"],"build_version":"2020-12-18","purchased_purges":1,"victory":false,"max_hp_per_floor":[64,64,64,64,64,64,64,64,64,64,64,64,64,64,64,64,64,64,64,64,64,64,64],"relic_stats":{"OrangePellets":[1],"counters":[11,45],"obtain_stats":[{"OrangePellets":4,"Vajra":10,"Enchiridion":20,"Cracked Core":0,"Nuclear Battery":17},{"OrangePellets":3,"Vajra":5,"Enchiridion":9,"Cracked Core":0,"Nuclear Battery":8},{"OrangePellets":10,"Vajra":18,"Enchiridion":38,"Cracked Core":0,"Nuclear Battery":34}]},"card_choices":[{"not_picked":["Chaos","Blizzard"],"picked":"Loop","floor":1.0},{"not_picked":["Stack","Conserve Battery"],"picked":"Defragment","floor":2.0},{"not_picked":["Sweeping Beam","Redo"],"picked":"Hologram","floor":3.0},{"not_picked":["Coolheaded","Streamline"],"picked":"Tempest","floor":5.0},{"not_picked":["Go for the Eyes","Sweeping Beam"],"picked":"Cold Snap","floor":10.0},{"not_picked":["Rebound","Force Field"],"picked":"Chaos","floor":12.0},{"not_picked":["Gash","Loop"],"picked":"Compile Driver","floor":14.0},{"not_picked":["Reboot","Hyperbeam"],"picked":"Seek","floor":16},{"not_picked":["Go for the Eyes","Beam Cell"],"picked":"Barrage","floor":18},{"not_picked":["Stack","Streamline"],"picked":"BootSequence+1","floor":21}],"player_experience":281456,"relics_obtained":[{"floor":10.0,"key":"Vajra"},{"floor":20,"key":"Enchiridion"}],"event_choices":[{"cards_removed":["Strike_B"],"damage_healed":0.0,"max_hp_gain":0.0,"max_hp_loss":0.0,"gold_gain":0.0,"event_name":"Living Wall","player_choice":"Forget","floor":7.0,"gold_loss":0.0,"damage_taken":0.0},{"damage_healed":0,"gold_gain":0,"player_choice":"Smashed Altar","damage_taken":0,"max_hp_gain":0,"max_hp_loss":0,"event_name":"Forgotten Altar","floor":19,"gold_loss":0,"cards_obtained":["Decay"]},{"damage_healed":0,"gold_gain":0,"player_choice":"Obtained Book","damage_taken":21,"max_hp_gain":0,"max_hp_loss":0,"event_name":"Cursed Tome","floor":20,"gold_loss":0}],"is_beta":true,"boss_relics":[{"not_picked":["Runic Pyramid","SlaversCollar"],"picked":"Nuclear Battery"}],"items_purged_floors":[4],"is_endless":false,"potions_floor_spawned":[1,2,12,18],"killed_by":"Chosen and Byrds","ascension_level":20}}