{"host":"f7rb14kzcw8hx1r1","time":1609800028,"event":{"mods":["BaseMod","Better Note","Better Third Choice","Colored Map","Highlight Path","Hubris","Minty Spire (QoL Compilation)","Replay The Spire","StSLib","The Forsaken"],"gold_per_floor":[118,134,134,150,164,164,198,198,198,198,212,13,13,32,32,131,131,147,147,176,203,113,113,132,161,186,7,17,44,44,56,56,160,160,173,186,186,198,217,217,233,259,285,311,311,11,11,23,23,23],"floor_reached":51,"playtime":2295,"items_purged":["Strike_B","Hologram"],"score":772,"play_id":"171b30e7-d143-4dd6-a235-41f264daccff","local_time":"20210104234028","is_ascension_mode":false,"campfire_choices":[{"data":"Capacitor","floor":6,"key":"SMITH"},{"data":"Skim","floor":8,"key":"SMITH"},{"data":"Leap","floor":10,"key":"SMITH"},{"data":"Genetic Algorithm","floor":15,"key":"SMITH"},{"floor":23,"key":"REST"},{"floor":32,"key":"DIG"},{"data":"Thunder Strike","floor":40,"key":"SMITH"},{"floor":45,"key":"REST"},{"floor":47,"key":"REST"},{"floor":49,"key":"DIG"}],"circlet_count":0,"master_deck":["Defend_B","Defend_B","Defend_B","Zap","Dualcast","Leap+1","BootSequence+1","Ball Lightning","Skim+1","Capacitor+1","Sweeping Beam","FIFO Queue","Conserve Battery","Genetic Algorithm+1","FTL","Echo Form","Ball Lightning","Barrage+1","hubris:Ukulele+1","Tempest","White Noise","Leap+1","Thunder Strike+1","ReplayTheSpireMod:Calculation Training+1","Rebound","Barrage+1","Cold Snap+1"],"relics":["Nuclear Battery","Anchor","Pear","hubris:RunicObelisk","Red Mask","Bag of Marbles","Replay:Rubber Ducky","Centennial Puzzle","Shovel","CaptainsWheel","Velvet Choker","hubris:ToyBattleship","Akabeko","Blue Doll","TheAbacus","Boot"],"acts_visited":["Exordium","TheCity","TheBeyond"],"potions_floor_usage":[16,16,29,33,38,42,50,50,50],"damage_taken":[{"damage":2,"enemies":"Jaw Worm","floor":1,"turns":4},{"damage":0,"enemies":"Cultist","floor":2,"turns":4},{"damage":0,"enemies":"Small Slimes","floor":4,"turns":3},{"damage":0,"enemies":"Exordium Wildlife","floor":5,"turns":3},{"damage":13,"enemies":"Lagavulin","floor":7,"turns":8},{"damage":0,"enemies":"Blue Slaver","floor":11,"turns":4},{"damage":0,"enemies":"2 Fungi Beasts","floor":14,"turns":4},{"damage":21,"enemies":"Hexaghost","floor":16,"turns":9},{"damage":4,"enemies":"Chosen","floor":18,"turns":5},{"damage":61,"enemies":"Masked Bandits","floor":20,"turns":6},{"damage":0,"enemies":"2 Thieves","floor":24,"turns":4},{"damage":10,"enemies":"Slavers","floor":25,"turns":6},{"damage":0,"enemies":"Snake Plant","floor":28,"turns":5},{"damage":0,"enemies":"Book of Stabbing","floor":29,"turns":5},{"damage":0,"enemies":"Shelled Parasite and Fungi","floor":31,"turns":3},{"damage":1,"enemies":"Collector","floor":33,"turns":9},{"damage":0,"enemies":"Orb Walker","floor":35,"turns":2},{"damage":6,"enemies":"3 Darklings","floor":36,"turns":5},{"damage":17,"enemies":"4 Shapes","floor":38,"turns":5},{"damage":4,"enemies":"Writhing Mass","floor":39,"turns":8},{"damage":3,"enemies":"Sphere and 2 Shapes","floor":41,"turns":4},{"damage":34,"enemies":"Reptomancer","floor":42,"turns":5},{"damage":30,"enemies":"Nemesis","floor":44,"turns":7},{"damage":0,"enemies":"Transient","floor":48,"turns":5},{"damage":4,"enemies":"Donu and Deca","floor":50,"turns":7}],"seed_played":"2362665308007564199","potions_obtained":[{"floor":5,"key":"Venom Potion"},{"floor":7,"key":"SkillPotion"},{"floor":14,"key":"FocusPotion"},{"floor":18,"key":"PotionOfCapacity"},{"floor":20,"key":"Dexterity Potion"},{"floor":28,"key":"PowerPotion"},{"floor":30,"key":"LifebloodPotion"},{"floor":30,"key":"Toxic Potion"},{"floor":36,"key":"Regen Potion"},{"floor":41,"key":"Dexterity Potion"},{"floor":48,"key":"Strength Potion"}],"is_trial":false,"path_per_floor":["M","M","?","M","M","R","E","R","T","R","M","$","?","M","R","B",null,"M","?","?","T","?","R","M","E","T","$","M","E","?","M","R_BF","B",null,"M","M","?","M","M","R","M","E","T","E","R","$","R","M","R","B",null],"character_chosen":"DEFECT","items_purchased":["FIFO Queue","Conserve Battery","hubris:Ukulele+1","Tempest","Hologram","TheAbacus","Dexterity Potion"],"campfire_rested":3,"item_purchase_floors":[12,12,27,27,27,46,46],"current_hp_per_floor":[73,73,73,73,73,73,60,60,70,70,70,70,70,70,70,49,85,81,81,20,20,20,45,45,35,35,35,35,35,35,35,35,34,85,85,79,79,62,58,58,55,33,33,3,28,28,53,53,53,49],"gold":23,"neow_bonus":"BOSS_RELIC","is_daily":false,"chose_seed":false,"campfire_upgraded":5,"win_rate":0.0,"timestamp":1609800028,"path_taken":["M","M","?","M","?","R","E","R","T","R","M","$","?","M","R","BOSS","M","?","?","?","?","R","?","E","T","$","M","E","?","M","R_BF","BOSS","M","M","?","?","M","R","M","E","T","E","R","$","R","M","R","BOSS"],"items_purchased_type":["Card","Card","Card","Card","Card","Relic","Potion"],"build_version":"2020-12-22","purchased_purges":2,"victory":true,"max_hp_per_floor":[75,75,75,75,75,75,75,75,85,85,85,85,85,85,85,85,85,85,85,85,85,85,85,85,85,85,85,85,85,85,85,85,85,85,85,85,85,85,85,85,85,85,85,85,85,85,85,85,85,85],"card_choices":[{"not_picked":["Streamline","Rebound"],"picked":"Leap","floor":1},{"not_picked":["Recycle","Leap"],"picked":"BootSequence","floor":2},{"not_picked":["Stack","Rebound"],"picked":"Skim","floor":4},{"not_picked":["Rip and Tear","Undo"],"picked":"Capacitor","floor":5},{"not_picked":["Steam","Multi-Cast","Rebound"],"picked":"SKIP","floor":7},{"not_picked":["Stack","hubris:DoWhile"],"picked":"Sweeping Beam","floor":11},{"not_picked":["Streamline","Compile Driver"],"picked":"FTL","floor":14},{"not_picked":["Reboot","Biased Cognition"],"picked":"Echo Form","floor":16},{"not_picked":["Recycle","Compile Driver","hubris:PowerSurge"],"picked":"SKIP","floor":18},{"not_picked":["Gash+1","Reprogram"],"picked":"Ball Lightning","floor":20},{"not_picked":["ReplayTheSpireMod:GoodbyeWorld","Double Energy+1"],"picked":"Barrage+1","floor":24},{"not_picked":["Force Field","Heatsinks","Chaos"],"picked":"SKIP","floor":25},{"not_picked":["Turbo","ReplayTheSpireMod:GoodbyeWorld"],"picked":"White Noise","floor":28},{"not_picked":["Redo","FIFO Queue"],"picked":"Leap+1","floor":29},{"not_picked":["Aggregate+1","Redo+1","Steam"],"picked":"SKIP","floor":31},{"not_picked":["Core Surge","Echo Form"],"picked":"Thunder Strike","floor":33},{"not_picked":["Sunder+1","Barrage"],"picked":"ReplayTheSpireMod:Calculation Training+1","floor":35},{"not_picked":["ReplayTheSpireMod:System Scan+1","Hologram","ReplayTheSpireMod:GoodbyeWorld+1"],"picked":"SKIP","floor":36},{"not_picked":["Turbo+1","Aggregate"],"picked":"Barrage+1","floor":38},{"not_picked":["Reprogram+1","Go for the Eyes+1","Barrage"],"picked":"SKIP","floor":39},{"not_picked":["Scrape","Streamline+1","ReplayTheSpireMod:Repulse+1"],"picked":"SKIP","floor":41},{"not_picked":["Hologram","Barrage","Redo"],"picked":"SKIP","floor":42},{"not_picked":["Skim","Auto Shields+1","Rainbow"],"picked":"SKIP","floor":44},{"not_picked":["Steam","Sweeping Beam"],"picked":"Cold Snap+1","floor":48}],"player_experience":902574,"relics_obtained":[{"floor":7,"key":"Anchor"},{"floor":9,"key":"Pear"},{"floor":20,"key":"Red Mask"},{"floor":21,"key":"Bag of Marbles"},{"floor":25,"key":"Replay:Rubber Ducky"},{"floor":26,"key":"Centennial Puzzle"},{"floor":29,"key":"Shovel"},{"floor":32,"key":"CaptainsWheel"},{"floor":42,"key":"hubris:ToyBattleship"},{"floor":43,"key":"Akabeko"},{"floor":44,"key":"Blue Doll"},{"floor":49,"key":"Boot"}],"event_choices":[{"damage_healed":0,"gold_gain":0,"cards_transformed":["Strike_B"],"player_choice":"Transformed","damage_taken":0,"max_hp_gain":0,"max_hp_loss":0,"event_name":"Transmorgrifier","floor":3,"gold_loss":0,"cards_obtained":["Ball Lightning"]},{"damage_healed":0,"gold_gain":0,"cards_transformed":["Strike_B"],"player_choice":"Change","damage_taken":0,"max_hp_gain":0,"max_hp_loss":0,"event_name":"Living Wall","floor":13,"gold_loss":0,"cards_obtained":["Genetic Algorithm"]},{"cards_removed":["Skim"],"damage_healed":0,"gold_gain":0,"player_choice":"Give","damage_taken":0,"max_hp_gain":0,"max_hp_loss":0,"event_name":"betterNote:BetterNote","floor":19,"gold_loss":0,"cards_obtained":["theForsaken:Smite"]},{"damage_healed":0,"gold_gain":0,"player_choice":"Fought Bandits","damage_taken":0,"max_hp_gain":0,"max_hp_loss":0,"event_name":"Masked Bandits","floor":20,"gold_loss":0},{"cards_removed":["Strike_B"],"damage_healed":0,"gold_gain":0,"player_choice":"Upgrade and Remove","damage_taken":0,"max_hp_gain":0,"max_hp_loss":0,"event_name":"Designer","floor":22,"gold_loss":90,"cards_upgraded":["BootSequence"]},{"damage_healed":0,"gold_gain":0,"player_choice":"Got Potions","damage_taken":0,"max_hp_gain":0,"max_hp_loss":0,"event_name":"Lab","floor":30,"gold_loss":0},{"damage_healed":0,"gold_gain":0,"cards_transformed":["Defend_B"],"player_choice":"Transformed","damage_taken":0,"max_hp_gain":0,"max_hp_loss":0,"event_name":"Transmorgrifier","floor":37,"gold_loss":0,"cards_obtained":["Rebound"]}],"is_beta":false,"boss_relics":[{"not_picked":["ReplayTheSpireMod:DimensionalGlitch","hubris:CrackedHourglass"],"picked":"hubris:RunicObelisk"},{"not_picked":["Replay:Bronze Core","Ring of Chaos"],"picked":"Velvet Choker"}],"items_purged_floors":[12,46],"is_endless":false,"potions_floor_spawned":[5,7,14,18,20,28,36,41,48],"ascension_level":0}}