{"host":"e52c7hvho6xny3hd","time":1609737035,"event":{"mods":["AchievementEnabler","BaseMod","Colored Map","DeckTracker","Minty Spire (QoL Compilation)","Permanent Neow","StSLib"],"gold_per_floor":[215,39,39,114,134,134,151,171,171,171,171,184,197,207,207,307,307,317,317,337,337,350,350,350],"floor_reached":23,"playtime":1034,"items_purged":[],"score":250,"play_id":"61cc7987-0b29-46b0-af2e-72c97c63c4c7","local_time":"20210104141035","is_ascension_mode":true,"campfire_choices":[{"data":"Zap","floor":6.0,"key":"SMITH"},{"floor":11.0,"key":"REST"},{"data":"Capacitor","floor":15.0,"key":"SMITH"}],"circlet_count":0,"master_deck":["Strike_B","Strike_B+1","Strike_B","Strike_B","Defend_B","Defend_B","Defend_B+1","Defend_B","Zap+1","Dualcast","Coolheaded","Cold Snap","Capacitor+1","Leap","Ball Lightning","Doom and Gloom","Conserve Battery","Fission","Self Repair","Rainbow"],"relics":["Cracked Core","Runic Capacitor","Kunai","Sozu","Nloth\u0027s Gift"],"acts_visited":["Exordium","TheCity"],"potions_floor_usage":[],"damage_taken":[{"damage":0.0,"enemies":"Cultist","floor":1.0,"turns":3.0},{"damage":8.0,"enemies":"Small Slimes","floor":5.0,"turns":5.0},{"damage":0.0,"enemies":"2 Louse","floor":7.0,"turns":4.0},{"damage":8.0,"enemies":"Lots of Slimes","floor":8.0,"turns":6.0},{"damage":6.0,"enemies":"3 Louse","floor":12.0,"turns":5.0},{"damage":0.0,"enemies":"Large Slime","floor":13.0,"turns":4.0},{"damage":7.0,"enemies":"Looter","floor":14.0,"turns":3.0},{"damage":15,"enemies":"The Guardian","floor":16,"turns":11},{"damage":2,"enemies":"Chosen","floor":18,"turns":5},{"damage":21,"enemies":"Spheric Guardian","floor":20,"turns":6},{"damage":26,"enemies":"Snake Plant","floor":22,"turns":6},{"damage":26,"enemies":"Gremlin Leader","floor":23,"turns":2}],"seed_played":"-1397513071633728932","potions_obtained":[{"floor":5.0,"key":"CultistPotion"},{"floor":12.0,"key":"SneckoOil"},{"floor":13.0,"key":"Dexterity Potion"}],"is_trial":false,"path_per_floor":["M","$","?","?","M","R","M","M","T","?","R","M","M","M","R","B",null,"M","?","M","?","M","E"],"character_chosen":"DEFECT","items_purchased":["Runic Capacitor","Cold Snap"],"campfire_rested":1,"item_purchase_floors":[2,2],"current_hp_per_floor":[68,68,56,45,37,37,37,29,29,14,36,30,30,23,23,8,58,56,56,42,42,23,0,0],"gold":350,"neow_bonus":"HUNDRED_GOLD","is_daily":false,"chose_seed":false,"campfire_upgraded":2,"win_rate":0.0,"timestamp":1609737035,"path_taken":["M","$","?","?","M","R","M","M","T","?","R","M","M","M","R","BOSS","M","?","M","?","?","E"],"items_purchased_type":["Relic","Card"],"build_version":"2020-12-22","purchased_purges":0,"victory":false,"max_hp_per_floor":[75,75,75,75,75,75,75,75,75,75,75,75,75,75,75,75,75,75,75,75,75,75,75,75],"card_choices":[{"not_picked":["Conserve Battery","Aggregate"],"picked":"Coolheaded","floor":1.0},{"not_picked":["Ball Lightning","Gash"],"picked":"Capacitor","floor":5.0},{"not_picked":["Hologram","Steam"],"picked":"Leap","floor":7.0},{"not_picked":["Go for the Eyes","Leap"],"picked":"Ball Lightning","floor":8.0},{"not_picked":["Rebound","Sweeping Beam"],"picked":"Doom and Gloom","floor":12.0},{"not_picked":["All For One","Melter"],"picked":"Conserve Battery","floor":13.0},{"not_picked":["Barrage","Force Field","Stack"],"picked":"SKIP","floor":14.0},{"not_picked":["Seek","Reboot"],"picked":"Fission","floor":16},{"not_picked":["Stack","Conserve Battery","Recycle"],"picked":"SKIP","floor":18},{"not_picked":["Lockon","Ball Lightning","Go for the Eyes"],"picked":"SKIP","floor":20},{"not_picked":["Compile Driver","Leap+1"],"picked":"Rainbow","floor":22}],"player_experience":612378,"relics_obtained":[{"floor":9.0,"key":"Kunai"}],"event_choices":[{"damage_healed":0.0,"max_hp_gain":0.0,"max_hp_loss":0.0,"gold_gain":0.0,"event_name":"Scrap Ooze","player_choice":"Success","floor":3.0,"gold_loss":0.0,"damage_taken":12.0,"relics_obtained":["MealTicket"]},{"damage_healed":0.0,"max_hp_gain":0.0,"max_hp_loss":0.0,"gold_gain":75.0,"event_name":"World of Goop","player_choice":"Gather Gold","floor":4.0,"gold_loss":0.0,"damage_taken":11.0},{"damage_healed":0.0,"max_hp_gain":0.0,"max_hp_loss":0.0,"gold_gain":0.0,"event_name":"Shining Light","player_choice":"Entered Light","floor":10.0,"gold_loss":0.0,"damage_taken":15.0,"cards_upgraded":["Strike_B","Defend_B"]},{"damage_healed":0,"gold_gain":0,"player_choice":"Read","damage_taken":0,"max_hp_gain":0,"max_hp_loss":0,"event_name":"The Library","floor":19,"gold_loss":0,"cards_obtained":["Self Repair"]},{"damage_healed":0,"gold_gain":0,"player_choice":"Traded Relic","damage_taken":0,"relics_obtained":["Nloth\u0027s Gift"],"max_hp_gain":0,"max_hp_loss":0,"event_name":"N\u0027loth","floor":21,"relics_lost":["MealTicket"],"gold_loss":0}],"is_beta":false,"boss_relics":[{"not_picked":["Tiny House","Velvet Choker"],"picked":"Sozu"}],"items_purged_floors":[],"is_endless":false,"potions_floor_spawned":[5,12,13,16],"killed_by":"Gremlin Leader","ascension_level":7}}