{"host":"7sy3dyg71hje4mzx","time":1609766777,"event":{"mods":["BaseMod","Downfall","Minty Spire (QoL Compilation)","StSLib"],"gold_per_floor":[99,114,127,140,140,173,173,623,269,302,302,143,74,74,84,189,189,189,204,204,204,189,201,250,250,261,281,293,305,305,305,320,320,320],"floor_reached":33,"playtime":2484,"items_purged":[],"score":307,"play_id":"cc5ed265-1e14-4838-a5aa-6963884b5912","local_time":"20210105002617","is_ascension_mode":false,"campfire_choices":[{"floor":1,"key":"RECALL"},{"floor":11,"key":"REST"},{"data":"sneckomod:Nope","floor":18,"key":"SMITH"},{"data":"sneckomod:UnlimitedRolls","floor":25,"key":"SMITH"},{"floor":30,"key":"REST"}],"circlet_count":0,"master_deck":["sneckomod:Strike","sneckomod:Strike","sneckomod:Strike","sneckomod:Defend","sneckomod:Defend","sneckomod:Defend","sneckomod:TailWhip","sneckomod:SnekBite","sneckomod:Unknown","sneckomod:Unknown","sneckomod:SoulRoll","sneckomod:QuickBite","sneckomod:WideSting","sneckomod:ImprovisedGuard","Slimebound:Icky","Slimebound:Icky","Slimebound:Icky","sneckomod:PureSnecko","sneckomod:CheapStock","sneckomod:Nope+1","sneckomod:DiceBlock","sneckomod:UnknownClassHEXA_GHOST_PURPLE","sneckomod:UnknownBlock","sneckomod:UnknownClassSLIMEBOUND","sneckomod:UnknownRareSkill","sneckomod:TrashToTreasure","sneckomod:UnlimitedRolls+1","sneckomod:SerpentIdol","expansioncontent:PolyBeam","sneckomod:SoulExchange","sneckomod:UnknownBlock+1","sneckomod:UnknownVulnerable+1","sneckomod:UnknownClassRED+1","sneckomod:UnknownClassPURPLE","sneckomod:UnknownUncommonPower","sneckomod:UnknownCommonSkill+1"],"relics":["sneckomod:SneckoSoul","downfall:ShatteredFragment","Letter Opener","Kunai","Shuriken","Nunchaku","Happy Flower","SlaversCollar","downfall:RedIOU"],"acts_visited":["Exordium","TheCity"],"potions_floor_usage":[10,16,16,22,29,33,33],"damage_taken":[{"damage":6,"enemies":"Jaw Worm","floor":2,"turns":3},{"damage":2,"enemies":"2 Louse","floor":3,"turns":3},{"damage":2,"enemies":"Small Slimes","floor":4,"turns":3},{"damage":31,"enemies":"3 Sentries","floor":6,"turns":8},{"damage":4,"enemies":"downfall:FleeingMerchant","floor":9,"turns":4},{"damage":16,"enemies":"Gremlin Nob","floor":10,"turns":4},{"damage":9,"enemies":"downfall:FleeingMerchant","floor":12,"turns":4},{"damage":10,"enemies":"downfall:FleeingMerchant","floor":13,"turns":4},{"damage":1,"enemies":"2 Fungi Beasts","floor":15,"turns":3},{"damage":17,"enemies":"downfall:Ironclad","floor":16,"turns":8},{"damage":16,"enemies":"3 Byrds","floor":19,"turns":5},{"damage":5,"enemies":"downfall:FleeingMerchant","floor":22,"turns":4},{"damage":3,"enemies":"Chosen","floor":23,"turns":5},{"damage":22,"enemies":"Snecko","floor":26,"turns":4},{"damage":1,"enemies":"Snake Plant","floor":27,"turns":3},{"damage":23,"enemies":"Chosen and Byrds","floor":28,"turns":5},{"damage":44,"enemies":"Cultist and Chosen","floor":29,"turns":7},{"damage":8,"enemies":"Shelled Parasite and Fungi","floor":32,"turns":4},{"damage":121,"enemies":"downfall:Watcher","floor":33,"turns":4}],"seed_played":"3102622336108207180","potions_obtained":[{"floor":3,"key":"champ:CounterPotion"},{"floor":10,"key":"ColorlessPotion"},{"floor":15,"key":"Explosive Potion"},{"floor":16,"key":"sneckomod:MuddlingPotion"},{"floor":19,"key":"FearPotion"},{"floor":26,"key":"EntropicBrew"}],"is_trial":false,"path_per_floor":["R","M","M","M","?","E","T","?","$","E","R","$","$","?","M","B",null,"R","M","?","?","$","M","T","R","M","M","M","M","R","?","M","B"],"character_chosen":"THE_SNECKO","items_purchased":["Shuriken","sneckomod:CheapStock","Art of War","sneckomod:UnknownBlock"],"campfire_rested":2,"item_purchase_floors":[9,9,12,13],"current_hp_per_floor":[99,93,91,89,68,37,37,37,33,17,46,37,29,26,26,10,103,103,87,87,87,82,80,80,80,73,73,53,10,42,78,75,0,0],"gold":320,"neow_bonus":"TEN_PERCENT_HP_BONUS","is_daily":false,"chose_seed":false,"campfire_upgraded":2,"win_rate":0.0,"timestamp":1609766777,"path_taken":["R","M","M","M","?","E","T","?","$","E","R","?","$","?","M","BOSS","R","M","?","?","$","M","T","R","?","M","M","M","R","?","M","BOSS"],"items_purchased_type":["Relic","Card","Relic","Card"],"build_version":"2020-12-22","purchased_purges":0,"victory":false,"max_hp_per_floor":[99,99,99,99,99,99,99,99,99,99,99,99,101,101,102,103,103,103,103,103,103,103,104,104,104,105,106,107,108,108,108,109,109,109],"card_choices":[{"not_picked":["sneckomod:Nope","sneckomod:SoulDraw"],"picked":"sneckomod:SoulRoll","floor":2},{"not_picked":["sneckomod:UnknownStrike","sneckomod:MasterEye"],"picked":"sneckomod:QuickBite","floor":3},{"not_picked":["sneckomod:DiceCrush","sneckomod:IronFang"],"picked":"sneckomod:WideSting","floor":4},{"not_picked":["sneckomod:WideSting","sneckomod:QuickBite"],"picked":"sneckomod:ImprovisedGuard","floor":6},{"not_picked":["sneckomod:UnknownClassGUARDIAN","sneckomod:DiceBoulder"],"picked":"sneckomod:PureSnecko","floor":9},{"not_picked":["sneckomod:Cheat","sneckomod:Unknown0Cost"],"picked":"sneckomod:Nope","floor":10},{"not_picked":["sneckomod:UnlimitedRolls","sneckomod:UnknownCommonAttack"],"picked":"sneckomod:DiceBlock","floor":12},{"not_picked":["sneckomod:UnknownWeak","sneckomod:QuickBite"],"picked":"sneckomod:UnknownClassHEXA_GHOST_PURPLE","floor":13},{"not_picked":["sneckomod:DiceCrush","sneckomod:Unknown0Cost"],"picked":"sneckomod:UnknownClassSLIMEBOUND","floor":15},{"not_picked":["sneckomod:DangerNoodle","sneckomod:Unknown3Cost"],"picked":"sneckomod:UnknownRareSkill","floor":16},{"not_picked":["sneckomod:UnknownWeak","sneckomod:UnknownClassRED+1"],"picked":"sneckomod:TrashToTreasure","floor":19},{"not_picked":["sneckomod:DiceBlock+1","sneckomod:Unknown1Cost"],"picked":"sneckomod:SoulExchange","floor":22},{"not_picked":["sneckomod:Unknown1Cost","sneckomod:UnknownVulnerable+1"],"picked":"sneckomod:UnknownBlock+1","floor":23},{"not_picked":["sneckomod:Unknown1Cost","sneckomod:DiceBlock"],"picked":"sneckomod:UnknownVulnerable+1","floor":26},{"not_picked":["sneckomod:UnknownUncommonAttack","sneckomod:Nope"],"picked":"sneckomod:UnknownClassRED+1","floor":27},{"not_picked":["sneckomod:UnknownCommonSkill+1","sneckomod:UnknownVulnerable"],"picked":"sneckomod:UnknownClassPURPLE","floor":28},{"not_picked":["sneckomod:RainOfDice","sneckomod:DangerNoodle"],"picked":"sneckomod:UnknownUncommonPower","floor":29},{"not_picked":["sneckomod:MasterEye","sneckomod:RainOfDice"],"picked":"sneckomod:UnknownCommonSkill+1","floor":32}],"player_experience":163832,"relics_obtained":[{"floor":6,"key":"Letter Opener"},{"floor":7,"key":"Kunai"},{"floor":10,"key":"Nunchaku"}],"event_choices":[{"damage_healed":0,"gold_gain":0,"player_choice":"Success","damage_taken":3,"relics_obtained":["Happy Flower"],"max_hp_gain":0,"max_hp_loss":0,"event_name":"Scrap Ooze","floor":14,"gold_loss":0},{"damage_healed":36,"gold_gain":0,"player_choice":"Heal","damage_taken":0,"max_hp_gain":0,"max_hp_loss":0,"event_name":"The Library","floor":31,"gold_loss":0}],"is_beta":false,"boss_relics":[{"not_picked":["downfall:Hecktoplasm","sneckomod:SuperSneckoSoul"],"picked":"SlaversCollar"}],"items_purged_floors":[],"is_endless":false,"potions_floor_spawned":[3,10,15,16,19,26],"killed_by":"downfall:Watcher","ascension_level":0}}