{"host":"lxgv1wbl12oya7hr","time":1609724936,"event":{"mods":["BaseMod","Minty Spire (QoL Compilation)","Permanent Neow","StSLib"],"gold_per_floor":[110,128,53,53,29,29,59,70,150,150,175,187,187,207,207,328,328,342,267,19,32,32,63,86,86,162,162,205,219,219,16,16,147,147,163,496,512,47,60,86,102,102,102,120,120,170,62,77,77,77,77,77,6,40,40],"floor_reached":56,"playtime":2631,"items_purged":["Shame","Defend_R","Defend_R","Strike_R"],"score":1270,"play_id":"770fa963-ac4a-49c3-9b72-6e23e19c1b54","local_time":"20210103174855","is_ascension_mode":true,"campfire_choices":[{"data":"Perfected Strike","floor":6.0,"key":"SMITH"},{"data":"Perfected Strike","floor":15.0,"key":"SMITH"},{"data":"Double Tap","floor":25.0,"key":"SMITH"},{"data":"Shockwave","floor":27.0,"key":"SMITH"},{"data":"Wild Strike","floor":30.0,"key":"SMITH"},{"floor":32.0,"key":"RECALL"},{"data":"Enlightenment","floor":42,"key":"SMITH"},{"data":"Berserk","floor":45,"key":"SMITH"},{"data":"Evolve","floor":49,"key":"SMITH"},{"data":"Seeing Red","floor":52,"key":"SMITH"}],"circlet_count":0,"master_deck":["Strike_R","Strike_R","Strike_R","Strike_R","Bash","Perfected Strike+1","Cleave","Shockwave+1","Perfected Strike+1","Perfected Strike+1","Metallicize","Wild Strike","Double Tap+1","Rage+1","Wild Strike+1","Pommel Strike","Anger","Metallicize","Shrug It Off","Seeing Red+1","Impervious","Evolve+1","Enlightenment+1","Berserk+1","Pommel Strike+1","Shrug It Off+1","Rampage+1","Evolve+1","Flame Barrier"],"relics":["Burning Blood","Pocketwatch","Vajra","Self Forming Clay","Dream Catcher","Coffee Dripper","Sling","Omamori","Lizard Tail","Busted Crown","Bag of Preparation","Juzu Bracelet","Molten Egg 2","Shovel","Champion Belt"],"acts_visited":["Exordium","TheCity","TheBeyond","TheEnding"],"potions_floor_usage":[41,44,48,55],"damage_taken":[{"damage":6.0,"enemies":"Cultist","floor":1.0,"turns":3.0},{"damage":14.0,"enemies":"Jaw Worm","floor":2.0,"turns":4.0},{"damage":36.0,"enemies":"Lagavulin","floor":7.0,"turns":6.0},{"damage":1.0,"enemies":"2 Louse","floor":8.0,"turns":2.0},{"damage":6.0,"enemies":"Gremlin Nob","floor":11.0,"turns":3.0},{"damage":12.0,"enemies":"Blue Slaver","floor":12.0,"turns":2.0},{"damage":6.0,"enemies":"3 Louse","floor":14.0,"turns":3.0},{"damage":20.0,"enemies":"The Guardian","floor":16.0,"turns":8.0},{"damage":5.0,"enemies":"3 Byrds","floor":18.0,"turns":4.0},{"damage":0.0,"enemies":"Spheric Guardian","floor":21.0,"turns":2.0},{"damage":8.0,"enemies":"Book of Stabbing","floor":23.0,"turns":3.0},{"damage":12.0,"enemies":"Centurion and Healer","floor":24.0,"turns":3.0},{"damage":19.0,"enemies":"Slavers","floor":28.0,"turns":2.0},{"damage":0.0,"enemies":"3 Cultists","floor":29.0,"turns":3.0},{"damage":13.0,"enemies":"Automaton","floor":33.0,"turns":6.0},{"damage":0.0,"enemies":"Orb Walker","floor":35.0,"turns":1.0},{"damage":13.0,"enemies":"3 Shapes","floor":37.0,"turns":3.0},{"damage":0.0,"enemies":"Jaw Worm Horde","floor":39.0,"turns":4.0},{"damage":2.0,"enemies":"Nemesis","floor":40.0,"turns":5.0},{"damage":0,"enemies":"Writhing Mass","floor":41,"turns":3},{"damage":1,"enemies":"Sphere and 2 Shapes","floor":44,"turns":3},{"damage":7,"enemies":"Mind Bloom Boss Battle","floor":46,"turns":4},{"damage":0,"enemies":"Spire Growth","floor":48,"turns":2},{"damage":73,"enemies":"Donu and Deca","floor":50,"turns":8},{"damage":64,"enemies":"Shield and Spear","floor":54,"turns":5},{"damage":83,"enemies":"The Heart","floor":55,"turns":8}],"seed_played":"1472702036711867069","potions_obtained":[{"floor":1.0,"key":"ElixirPotion"},{"floor":7.0,"key":"ColorlessPotion"},{"floor":11.0,"key":"GamblersBrew"},{"floor":12.0,"key":"Regen Potion"},{"floor":16.0,"key":"EssenceOfSteel"},{"floor":23.0,"key":"BlessingOfTheForge"},{"floor":24.0,"key":"Energy Potion"},{"floor":33.0,"key":"Fire Potion"},{"floor":37.0,"key":"AttackPotion"},{"floor":39.0,"key":"PowerPotion"},{"floor":40.0,"key":"LiquidBronze"},{"floor":41,"key":"LiquidMemories"}],"is_trial":false,"path_per_floor":["M","M","$","?","$","R","E","M","T","?","E","M","?","M","R","B",null,"M","?","$","M","?","E","M","R","T","R","E","M","R","$","R","B",null,"M","?","M","$","M","E","M","R","T","M","R","?","$","M","R","B",null,"R","$","E","B",null],"character_chosen":"IRONCLAD","items_purchased":["Cleave","Sling","Seeing Red","Bag of Preparation","Enlightenment","Berserk","Rampage+1","Evolve","Flame Barrier"],"campfire_rested":0,"item_purchase_floors":[5,20,31,38,38,38,47,47,53],"current_hp_per_floor":[80,72,72,64,64,64,34,39,39,39,39,33,33,33,33,34,74,74,74,74,74,74,72,66,66,66,66,53,59,59,59,59,52,74,74,74,67,67,73,74,74,74,74,74,74,73,73,74,74,7,74,74,74,16,14],"gold":40,"neow_bonus":"ONE_RARE_RELIC","is_daily":false,"chose_seed":false,"campfire_upgraded":9,"win_rate":0.0,"timestamp":1609724935,"path_taken":["M","?","$","?","?","R","E","M","T","?","E","M","?","M","R","BOSS","M","?","$","M","?","E","M","R","T","R","E","?","R","$","R","BOSS","M","?","M","$","M","E","M","R","T","M","R","?","$","M","R","BOSS","R","$","E","BOSS"],"items_purchased_type":["Card","Relic","Card","Relic","Card","Card","Card","Card","Card"],"build_version":"2020-12-22","purchased_purges":4,"victory":true,"max_hp_per_floor":[80,80,80,80,80,80,80,80,80,80,80,80,74,74,74,74,74,74,74,74,74,74,74,74,74,74,74,74,74,74,74,74,74,74,74,74,74,74,74,74,74,74,74,74,74,74,74,74,74,74,74,74,74,74,74],"card_choices":[{"not_picked":["Clash","Entrench"],"picked":"Perfected Strike","floor":1.0},{"not_picked":["Body Slam","Anger","Wild Strike"],"picked":"SKIP","floor":2.0},{"not_picked":["Havoc","Intimidate"],"picked":"Shockwave","floor":7.0},{"not_picked":["Demon Form","Thunderclap"],"picked":"Perfected Strike","floor":8.0},{"not_picked":["Shrug It Off","Rupture"],"picked":"Perfected Strike","floor":11.0},{"not_picked":["Evolve","Cleave"],"picked":"Metallicize","floor":12.0},{"not_picked":["Havoc","Armaments"],"picked":"Wild Strike","floor":14.0},{"not_picked":["Brutality","Feed"],"picked":"Double Tap","floor":16.0},{"not_picked":["Pommel Strike","Anger+1"],"picked":"Rage+1","floor":18.0},{"not_picked":["Cleave","Clash"],"picked":"Wild Strike","floor":21.0},{"not_picked":["Shrug It Off","Immolate"],"picked":"Pommel Strike","floor":23.0},{"not_picked":["Armaments","Evolve"],"picked":"Anger","floor":24.0},{"not_picked":["Iron Wave","Searing Blow"],"picked":"Metallicize","floor":28.0},{"not_picked":["True Grit","Sword Boomerang"],"picked":"Shrug It Off","floor":29.0},{"not_picked":["Corruption","Fiend Fire"],"picked":"Impervious","floor":33.0},{"not_picked":["Hemokinesis"],"picked":"SKIP","floor":35.0},{"not_picked":[],"picked":"Evolve+1","floor":37.0},{"not_picked":[],"picked":"Pommel Strike+1","floor":39.0},{"not_picked":["Sever Soul+1"],"picked":"SKIP","floor":40.0},{"not_picked":["Clothesline"],"picked":"SKIP","floor":41},{"not_picked":[],"picked":"Shrug It Off+1","floor":44},{"not_picked":["Flex"],"picked":"SKIP","floor":48},{"not_picked":["Battle Trance"],"picked":"SKIP","floor":54}],"player_experience":2238676,"relics_obtained":[{"floor":7.0,"key":"Vajra"},{"floor":9.0,"key":"Self Forming Clay"},{"floor":11.0,"key":"Dream Catcher"},{"floor":23.0,"key":"Omamori"},{"floor":28.0,"key":"Lizard Tail"},{"floor":40.0,"key":"Juzu Bracelet"},{"floor":43,"key":"Molten Egg 2"},{"floor":46,"key":"Shovel"},{"floor":54,"key":"Champion Belt"}],"event_choices":[{"damage_healed":0.0,"max_hp_gain":0.0,"max_hp_loss":0.0,"gold_gain":0.0,"event_name":"Wheel of Change","player_choice":"Damaged","floor":4.0,"gold_loss":0.0,"damage_taken":8.0},{"damage_healed":0.0,"max_hp_gain":0.0,"max_hp_loss":0.0,"gold_gain":0.0,"event_name":"Living Wall","player_choice":"Grow","floor":10.0,"gold_loss":0.0,"damage_taken":0.0,"cards_upgraded":["Perfected Strike"]},{"damage_healed":0.0,"max_hp_gain":0.0,"max_hp_loss":6.0,"gold_gain":0.0,"event_name":"Golden Idol","player_choice":"Lose Max HP","floor":13.0,"gold_loss":0.0,"damage_taken":0.0,"relics_obtained":["Golden Idol"]},{"cards_removed":["Defend_R"],"damage_healed":0.0,"max_hp_gain":0.0,"max_hp_loss":0.0,"gold_gain":0.0,"event_name":"Beggar","player_choice":"Gave Gold","floor":19.0,"gold_loss":75.0,"damage_taken":0.0},{"cards_removed":["Defend_R"],"damage_healed":0.0,"max_hp_gain":0.0,"max_hp_loss":0.0,"gold_gain":0.0,"event_name":"Wheel of Change","player_choice":"Card Removal","floor":22.0,"gold_loss":0.0,"damage_taken":0.0},{"damage_healed":0.0,"max_hp_gain":0.0,"max_hp_loss":0.0,"gold_gain":333.0,"event_name":"The Moai Head","player_choice":"Gave Idol","floor":36.0,"relics_lost":["Golden Idol"],"gold_loss":0.0,"damage_taken":0.0},{"damage_healed":0,"gold_gain":0,"player_choice":"Fight","damage_taken":0,"max_hp_gain":0,"max_hp_loss":0,"event_name":"MindBloom","floor":46,"gold_loss":0}],"is_beta":false,"boss_relics":[{"not_picked":["SacredBark","Empty Cage"],"picked":"Coffee Dripper"},{"not_picked":["Black Blood","Runic Cube"],"picked":"Busted Crown"}],"items_purged_floors":[3,20,31,38],"is_endless":false,"potions_floor_spawned":[1,7,11,12,16,23,24,33,37,39,40,41],"ascension_level":1}}