{"host":"nox","time":1609765522,"event":{"mods":["Act Like it!","Aspiration","BaseMod","Better Altar","Better Match","Better Note","Better Sensory Stone","Better Skull","Better Third Choice","BetterRewards","Colored Powertips","Conspire","Energized Spire","GifTheSpireLib","Hubris","Infinite Spire","Minty Spire (QoL Compilation)","Pale of the Ancients","Quick Restart","Rare Cards Sparkle","Replay The Spire","Shop Mod","Spikes Relics","StSLib","Stuff the Spire","SuperFastMode","The Alterego","vexMod"],"gold_per_floor":[109,284,65,83,83,110,110,124,124,136,164,41,41,92,92,196,196,261,261,278,278,321,321,321,321],"floor_reached":24,"playtime":938,"items_purged":["Doubt"],"score":344,"play_id":"21e7e331-6af1-4e17-925e-47bfe11328a4","local_time":"20210104200522","is_ascension_mode":true,"campfire_choices":[{"data":"StuffTheSpire:RockThrow","floor":7.0,"key":"SMITH"},{"data":"infinitespire:Collect","floor":23,"key":"SMITH"}],"circlet_count":0,"master_deck":["AscendersBane","Strike_R","Strike_R","Strike_R","Strike_R","Strike_R","Defend_R+1","Defend_R","Defend_R+1","Defend_R","Bash","Flex","StuffTheSpire:RockThrow+1","conspire:Charge","ReplayTheSpireMod:Strike From Hell","StuffTheSpire:RockThrow","HandOfGreed+1","PlatinumSkin","conspire:HitWhereItHurts","StuffTheSpire:Slingshot+1","infinitespire:Collect+1","Absolvement","conspire:Purge"],"relics":["Burning Blood","War Paint","conspire:GlowingRock","Pear","hubris:SphereOfDissonance","ReplayTheSpireMod:ShopPack","Sandwich","Medical Kit","Pen Nib","hubris:KleinBottle"],"acts_visited":["Exordium","TheCity"],"potions_floor_usage":[],"damage_taken":[{"damage":6.0,"enemies":"2 Louse","floor":1.0,"turns":3.0},{"damage":2.0,"enemies":"Jaw Worm","floor":4.0,"turns":5.0},{"damage":23.0,"enemies":"Gremlin Nob","floor":6.0,"turns":4.0},{"damage":6.0,"enemies":"Cultist","floor":8.0,"turns":3.0},{"damage":4.0,"enemies":"Lots of Slimes","floor":10.0,"turns":3.0},{"damage":27.0,"enemies":"3 Sentries","floor":11.0,"turns":8.0},{"damage":37.0,"enemies":"Gremlin Gang","floor":14.0,"turns":5.0},{"damage":41.0,"enemies":"The Guardian","floor":16.0,"turns":8.0},{"damage":14,"enemies":"3 Byrds","floor":18,"turns":6},{"damage":4,"enemies":"Chosen","floor":20,"turns":2},{"damage":1,"enemies":"Snecko","floor":22,"turns":2},{"damage":50,"enemies":"Book of Stabbing","floor":24,"turns":3}],"seed_played":"-8949602480462684655","potions_obtained":[{"floor":1.0,"key":"Explosive Potion"},{"floor":4.0,"key":"Reflective Coating"},{"floor":8.0,"key":"ColorlessPotion"},{"floor":10.0,"key":"SkillPotion"},{"floor":11.0,"key":"SpeedPotion"}],"is_trial":false,"path_per_floor":["M","?","$","M","?","E","R","M","T","M","E","$","$","M","R","B",null,"M","$","M","?","M","R","E"],"character_chosen":"IRONCLAD","items_purchased":["War Paint","ReplayTheSpireMod:ShopPack","Medical Kit","Pen Nib","hubris:KleinBottle"],"campfire_rested":0,"item_purchase_floors":[3,12,19,19,19],"current_hp_per_floor":[80,80,80,84,88,71,71,71,81,83,62,62,62,31,60,25,80,72,33,35,35,40,40,0,0],"gold":321,"neow_bonus":"TEN_PERCENT_HP_BONUS","is_daily":false,"chose_seed":false,"campfire_upgraded":2,"win_rate":0.0,"timestamp":1609765522,"path_taken":["M","?","$","M","?","E","R","M","T","M","E","?","$","M","R","BOSS","M","?","M","?","M","R","E"],"items_purchased_type":["Relic","Relic","Relic","Relic","Relic"],"build_version":"2020-11-17","purchased_purges":1,"victory":false,"max_hp_per_floor":[88,88,88,88,88,88,88,88,98,98,98,98,98,98,98,98,98,98,98,98,98,98,98,98,98],"card_choices":[{"not_picked":["ReplayTheSpireMod:LeadingStrike","Disarm"],"picked":"Twin Strike","floor":1.0},{"not_picked":["Run Through","Iron Wave"],"picked":"Flex","floor":4.0},{"not_picked":["Armaments","Replay:Undeath\u0027s Touch"],"picked":"StuffTheSpire:RockThrow","floor":6.0},{"not_picked":["StuffTheSpire:BloodClot","Seeing Red"],"picked":"conspire:Charge","floor":8.0},{"not_picked":["Body Slam","StuffTheSpire:Pyroclast"],"picked":"ReplayTheSpireMod:Strike From Hell","floor":10.0},{"not_picked":["Dark Embrace","Anger"],"picked":"StuffTheSpire:RockThrow","floor":11.0},{"not_picked":["ReplayUltimateDefense","Sadistic Nature"],"picked":"HandOfGreed","floor":12.0},{"not_picked":["Enlightenment","Reforge"],"picked":"PlatinumSkin","floor":12.0},{"not_picked":["Reckless Charge","Heavy Blade","Twin Strike"],"picked":"SKIP","floor":14.0},{"not_picked":["Brutality","Feed"],"picked":"conspire:HitWhereItHurts","floor":16.0},{"not_picked":["Havoc","Flex+1"],"picked":"StuffTheSpire:Slingshot","floor":18},{"not_picked":["infinitespire:Gouge","infinitespire:Menacing"],"picked":"infinitespire:Collect","floor":19},{"not_picked":["Replay:Undeath\u0027s Touch","Invigoration+1"],"picked":"Absolvement","floor":20},{"not_picked":["Replay:Undeath\u0027s Touch","ReplayTheSpireMod:Muscle Training"],"picked":"conspire:Purge","floor":22}],"player_experience":306199,"relics_obtained":[{"floor":6.0,"key":"conspire:GlowingRock"},{"floor":9.0,"key":"Pear"},{"floor":11.0,"key":"hubris:SphereOfDissonance"}],"event_choices":[{"damage_healed":0.0,"max_hp_gain":0.0,"max_hp_loss":0.0,"gold_gain":175.0,"event_name":"betterThird:BetterSerpent","player_choice":"AGREE","floor":2.0,"gold_loss":0.0,"damage_taken":109.0},{"damage_healed":0,"gold_gain":0,"player_choice":"Upgraded","damage_taken":0,"max_hp_gain":0,"max_hp_loss":0,"event_name":"Upgrade Shrine","floor":21,"gold_loss":0,"cards_upgraded":["StuffTheSpire:Slingshot"]}],"is_beta":true,"boss_relics":[{"not_picked":["vexMod:MysteryBossChallenge","aspiration:SecretTechniqueScroll"],"picked":"Sandwich"}],"items_purged_floors":[3],"is_endless":false,"potions_floor_spawned":[1,4,8,10,11,22],"killed_by":"Book of Stabbing","ascension_level":11}}