{"host":"u0qetpmu4y58k1tf","time":1609775263,"event":{"mods":["AchievementEnabler","BaseMod","Colored Map","Colored Powertips","Hermit","Marisa£¨Ùöéë¡¡Øª×âÞÞ£©","Minty Spire (QoL Compilation)","Replay The Spire","StSLib","SuperFastMode","The Bug Knight","The Cursed","The Hierophant","The Runesmith"],"gold_per_floor":[110,128,53,53,17,50,50,70,117,133,151,151,151,166,166,269,269,269,269],"floor_reached":18,"playtime":739,"items_purged":["Defend_P"],"score":187,"play_id":"6cf78863-0570-42f8-8b4a-6ae9a3c8fd5c","local_time":"20210105004743","is_ascension_mode":false,"campfire_choices":[{"data":"Adaptation","floor":7,"key":"SMITH"},{"data":"Judgement","floor":13,"key":"SMITH"},{"data":"Eruption","floor":15,"key":"SMITH"}],"circlet_count":0,"master_deck":["Strike_P","Strike_P","Strike_P","Defend_P","Defend_P","Defend_P","Eruption+1","Vigilance","JustLucky","TalkToTheHand","Adaptation+1","InnerPeace","Swivel","Judgement+1","EmptyMind","Decay","JustLucky","MasterReality"],"relics":["HolyWater","NeowsBlessing","MealTicket","Blue Doll"],"acts_visited":["Exordium","TheCity"],"potions_floor_usage":[16,16,16],"damage_taken":[{"damage":0,"enemies":"2 Louse","floor":1,"turns":1},{"damage":0,"enemies":"Cultist","floor":2,"turns":1},{"damage":0,"enemies":"Lagavulin","floor":6,"turns":1},{"damage":6,"enemies":"Jaw Worm","floor":8,"turns":3},{"damage":14,"enemies":"Lots of Slimes","floor":10,"turns":5},{"damage":15,"enemies":"Blue Slaver","floor":11,"turns":3},{"damage":0,"enemies":"Exordium Thugs","floor":14,"turns":4},{"damage":40,"enemies":"Fading Forest","floor":16,"turns":11},{"damage":0,"enemies":"2 Thieves","floor":18,"turns":1}],"seed_played":"4896963680427657606","potions_obtained":[{"floor":2,"key":"BlessingOfTheForge"},{"floor":10,"key":"EssenceOfSteel"},{"floor":14,"key":"SteroidPotion"},{"floor":16,"key":"Dexterity Potion"}],"is_trial":false,"path_per_floor":["M","M","$","?","$","E","R","M","T","M","M","?","R","M","R","B",null,"M"],"character_chosen":"WATCHER","items_purchased":["Adaptation"],"campfire_rested":0,"item_purchase_floors":[5],"current_hp_per_floor":[72,72,72,72,72,72,72,66,66,52,37,37,37,37,37,7,72,72,72],"gold":269,"neow_bonus":"THREE_ENEMY_KILL","is_daily":false,"chose_seed":false,"campfire_upgraded":3,"win_rate":0.0,"timestamp":1609775263,"path_taken":["M","M","$","?","$","E","R","M","T","?","M","?","R","?","R","BOSS","M"],"items_purchased_type":["Card"],"build_version":"2020-12-22","purchased_purges":1,"victory":false,"max_hp_per_floor":[72,72,72,72,72,72,72,72,72,72,72,72,72,72,72,72,72,72,72],"card_choices":[{"not_picked":["CrushJoints","PathToVictory"],"picked":"JustLucky","floor":1},{"not_picked":["SashWhip","PathToVictory"],"picked":"TalkToTheHand","floor":2},{"not_picked":["SignatureMove","CrushJoints"],"picked":"InnerPeace","floor":6},{"not_picked":["SashWhip","PathToVictory"],"picked":"Swivel","floor":8},{"not_picked":["WreathOfFlame","EmptyBody"],"picked":"Judgement","floor":10},{"not_picked":["Consecrate","EmptyBody"],"picked":"EmptyMind","floor":11},{"not_picked":["Crescendo","BowlingBash"],"picked":"JustLucky","floor":14},{"not_picked":["Vault","Ragnarok"],"picked":"MasterReality","floor":16}],"player_experience":17726,"relics_obtained":[{"floor":6,"key":"MealTicket"},{"floor":9,"key":"Blue Doll"}],"event_choices":[{"cards_removed":["Strike_P"],"damage_healed":0,"gold_gain":0,"player_choice":"Offered Basic","damage_taken":0,"max_hp_gain":0,"max_hp_loss":0,"event_name":"Bonfire Elementals","floor":4,"gold_loss":0},{"damage_healed":0,"gold_gain":0,"player_choice":"Cursed","damage_taken":0,"max_hp_gain":0,"max_hp_loss":0,"event_name":"Wheel of Change","floor":12,"gold_loss":0,"cards_obtained":["Decay"]}],"is_beta":false,"boss_relics":[{"not_picked":["Abe\u0027s Treasure","Painkiller Herb"],"picked":"HolyWater"}],"items_purged_floors":[3],"is_endless":false,"potions_floor_spawned":[2,10,14,16],"killed_by":"2 Thieves","ascension_level":0}}