{"host":"qekv59dthhdg54sz","time":1609755536,"event":{"mods":["AchievementEnabler","BaseMod","Colored Map","DeckTracker","KOR Keyword Fix","Minty Spire (QoL Compilation)","Rare Cards Sparkle","StSLib","SuperFastMode"],"gold_per_floor":[113,113,113,125,125,125,145,173,173,39,39,63,77,77,77,156,156,175,207,31,31,31,31,43,43,43,43,53,64,64,64],"floor_reached":30,"playtime":693,"items_purged":["Strike_G"],"score":492,"play_id":"b4c1d1ee-0ba7-4e3e-af2d-d5fe8511b4c5","local_time":"20210104191856","is_ascension_mode":true,"campfire_choices":[{"data":"Envenom","floor":6.0,"key":"SMITH"},{"floor":11.0,"key":"REST"},{"data":"Finisher","floor":15.0,"key":"SMITH"},{"data":"Acrobatics","floor":23.0,"key":"SMITH"},{"data":"Tactician","floor":25.0,"key":"SMITH"}],"circlet_count":0,"master_deck":["AscendersBane","Strike_G","Strike_G","Defend_G","Defend_G","Defend_G","Defend_G","Defend_G","Survivor","Neutralize","Envenom+1","Quick Slash","Backstab","Dagger Throw","Dagger Spray","PiercingWail","Reflex","Finisher+1","Die Die Die","CurseOfTheBell","Backflip","Acrobatics+1","Tactician+1"],"relics":["Ring of the Snake","Darkstone Periapt","Matryoshka","Eternal Feather","Kunai","Odd Mushroom","Pantograph","Shuriken","Calling Bell","Regal Pillow","Mummified Hand","The Specimen","Red Mask","Membership Card","Toxic Egg 2"],"acts_visited":["Exordium","TheCity"],"potions_floor_usage":[30],"damage_taken":[{"damage":4.0,"enemies":"Jaw Worm","floor":1.0,"turns":7.0},{"damage":1.0,"enemies":"Small Slimes","floor":4.0,"turns":6.0},{"damage":0.0,"enemies":"2 Louse","floor":7.0,"turns":2.0},{"damage":19.0,"enemies":"Gremlin Nob","floor":8.0,"turns":4.0},{"damage":35.0,"enemies":"The Mushroom Lair","floor":12.0,"turns":6.0},{"damage":0.0,"enemies":"Exordium Wildlife","floor":13.0,"turns":4.0},{"damage":38.0,"enemies":"Hexaghost","floor":16.0,"turns":11.0},{"damage":11.0,"enemies":"Spheric Guardian","floor":18.0,"turns":3.0},{"damage":0.0,"enemies":"Masked Bandits","floor":19.0,"turns":2.0},{"damage":5.0,"enemies":"Chosen","floor":24.0,"turns":4.0},{"damage":0.0,"enemies":"Book of Stabbing","floor":27.0,"turns":1.0},{"damage":37.0,"enemies":"Snecko","floor":28.0,"turns":9.0},{"damage":4.0,"enemies":"3 Cultists","floor":29.0,"turns":4.0},{"damage":18,"enemies":"Cultist and Chosen","floor":30,"turns":5}],"seed_played":"-6302645439681305476","potions_obtained":[{"floor":7.0,"key":"EssenceOfSteel"},{"floor":8.0,"key":"Swift Potion"},{"floor":16.0,"key":"Strength Potion"},{"floor":24.0,"key":"SmokeBomb"},{"floor":29.0,"key":"Dexterity Potion"}],"is_trial":false,"path_per_floor":["M","?","?","M","?","R","M","E","T","$","R","?","M","T","R","B",null,"M","?","$","?","?","R","M","R","T","E","M","M","M"],"character_chosen":"THE_SILENT","items_purchased":["PiercingWail","Membership Card","Acrobatics"],"campfire_rested":1,"item_purchase_floors":[10,20,20],"current_hp_per_floor":[55,48,48,47,36,36,36,17,17,17,44,9,9,9,18,5,52,41,41,41,41,41,53,48,60,60,60,23,19,1,1],"gold":64,"neow_bonus":"THREE_RARE_CARDS","is_daily":false,"chose_seed":true,"campfire_upgraded":4,"win_rate":0.0,"timestamp":1609755536,"path_taken":["M","?","?","M","?","R","M","E","T","$","R","?","?","?","R","BOSS","M","?","$","?","?","R","M","R","T","E","?","M","M"],"items_purchased_type":["Card","Relic","Card"],"build_version":"2020-12-22","purchased_purges":1,"victory":false,"max_hp_per_floor":[60,60,60,60,60,60,60,60,60,60,60,60,60,60,60,60,66,66,66,66,66,66,66,66,66,66,66,66,66,66,66],"card_choices":[{"not_picked":["Unload","Venomology"],"picked":"Envenom","floor":0.0},{"not_picked":["Sucker Punch","Setup"],"picked":"Quick Slash","floor":1.0},{"not_picked":["Flying Knee","Crippling Poison"],"picked":"Backstab","floor":4.0},{"not_picked":["Dagger Spray","PiercingWail"],"picked":"Dagger Throw","floor":7.0},{"not_picked":["Accuracy","Terror"],"picked":"Dagger Spray","floor":8.0},{"not_picked":["Expertise","Terror"],"picked":"Reflex","floor":12.0},{"not_picked":["Deflect","Dodge and Roll"],"picked":"Finisher","floor":13.0},{"not_picked":["Glass Knife","Unload"],"picked":"Die Die Die","floor":16.0},{"not_picked":["Flechettes","Masterful Stab"],"picked":"Backflip","floor":18.0},{"not_picked":["Bouncing Flask","Riddle With Holes","Crippling Poison"],"picked":"SKIP","floor":24.0},{"not_picked":["Reflex+1","Terror+1","Quick Slash+1"],"picked":"SKIP","floor":28.0},{"not_picked":["Riddle With Holes","Bane","Skewer"],"picked":"SKIP","floor":29.0}],"player_experience":751092,"relics_obtained":[{"floor":8.0,"key":"Matryoshka"},{"floor":9.0,"key":"Eternal Feather"},{"floor":9.0,"key":"Kunai"},{"floor":12.0,"key":"Odd Mushroom"},{"floor":14.0,"key":"Pantograph"},{"floor":14.0,"key":"Shuriken"},{"floor":17.0,"key":"Regal Pillow"},{"floor":17.0,"key":"Mummified Hand"},{"floor":17.0,"key":"The Specimen"},{"floor":19.0,"key":"Red Mask"},{"floor":26.0,"key":"Toxic Egg 2"}],"event_choices":[{"cards_removed":["Strike_G"],"damage_healed":0.0,"max_hp_gain":0.0,"max_hp_loss":0.0,"gold_gain":0.0,"event_name":"Golden Wing","player_choice":"Card Removal","floor":2.0,"gold_loss":0.0,"damage_taken":7.0},{"cards_removed":["Strike_G"],"damage_healed":0.0,"max_hp_gain":0.0,"max_hp_loss":0.0,"gold_gain":0.0,"event_name":"Living Wall","player_choice":"Forget","floor":3.0,"gold_loss":0.0,"damage_taken":0.0},{"damage_healed":0.0,"max_hp_gain":0.0,"max_hp_loss":0.0,"gold_gain":0.0,"event_name":"Scrap Ooze","player_choice":"Success","floor":5.0,"gold_loss":0.0,"damage_taken":11.0,"relics_obtained":["Darkstone Periapt"]},{"damage_healed":0.0,"max_hp_gain":0.0,"max_hp_loss":0.0,"gold_gain":0.0,"event_name":"Mushrooms","player_choice":"Fought Mushrooms","floor":12.0,"gold_loss":0.0,"damage_taken":0.0},{"damage_healed":0.0,"max_hp_gain":0.0,"max_hp_loss":0.0,"gold_gain":0.0,"event_name":"Masked Bandits","player_choice":"Fought Bandits","floor":19.0,"gold_loss":0.0,"damage_taken":0.0},{"damage_healed":0.0,"max_hp_gain":0.0,"max_hp_loss":0.0,"gold_gain":0.0,"event_name":"The Library","player_choice":"Read","floor":21.0,"gold_loss":0.0,"damage_taken":0.0,"cards_obtained":["Tactician"]},{"damage_healed":0.0,"max_hp_gain":0.0,"max_hp_loss":0.0,"gold_gain":0.0,"event_name":"Match and Keep!","player_choice":"0 cards matched","floor":22.0,"gold_loss":0.0,"damage_taken":0.0,"cards_obtained":[]}],"is_beta":false,"boss_relics":[{"not_picked":["Snecko Eye","Velvet Choker"],"picked":"Calling Bell"}],"items_purged_floors":[10],"is_endless":false,"potions_floor_spawned":[7,8,16,24,29],"killed_by":"Cultist and Chosen","ascension_level":20}}