{"host":"61xbmbtf5zrn7rzc","time":1609746488,"event":{"mods":["BaseMod","Challenge The Spire","Downfall","Hubris","Minty Spire (QoL Compilation)","READ ME - Guardian Mod","Replay The Spire","StSLib","SuperFastMode","The Disciple","The Jungle","The Marked","The Runesmith"],"gold_per_floor":[99,118,138,138,138,148,148,178,191,191,222,222,222,247,260,358,358,358,370,382,402,402,241,315,331,346,346,373,373,400,400,419,514,514,514,528,528,621,639,639,639,671,690,721,721,749,779,814,833,933,933,858,869,883,896,928,948,948,976,976,976,976,460,516,535,558,680,680,680,718,749,783,820,408,412,412],"floor_reached":75,"playtime":7104,"items_purged":["theMarked:RepellingDischarge","theMarked:RepellingDischarge"],"score":1623,"play_id":"08ec523c-c6e9-4caf-a6d0-83ff776fb6ad","local_time":"20210104024808","daily_mods":["SealedDeck","Heirloom","DeadlyEvents","Elite Swarm"],"is_ascension_mode":true,"campfire_choices":[{"data":"theMarked:ComboAttacks","floor":1,"key":"SMITH"},{"data":"theMarked:ElementalBlade","floor":10,"key":"SMITH"},{"data":"theMarked:SummonStrength","floor":13,"key":"SMITH"},{"data":"theMarked:FavorableWinds","floor":18,"key":"SMITH"},{"floor":27,"key":"REST"},{"floor":29,"key":"REST"},{"data":"theMarked:RogueSparks","floor":35,"key":"SMITH"},{"data":"theMarked:ComboAttacks","floor":40,"key":"SMITH"},{"data":"theMarked:Panic","floor":45,"key":"SMITH"},{"data":"theMarked:SoldierForm","floor":52,"key":"SMITH"},{"data":"theMarked:BindingBlade","floor":60,"key":"SMITH"},{"data":"theMarked:Levitate","floor":62,"key":"SMITH"},{"data":"theMarked:ResourceFulStrike","floor":69,"key":"SMITH"}],"circlet_count":0,"master_deck":["theMarked:ResourceFulStrike+1","theMarked:ParalyzingBlade","theMarked:BanishingStrike","theMarked:SwordAndMagic+1","theMarked:ComboAttacks+1","theMarked:WardOff","theMarked:WardOff","theMarked:HeightenedSenses","theMarked:ElementalBlade+1","theMarked:ElectricStrings","theMarked:SuspiciousRaven","theMarked:Frustration","theMarked:SummonStrength+1","theMarked:Opportunist","theMarked:FavorableWinds+1","theMarked:Panic+1","theMarked:WastefulAttack","theMarked:RogueSparks+1","theMarked:TurnInvisible","theMarked:BindingBlade+1","theMarked:ChannelForce","theMarked:ShockingTouch","theMarked:ComboAttacks+1","theMarked:SoldierForm+1","theMarked:Levitate+1","theMarked:Overcharge"],"relics":["theMarked:BronzeBlade","Runesmith:Locket","hubris:Metronome","Dream Catcher","Pet Ghost","hubris:Towel","Bronze Scales","sneckomod:SneckoTalon","hubris:Icosahedron","ClockworkSouvenir","theMarked:Gun","Orichalcum","Eternal Feather","Replay:Bronze Core","theMarked:DemonDagger","PreservedInsect","hubris:Reverence","hubris:Zylophone","hubris:64BitClover","theMarked:KettuFlask","downfall:HeartBlessingBlue","theMarked:VonisonLock","Lee\u0027s Waffle","Tiny Chest","Replay:Bandana","Regal Pillow","Durian"],"acts_visited":["Exordium","TheCity","TheBeyond","Exordium","TheCity"],"potions_floor_usage":[16,21,30,33,33,50,50,56,64,67,67,75],"damage_taken":[{"damage":0,"enemies":"Small Slimes","floor":2,"turns":3},{"damage":8,"enemies":"Jaw Worm","floor":3,"turns":3},{"damage":1,"enemies":"2 Louse","floor":6,"turns":3},{"damage":10,"enemies":"3 Sentries","floor":8,"turns":6},{"damage":4,"enemies":"Blue Slaver","floor":9,"turns":3},{"damage":10,"enemies":"Lagavulin","floor":11,"turns":5},{"damage":4,"enemies":"3 Sentries","floor":14,"turns":5},{"damage":2,"enemies":"2 Fungi Beasts","floor":15,"turns":3},{"damage":6,"enemies":"downfall:Watcher","floor":16,"turns":4},{"damage":0,"enemies":"3 Byrds","floor":19,"turns":3},{"damage":20,"enemies":"Spheric Guardian","floor":20,"turns":4},{"damage":20,"enemies":"Centurion and Healer","floor":21,"turns":4},{"damage":0,"enemies":"downfall:FleeingMerchant","floor":23,"turns":4},{"damage":6,"enemies":"3 Cultists","floor":25,"turns":4},{"damage":0,"enemies":"Shelled Parasite and Fungi","floor":26,"turns":3},{"damage":29,"enemies":"Slavers","floor":28,"turns":4},{"damage":9,"enemies":"Book of Stabbing","floor":30,"turns":4},{"damage":0,"enemies":"Snake Plant","floor":32,"turns":2},{"damage":8,"enemies":"downfall:Defect","floor":33,"turns":5},{"damage":1,"enemies":"Orb Walker","floor":36,"turns":3},{"damage":7,"enemies":"downfall:FleeingMerchant","floor":38,"turns":3},{"damage":0,"enemies":"3 Darklings","floor":39,"turns":4},{"damage":3,"enemies":"Giant Head","floor":42,"turns":6},{"damage":6,"enemies":"Jaw Worm Horde","floor":43,"turns":4},{"damage":5,"enemies":"Reptomancer","floor":44,"turns":2},{"damage":5,"enemies":"Giant Head","floor":46,"turns":4},{"damage":8,"enemies":"R_Hoarder","floor":47,"turns":5},{"damage":4,"enemies":"Nemesis","floor":48,"turns":3},{"damage":4,"enemies":"Sphere and 2 Shapes","floor":49,"turns":3},{"damage":6,"enemies":"downfall:Ironclad","floor":50,"turns":6},{"damage":0,"enemies":"Jaw Worm","floor":53,"turns":1},{"damage":4,"enemies":"Small Slimes","floor":54,"turns":2},{"damage":0,"enemies":"Cultist","floor":55,"turns":2},{"damage":7,"enemies":"Lagavulin","floor":56,"turns":5},{"damage":0,"enemies":"Large Slime","floor":57,"turns":2},{"damage":24,"enemies":"Gremlin Nob","floor":59,"turns":3},{"damage":0,"enemies":"3 Sentries","floor":64,"turns":2},{"damage":0,"enemies":"Exordium Wildlife","floor":65,"turns":3},{"damage":0,"enemies":"Blue Slaver","floor":66,"turns":2},{"damage":72,"enemies":"Hexaghost","floor":67,"turns":4},{"damage":23,"enemies":"3 Byrds","floor":70,"turns":4},{"damage":17,"enemies":"Chosen","floor":71,"turns":4},{"damage":34,"enemies":"Centurion and Healer","floor":72,"turns":3},{"damage":0,"enemies":"Snecko","floor":73,"turns":4},{"damage":22,"enemies":"Slavers","floor":75,"turns":1}],"seed_played":"3000167911878324373","potions_obtained":[{"floor":3,"key":"PowerPotion"},{"floor":6,"key":"Energy Potion"},{"floor":11,"key":"BlessingOfTheForge"},{"floor":16,"key":"Dexterity Potion"},{"floor":25,"key":"Energy Potion"},{"floor":28,"key":"DuplicationPotion"},{"floor":31,"key":"CultistPotion"},{"floor":33,"key":"Block Potion"},{"floor":39,"key":"EssenceOfSteel"},{"floor":49,"key":"Ancient Potion"},{"floor":50,"key":"Fire Potion"},{"floor":56,"key":"FearPotion"},{"floor":59,"key":"SteroidPotion"},{"floor":64,"key":"ColorlessPotion"},{"floor":66,"key":"Strength Potion"},{"floor":71,"key":"Dexterity Potion"},{"floor":72,"key":"Elixir"}],"is_trial":true,"path_per_floor":["R","M","M","?","?","M","T","E","M","R","E","?","R","E","M","B",null,"R","M","M","M","?","$","T","M","M","R","E","R","E","?","M","B",null,"R","M","?","$","M","R","T","E","M","E","R","E","E","E","M","B",null,"R","M","M","M","E","M","T","E","R","?","R","$","E","M","M","B",null,"R","M","M","M","M","$","E"],"character_chosen":"THE_DEFAULT","items_purchased":["ClockworkSouvenir","theMarked:DemonDagger","theMarked:ComboAttacks","Lee\u0027s Waffle","Tiny Chest","Replay:Bandana","Durian"],"campfire_rested":2,"item_purchase_floors":[23,38,38,63,63,63,74],"current_hp_per_floor":[70,70,62,62,62,61,61,51,47,47,37,37,37,33,31,25,70,70,70,50,30,30,30,30,24,24,45,16,37,28,28,28,20,70,70,69,69,62,62,70,70,67,61,56,70,65,62,58,54,48,70,80,80,76,76,69,69,69,45,60,60,75,87,87,87,87,15,87,87,64,47,13,13,18,0,0],"gold":412,"neow_bonus":"","is_daily":false,"chose_seed":false,"campfire_upgraded":11,"win_rate":0.0,"timestamp":1609746488,"path_taken":["R","M","M","?","?","M","T","E","?","R","?","?","R","E","M","BOSS","R","M","M","M","?","$","T","M","M","R","E","R","E","?","M","BOSS","R","M","?","$","M","R","T","E","M","E","R","E","?","E","M","BOSS","R","M","M","M","?","?","T","E","R","?","R","$","E","M","M","BOSS","R","M","M","M","M","$","E"],"items_purchased_type":["Relic","Relic","Card","Relic","Relic","Relic","Relic"],"build_version":"2020-12-22","purchased_purges":2,"victory":false,"max_hp_per_floor":[70,70,70,70,70,70,70,70,70,70,70,70,70,70,70,70,70,70,70,70,70,70,70,70,70,70,70,70,70,70,70,70,70,70,70,70,70,70,70,70,70,70,70,70,70,70,70,70,70,70,70,80,80,80,80,80,80,80,80,80,80,80,87,87,87,87,87,87,87,87,87,87,87,92,92,92],"card_choices":[{"not_picked":["theMarked:ChainLightning","theMarked:AttractMetal"],"picked":"theMarked:ElementalBlade","floor":2},{"not_picked":["theMarked:TwofoldDefense","theMarked:Parkour"],"picked":"theMarked:ElectricStrings","floor":3},{"not_picked":["theMarked:ResourceFulStrike","theMarked:SwordAndMagic","theMarked:WardOff"],"picked":"SKIP","floor":6},{"not_picked":["theMarked:TakeOffHeels","theMarked:Vacuum"],"picked":"theMarked:SuspiciousRaven","floor":8},{"not_picked":["theMarked:ChainLightning","theMarked:ResourceFulStrike"],"picked":"theMarked:Frustration","floor":9},{"not_picked":["theMarked:UnarmedFury","theMarked:MuscleMemory"],"picked":"theMarked:SummonStrength","floor":11},{"not_picked":["theMarked:Snap","theMarked:SummonStrength","theMarked:MuscleMemory"],"picked":"SKIP","floor":14},{"not_picked":["theMarked:TakeCover","theMarked:Frustration"],"picked":"theMarked:Opportunist","floor":15},{"not_picked":["theMarked:Snap","theMarked:MuscleMemory"],"picked":"theMarked:FavorableWinds","floor":16},{"not_picked":["theMarked:ElectricStrings","theMarked:WastefulDefense","theMarked:BanishingWave"],"picked":"SKIP","floor":19},{"not_picked":["theMarked:Standoff","theMarked:RepellingDischarge+1","theMarked:TunnelVision"],"picked":"SKIP","floor":20},{"not_picked":["theMarked:TurnInvisible","theMarked:ResourceFulStrike"],"picked":"theMarked:Panic","floor":21},{"not_picked":["theMarked:Standoff","theMarked:PowerFlow"],"picked":"theMarked:WastefulAttack","floor":23},{"not_picked":["theMarked:ElectricStrings","theMarked:HeightenedSenses"],"picked":"theMarked:Reabsorb","floor":25},{"not_picked":["theMarked:WastefulDefense","theMarked:Parkour+1","theMarked:ChainLightning"],"picked":"SKIP","floor":26},{"not_picked":["theMarked:WastefulDefense","theMarked:DeterminationOfTheMarked"],"picked":"theMarked:RogueSparks","floor":27},{"not_picked":["theMarked:EternalStudent","theMarked:Defy"],"picked":"theMarked:TurnInvisible","floor":28},{"not_picked":["theMarked:Abjuration","theMarked:Defy","theMarked:TakeOffHeels"],"picked":"SKIP","floor":30},{"not_picked":["theMarked:Improvise","theMarked:Frustration","theMarked:HeritageOfTheMarked"],"picked":"SKIP","floor":32},{"not_picked":["theMarked:Vacuum","theMarked:TakeOffHeels"],"picked":"theMarked:BindingBlade","floor":33},{"not_picked":["theMarked:Electrify+1","theMarked:EmpowerWeapon","theMarked:ElectricStrings+1"],"picked":"SKIP","floor":36},{"not_picked":["theMarked:SwordAndMagic+1","theMarked:RepellingDischarge+1"],"picked":"theMarked:ShockingTouch","floor":38},{"not_picked":["theMarked:RogueSparks","theMarked:Generate+1","theMarked:ChainLightning"],"picked":"SKIP","floor":39},{"not_picked":["theMarked:EternalStudent","theMarked:FavorableWinds","theMarked:SoldierForm"],"picked":"SKIP","floor":42},{"not_picked":["theMarked:CreepingChasm","theMarked:BanishingStrike","theMarked:RepellingDischarge+1"],"picked":"SKIP","floor":43},{"not_picked":["theMarked:MagicAdept","theMarked:ChannelForce","theMarked:DispelDoubt"],"picked":"SKIP","floor":44},{"not_picked":["theMarked:MuscleMemory","theMarked:Levitate"],"picked":"theMarked:SoldierForm","floor":46},{"not_picked":["theMarked:DispelDoubt","theMarked:BindingBlade","theMarked:MuscleMemory"],"picked":"SKIP","floor":47},{"not_picked":["theMarked:Abjuration","theMarked:TakeOffHeels","theMarked:MuscleMemory"],"picked":"SKIP","floor":48},{"not_picked":["theMarked:RepellingDischarge+1","theMarked:Static","theMarked:Polarize+1"],"picked":"SKIP","floor":49},{"not_picked":["theMarked:Aftermath","theMarked:StartUp","theMarked:ResourceFulStrike"],"picked":"SKIP","floor":53},{"not_picked":["theMarked:ElementalBlade","theMarked:ChainLightning","theMarked:Electrocute"],"picked":"SKIP","floor":54},{"not_picked":["theMarked:ContemptForTheProud","theMarked:Levitate","theMarked:EmpowerWeapon"],"picked":"SKIP","floor":55},{"not_picked":["theMarked:UnarmedFury","theMarked:Challenge","theMarked:SuspiciousRaven"],"picked":"SKIP","floor":56},{"not_picked":["theMarked:BanishingStrike","theMarked:ParalyzingBlade","theMarked:Standoff"],"picked":"SKIP","floor":57},{"not_picked":["theMarked:MagicAdept","theMarked:BindingBlade"],"picked":"theMarked:Levitate","floor":59},{"not_picked":["theMarked:TakeOffHeels","theMarked:EternalStudent","theMarked:Abjuration"],"picked":"SKIP","floor":64},{"not_picked":["theMarked:MaelstromOfLightning","theMarked:EnhanceMovement","theMarked:Standoff"],"picked":"SKIP","floor":65},{"not_picked":["theMarked:ReduceFriction","theMarked:ContemptForTheProud","theMarked:HeightenedSenses"],"picked":"SKIP","floor":66},{"not_picked":["theMarked:Aftermath","theMarked:RepellingDischarge","theMarked:EmpowerWeapon"],"picked":"SKIP","floor":70},{"not_picked":["theMarked:EmpowerWeapon","theMarked:Frustration","theMarked:Polarize"],"picked":"SKIP","floor":71},{"not_picked":["theMarked:Frustration+1","theMarked:BanishingStrike","theMarked:Panic"],"picked":"SKIP","floor":72},{"not_picked":["theMarked:RepellingDischarge","theMarked:WardOff+1"],"picked":"theMarked:Overcharge","floor":73}],"player_experience":142310,"relics_obtained":[{"floor":7,"key":"hubris:Metronome"},{"floor":8,"key":"Dream Catcher"},{"floor":11,"key":"Pet Ghost"},{"floor":14,"key":"Bronze Scales"},{"floor":24,"key":"theMarked:Gun"},{"floor":28,"key":"Orichalcum"},{"floor":30,"key":"Eternal Feather"},{"floor":42,"key":"PreservedInsect"},{"floor":44,"key":"hubris:Reverence"},{"floor":46,"key":"hubris:Zylophone"},{"floor":47,"key":"hubris:64BitClover"},{"floor":48,"key":"theMarked:KettuFlask"},{"floor":58,"key":"theMarked:VonisonLock"},{"floor":65,"key":"Regal Pillow"}],"event_choices":[{"damage_healed":0,"gold_gain":0,"cards_transformed":["theMarked:Reabsorb"],"player_choice":"Transformed","damage_taken":0,"max_hp_gain":0,"max_hp_loss":0,"event_name":"Transmorgrifier","floor":37,"gold_loss":0,"cards_obtained":["theMarked:ChannelForce"]}],"is_beta":false,"boss_relics":[{"not_picked":["Astrolabe","ReplayTheSpireMod:DimensionalGlitch"],"picked":"sneckomod:SneckoTalon"},{"not_picked":["Snecko Eye","hubris:TerracottaHorce"],"picked":"Replay:Bronze Core"},{"not_picked":["hubris:VirtuousBlindfold","Replay:Drink Me"],"picked":"theMarked:BronzeBlade"},{"not_picked":["Scatterbrain"],"picked":"GraspOfShadows"}],"items_purged_floors":[63,74],"is_endless":true,"potions_floor_spawned":[3,6,11,14,16,19,25,28,32,33,39,42,43,49,50,56,59,64,66,71,72],"killed_by":"Slavers","ascension_level":1}}