{"host":"gkh5j5k5w4qf7k7n","time":1609803278,"event":{"mods":["2.2 Compatiblity","AchievementEnabler","BaseMod","Colored Map","Colored Powertips","Downfall","GifTheSpireLib","Keyboard Shortcuts","Minty Spire (QoL Compilation)","Quick Restart","StSLib","SuperFastMode","¡¼?Úª?ø«¡½REMEMod"],"gold_per_floor":[99,116,116,216,229,139,139,239,389,389,403,403,288,317,330,426,426,426,437,437,437,456,456,456,556,611,378,378,378,303,315,332,428,428,428,441,491,372,383,414,437,287,287,307,320,320,354,365,377,377,377,407,5,5,5],"floor_reached":56,"playtime":2830,"items_purged":["Regret","Slimebound:Icky","Guardian:Defend_Guardian","Guardian:Strike_Guardian+1","Guardian:Aged"],"score":1638,"play_id":"56295547-7656-4b96-9a13-44d0421f590b","local_time":"20210105083438","is_ascension_mode":true,"campfire_choices":[{"data":"REME_MawOfCthun","floor":1.0,"key":"SMITH"},{"data":"Guardian:PrismaticBarrier","floor":12.0,"key":"SMITH"},{"data":"REME_AllRoundStrike","floor":18.0,"key":"SMITH"},{"data":"Guardian:Planning","floor":30.0,"key":"SMITH"},{"floor":35.0,"key":"RECALL"},{"data":"Guardian:FastForward","floor":42.0,"key":"SMITH"},{"data":"Mayhem","floor":46.0,"key":"SMITH"},{"data":"Guardian:TimeCapacitor","floor":54,"key":"SMITH"}],"circlet_count":0,"master_deck":["Guardian:Defend_Guardian","Guardian:Defend_Guardian","Guardian:CurlUp","Guardian:TwinSlam+1","REME_AllRoundStrike+1","REME_MawOfCthun+1","Guardian:Planning+1","Guardian:PrismaticBarrier+1","Guardian:SpikerProtocol","Guardian:StasisStrike","Guardian:RevengeProtocol+1","Guardian:Reroute+1","Guardian:FastForward+1","Flash of Steel+1","Guardian:PrismaticBarrier","Mayhem+1","Guardian:BronzeOrb+1","Guardian:Repulse+1","Guardian:TimeCapacitor+1","Guardian:Gem_Synthetic"],"relics":["Guardian:ModeShifter","REME_ComplimentaryCards","Juzu Bracelet","Guardian:SackOfGems","REME_IWantAll","Astrolabe","Kunai","Regal Pillow","downfall:HeartBlessingGreen","Runic Dome","Du-Vu Doll","Bronze Scales","Blue Candle","downfall:HeartBlessingRed","downfall:HeartBlessingBlue","Guardian:StasisEgg","Singing Bowl","Bird Faced Urn"],"acts_visited":["TheCity","TheBeyond","TheEnding"],"potions_floor_usage":[48,49,49,49,49,49,49,50],"damage_taken":[{"damage":3.0,"enemies":"2 Louse","floor":2.0,"turns":4.0},{"damage":2.0,"enemies":"Small Slimes","floor":5.0,"turns":4.0},{"damage":8.0,"enemies":"downfall:FleeingMerchant","floor":6.0,"turns":4.0},{"damage":0.0,"enemies":"Cultist","floor":11.0,"turns":3.0},{"damage":0.0,"enemies":"downfall:FleeingMerchant","floor":13.0,"turns":4.0},{"damage":0.0,"enemies":"Lagavulin","floor":14.0,"turns":6.0},{"damage":6.0,"enemies":"Exordium Wildlife","floor":15.0,"turns":4.0},{"damage":1.0,"enemies":"downfall:Watcher","floor":16.0,"turns":8.0},{"damage":0.0,"enemies":"Shell Parasite","floor":19.0,"turns":3.0},{"damage":6.0,"enemies":"Chosen","floor":22.0,"turns":3.0},{"damage":0.0,"enemies":"REME_1_Revenger","floor":26.0,"turns":4.0},{"damage":0.0,"enemies":"downfall:FleeingMerchant","floor":27.0,"turns":4.0},{"damage":3.0,"enemies":"Sentry and Sphere","floor":31.0,"turns":3.0},{"damage":2.0,"enemies":"3 Cultists","floor":32.0,"turns":4.0},{"damage":13.0,"enemies":"downfall:Ironclad","floor":33.0,"turns":5.0},{"damage":13.0,"enemies":"3 Shapes","floor":36.0,"turns":3.0},{"damage":3.0,"enemies":"Mind Bloom Boss Battle","floor":37.0,"turns":5.0},{"damage":0.0,"enemies":"downfall:FleeingMerchant","floor":38.0,"turns":3.0},{"damage":9.0,"enemies":"Orb Walker","floor":39.0,"turns":3.0},{"damage":30.0,"enemies":"Nemesis","floor":40.0,"turns":6.0},{"damage":4.0,"enemies":"Transient","floor":44.0,"turns":5.0},{"damage":1.0,"enemies":"Maw","floor":45.0,"turns":4.0},{"damage":20.0,"enemies":"Reptomancer","floor":47.0,"turns":5.0},{"damage":8,"enemies":"Spire Growth","floor":48,"turns":3},{"damage":0,"enemies":"3 Darklings","floor":49,"turns":3},{"damage":7,"enemies":"downfall:Silent","floor":50,"turns":5},{"damage":3,"enemies":"downfall:CharBossMerchant","floor":52,"turns":7},{"damage":2,"enemies":"downfall:NeowBoss","floor":55,"turns":11}],"seed_played":"4903550365618354874","potions_obtained":[{"floor":5.0,"key":"REME_GoldPotion"},{"floor":11.0,"key":"Explosive Potion"},{"floor":14.0,"key":"CultistPotion"},{"floor":22.0,"key":"SteroidPotion"},{"floor":26.0,"key":"EntropicBrew"},{"floor":28.0,"key":"CultistPotion"},{"floor":33.0,"key":"SneckoOil"},{"floor":39.0,"key":"Ancient Potion"},{"floor":49,"key":"Energy Potion"},{"floor":52,"key":"Slimebound:ThreeZeroPotion"}],"is_trial":false,"path_per_floor":["R","M","?","?","M","$","T","?","?","T","M","R","$","E","M","B",null,"R","M","?","?","M","?","T","?","E","$","?","?","R","M","M","B",null,"R","M","?","?","M","E","T","R","?","M","M","R","E","M","M","B",null,"E","$","R","B",null],"character_chosen":"GUARDIAN","items_purchased":["Flash of Steel","Bronze Scales","Mayhem","Guardian:TimeCapacitor","Guardian:Gem_Synthetic"],"campfire_rested":0,"item_purchase_floors":[27,38,38,53,53],"current_hp_per_floor":[56,53,53,53,51,43,43,43,43,43,43,43,43,43,37,36,80,80,80,65,65,59,59,59,59,59,59,59,51,51,48,46,33,85,85,72,69,69,60,30,30,40,40,36,35,35,15,9,11,4,99,98,98,98,101],"gold":5,"neow_bonus":"RANDOM_COLORLESS_2","is_daily":false,"chose_seed":false,"campfire_upgraded":7,"win_rate":0.0,"timestamp":1609803278,"path_taken":["R","M","?","?","M","$","T","?","?","?","M","R","$","E","M","BOSS","R","M","?","?","M","?","T","?","E","?","?","?","R","M","M","BOSS","R","M","?","?","M","E","T","R","?","M","M","R","E","M","M","BOSS","E","$","R","BOSS"],"items_purchased_type":["Card","Relic","Card","Card","Card"],"build_version":"2020-12-22","purchased_purges":5,"victory":true,"max_hp_per_floor":[80,80,80,80,80,80,80,80,80,80,80,80,80,80,80,80,80,80,80,85,85,85,85,85,85,85,85,85,85,85,85,85,85,85,85,85,85,85,85,85,85,95,95,95,95,95,95,97,99,99,99,101,101,101,101],"card_choices":[{"not_picked":["Chrysalis","Magnetism"],"picked":"REME_AllRoundStrike","floor":0.0},{"not_picked":["Guardian:TemporalStrike","Guardian:DonusPower"],"picked":"Guardian:Gem_Purple","floor":2.0},{"not_picked":["Guardian:PrimingBeam","Guardian:WalkerClaw","Guardian:TimeBomb"],"picked":"SKIP","floor":5.0},{"not_picked":["Guardian:Gem_Green","Guardian:RefractedBeam"],"picked":"Guardian:Planning","floor":6.0},{"not_picked":["Guardian:PiercingHide","Guardian:Planning"],"picked":"Guardian:PrismaticBarrier","floor":11.0},{"not_picked":["Guardian:Gem_Red","Guardian:Gem_Green"],"picked":"Guardian:Gem_Blue","floor":13.0},{"not_picked":["Guardian:RollAttack","Guardian:SentryBeam","Guardian:ChargeUp"],"picked":"SKIP","floor":14.0},{"not_picked":["Guardian:Gem_Red","Guardian:PrimingBeam"],"picked":"Guardian:SpikerProtocol","floor":15.0},{"not_picked":["Guardian:GemFire","Guardian:FierceBash"],"picked":"Guardian:StasisStrike","floor":16.0},{"not_picked":["Guardian:SentryBeam+1","Guardian:PolyBeam","Guardian:GuardianWhirl"],"picked":"SKIP","floor":19.0},{"not_picked":["Guardian:GuardianWhirl","Guardian:VentSteam","Guardian:PrimingBeam"],"picked":"SKIP","floor":22.0},{"not_picked":["Guardian:RollAttack+1","Guardian:DonusPower"],"picked":"Guardian:FastForward","floor":26.0},{"not_picked":["Guardian:MultiBeam","Guardian:TemporalStrike"],"picked":"Guardian:Gem_Blue","floor":27.0},{"not_picked":["Guardian:Clone","Guardian:TimeBomb","Guardian:ChargeCore"],"picked":"SKIP","floor":31.0},{"not_picked":["Guardian:Reroute+1","Guardian:Gem_Green"],"picked":"Guardian:Gem_Cyan","floor":32.0},{"not_picked":["Guardian:GemFire","Guardian:FierceBash"],"picked":"Guardian:Gem_Synthetic","floor":33.0},{"not_picked":["Guardian:Gem_Green","Guardian:TemporalShield+1"],"picked":"Guardian:PrismaticBarrier","floor":36.0},{"not_picked":["Guardian:PrimingBeam+1","Guardian:Gem_Lightblue"],"picked":"Guardian:Gem_Fragmented","floor":38.0},{"not_picked":["Guardian:Harden","Guardian:Suspension"],"picked":"Guardian:BronzeOrb+1","floor":39.0},{"not_picked":["Guardian:MultiBeam+1","Guardian:Gem_Green","Guardian:PrismaticBeam"],"picked":"SKIP","floor":40.0},{"not_picked":["Guardian:BronzeArmor","Guardian:ChargeCore","Guardian:GuardianWhirl+1"],"picked":"SKIP","floor":44.0},{"not_picked":["Guardian:Gem_Red","Guardian:VentSteam+1","Guardian:PrimingBeam"],"picked":"SKIP","floor":45.0},{"not_picked":["Guardian:ChargeCore","Guardian:BronzeArmor+1"],"picked":"Guardian:Repulse+1","floor":47.0},{"not_picked":["Guardian:ChargeCore","Guardian:WalkerClaw","Guardian:CrystalBeam+1"],"picked":"Singing Bowl","floor":48},{"not_picked":["Guardian:FastForward","Guardian:GuardianWhirl+1","Guardian:ChargeCore"],"picked":"Singing Bowl","floor":49},{"not_picked":["Guardian:Planning","Guardian:Gem_Cyan","Guardian:Suspension"],"picked":"Singing Bowl","floor":52}],"player_experience":736737,"relics_obtained":[{"floor":7.0,"key":"Juzu Bracelet"},{"floor":10.0,"key":"Guardian:SackOfGems"},{"floor":14.0,"key":"REME_IWantAll"},{"floor":24.0,"key":"Kunai"},{"floor":26.0,"key":"Regal Pillow"},{"floor":37.0,"key":"Du-Vu Doll"},{"floor":40.0,"key":"Blue Candle"},{"floor":47.0,"key":"Singing Bowl"},{"floor":52,"key":"Bird Faced Urn"}],"event_choices":[{"damage_healed":0.0,"max_hp_gain":0.0,"max_hp_loss":0.0,"gold_gain":0.0,"event_name":"The Library","player_choice":"Read","floor":23.0,"gold_loss":0.0,"damage_taken":0.0,"cards_obtained":["Guardian:Gem_Yellow"]}],"is_beta":false,"boss_relics":[{"not_picked":["Black Star","Runic Pyramid"],"picked":"Astrolabe"},{"not_picked":["Snecko Eye","Tiny House"],"picked":"Runic Dome"}],"items_purged_floors":[6,13,27,38,53],"is_endless":false,"potions_floor_spawned":[5,11,14,22,26,32,33,39,40,47,49,52],"ascension_level":4}}