{"host":"mydft8i2zzydgggw","time":1609775520,"event":{"mods":["AchievementEnabler","BaseMod","Colored Map","Colored Powertips","Keyboard Shortcuts","Minty Spire (QoL Compilation)","Quick Restart","StSLib","SuperFastMode","The Poker Player"],"gold_per_floor":[116,116,116,116,129,159,159,159,206,206,240,253,253,23,23,23,23],"floor_reached":16,"playtime":358,"items_purged":["Strike_R"],"score":146,"play_id":"2e563e58-3a0c-418e-a061-927c25643260","local_time":"20210105005200","is_ascension_mode":true,"campfire_choices":[{"data":"Shrug It Off","floor":10.0,"key":"SMITH"},{"data":"Shockwave","floor":13.0,"key":"SMITH"},{"floor":15.0,"key":"REST"}],"circlet_count":0,"master_deck":["Strike_R","Strike_R","Strike_R","Strike_R","Defend_R","Defend_R","Defend_R","Defend_R","Bash","Fiend Fire+1","Shrug It Off+1","Offering+1","Shockwave+1"],"relics":["Burning Blood","Juzu Bracelet","CultistMask","Paper Frog","Anchor"],"acts_visited":["Exordium"],"potions_floor_usage":[16],"damage_taken":[{"damage":0.0,"enemies":"Cultist","floor":1.0,"turns":3.0},{"damage":0.0,"enemies":"2 Louse","floor":3.0,"turns":2.0},{"damage":0.0,"enemies":"Small Slimes","floor":5.0,"turns":4.0},{"damage":43.0,"enemies":"3 Sentries","floor":6.0,"turns":11.0},{"damage":6.0,"enemies":"Gremlin Nob","floor":11.0,"turns":1.0},{"damage":11.0,"enemies":"Red Slaver","floor":12.0,"turns":5.0},{"damage":71,"enemies":"Slime Boss","floor":16,"turns":16}],"seed_played":"1288473295699158975","potions_obtained":[{"floor":1.0,"key":"Block Potion"},{"floor":6.0,"key":"SmokeBomb"}],"is_trial":false,"path_per_floor":["M","?","M","?","M","E","?","?","T","R","E","M","R","$","R","B"],"character_chosen":"IRONCLAD","items_purchased":["Anchor"],"campfire_rested":1,"item_purchase_floors":[14],"current_hp_per_floor":[80,80,80,85,85,48,48,48,48,48,48,43,43,43,68,0,0],"gold":23,"neow_bonus":"ONE_RANDOM_RARE_CARD","is_daily":false,"chose_seed":false,"campfire_upgraded":2,"win_rate":0.0,"timestamp":1609775520,"path_taken":["M","?","M","?","M","E","?","?","T","R","E","M","R","?","R","BOSS"],"items_purchased_type":["Relic"],"build_version":"2020-12-22","purchased_purges":1,"victory":false,"max_hp_per_floor":[80,80,80,85,85,85,85,85,85,85,85,85,85,85,85,85,85],"card_choices":[{"not_picked":["Rupture","Pommel Strike"],"picked":"Shrug It Off","floor":1.0},{"not_picked":["Sword Boomerang","Perfected Strike","Carnage"],"picked":"SKIP","floor":3.0},{"not_picked":["Clothesline","Clash","Shockwave"],"picked":"SKIP","floor":5.0},{"not_picked":["Heavy Blade","Immolate"],"picked":"Offering","floor":6.0},{"not_picked":["Entrench","Sword Boomerang"],"picked":"Shockwave","floor":11.0},{"not_picked":["Cleave","Headbutt","Second Wind"],"picked":"SKIP","floor":12.0}],"player_experience":88279,"relics_obtained":[{"floor":6.0,"key":"Juzu Bracelet"},{"floor":11.0,"key":"Paper Frog"}],"event_choices":[{"damage_healed":0.0,"max_hp_gain":0.0,"max_hp_loss":0.0,"gold_gain":0.0,"event_name":"Living Wall","player_choice":"Grow","floor":2.0,"gold_loss":0.0,"damage_taken":0.0,"cards_upgraded":["Fiend Fire"]},{"damage_healed":0.0,"max_hp_gain":5.0,"max_hp_loss":0.0,"gold_gain":0.0,"event_name":"Big Fish","player_choice":"Donut","floor":4.0,"gold_loss":0.0,"damage_taken":0.0},{"damage_healed":0.0,"max_hp_gain":0.0,"max_hp_loss":0.0,"gold_gain":0.0,"event_name":"FaceTrader","player_choice":"Trade","floor":7.0,"gold_loss":0.0,"damage_taken":0.0,"relics_obtained":["CultistMask"]},{"damage_healed":0.0,"max_hp_gain":0.0,"max_hp_loss":0.0,"gold_gain":0.0,"event_name":"Upgrade Shrine","player_choice":"Upgraded","floor":8.0,"gold_loss":0.0,"damage_taken":0.0,"cards_upgraded":["Offering"]}],"is_beta":false,"boss_relics":[],"items_purged_floors":[14],"is_endless":false,"potions_floor_spawned":[1,3,6],"killed_by":"Slime Boss","ascension_level":2}}