{"host":"1tkoe3l8wf0xx8if","time":1609776661,"event":{"mods":["AchievementEnabler","BaseMod","Colored Map","Minty Spire (QoL Compilation)","Quick Restart","StSLib","SuperFastMode"],"gold_per_floor":[367,367,292,367,19,19,46,11,86,86,102,130,141,158,158,261,261,275,307,320,331,53,53,78,78,78,90,102,102,102,119,119,221,221,240,90,107,126,139,173,173,204,204,204,220,220,22,37,37,37],"floor_reached":51,"playtime":2325,"items_purged":["Storm","Strike_B","Strike_B"],"score":1026,"play_id":"256753d3-b20d-447c-a430-1c113765fc3b","local_time":"20210105011101","is_ascension_mode":true,"campfire_choices":[{"data":"Zap","floor":6.0,"key":"SMITH"},{"data":"Dualcast","floor":10.0,"key":"SMITH"},{"data":"Double Energy","floor":15.0,"key":"SMITH"},{"data":"Genetic Algorithm","floor":23.0,"key":"SMITH"},{"data":"White Noise","floor":29.0,"key":"SMITH"},{"data":"Reboot","floor":32.0,"key":"SMITH"},{"data":"Amplify","floor":41.0,"key":"SMITH"},{"data":"Lockon","floor":44,"key":"SMITH"},{"data":"Secret Technique","floor":49,"key":"SMITH"}],"circlet_count":0,"master_deck":["Strike_B","Defend_B","Defend_B","Defend_B","Defend_B","Zap+1","Dualcast+1","Rebound","Self Repair+1","Defragment+1","Echo Form+1","Double Energy+1","Conserve Battery","Reboot+1","Defragment+1","Genetic Algorithm+1","Force Field+1","Lockon+1","White Noise+1","Ball Lightning","FTL+1","Glacier","Finesse","Biased Cognition+1","Amplify+1","Purity","Secret Technique+1"],"relics":["Cracked Core","Frozen Egg 2","HornCleat","Eternal Feather","MealTicket","Cursed Key","Red Mask","OrangePellets","Oddly Smooth Stone","Runic Pyramid","ClockworkSouvenir","The Courier","Pear","Mummified Hand"],"acts_visited":["Exordium","TheCity","TheBeyond"],"potions_floor_usage":[50,50,50],"damage_taken":[{"damage":0.0,"enemies":"2 Louse","floor":1.0,"turns":3.0},{"damage":25.0,"enemies":"Lagavulin","floor":7.0,"turns":7.0},{"damage":0.0,"enemies":"Small Slimes","floor":11.0,"turns":2.0},{"damage":21.0,"enemies":"3 Sentries","floor":12.0,"turns":6.0},{"damage":0.0,"enemies":"Cultist","floor":13.0,"turns":3.0},{"damage":13.0,"enemies":"Large Slime","floor":14.0,"turns":4.0},{"damage":47.0,"enemies":"Hexaghost","floor":16.0,"turns":10.0},{"damage":5.0,"enemies":"2 Thieves","floor":18.0,"turns":4.0},{"damage":60.0,"enemies":"Masked Bandits","floor":19.0,"turns":5.0},{"damage":0.0,"enemies":"Spheric Guardian","floor":20.0,"turns":3.0},{"damage":31.0,"enemies":"Centurion and Healer","floor":21.0,"turns":8.0},{"damage":42.0,"enemies":"Slavers","floor":24.0,"turns":8.0},{"damage":22.0,"enemies":"Snecko","floor":27.0,"turns":5.0},{"damage":4.0,"enemies":"Snake Plant","floor":28.0,"turns":4.0},{"damage":10.0,"enemies":"3 Cultists","floor":31.0,"turns":5.0},{"damage":25.0,"enemies":"Collector","floor":33.0,"turns":6.0},{"damage":0.0,"enemies":"Orb Walker","floor":35.0,"turns":3.0},{"damage":0.0,"enemies":"3 Darklings","floor":37.0,"turns":6.0},{"damage":16.0,"enemies":"Transient","floor":38.0,"turns":5.0},{"damage":45.0,"enemies":"4 Shapes","floor":39.0,"turns":5.0},{"damage":0.0,"enemies":"Giant Head","floor":40.0,"turns":6.0},{"damage":7.0,"enemies":"Nemesis","floor":42.0,"turns":7.0},{"damage":0,"enemies":"Maw","floor":45,"turns":7},{"damage":14,"enemies":"Sphere and 2 Shapes","floor":48,"turns":6},{"damage":6,"enemies":"Time Eater","floor":50,"turns":8}],"seed_played":"-6868841281677354544","potions_obtained":[{"floor":12.0,"key":"Fruit Juice"},{"floor":14.0,"key":"SkillPotion"},{"floor":16.0,"key":"AttackPotion"},{"floor":18.0,"key":"Explosive Potion"},{"floor":20.0,"key":"Strength Potion"},{"floor":27.0,"key":"Regen Potion"},{"floor":28.0,"key":"FearPotion"},{"floor":33.0,"key":"Regen Potion"},{"floor":37.0,"key":"SteroidPotion"},{"floor":38.0,"key":"EssenceOfSteel"},{"floor":42.0,"key":"Dexterity Potion"},{"floor":45,"key":"Regen Potion"}],"is_trial":false,"path_per_floor":["M","?","$","?","$","R","E","?","T","R","M","E","M","M","R","B",null,"M","?","M","M","$","R","E","?","T","M","M","R","?","M","R","B",null,"M","$","M","M","M","E","R","E","T","R","M","?","$","M","R","B",null],"character_chosen":"DEFECT","items_purchased":["Frozen Egg 2","OrangePellets","ClockworkSouvenir","Mummified Hand"],"campfire_rested":0,"item_purchase_floors":[5,22,36,47],"current_hp_per_floor":[50,50,50,39,39,39,14,32,32,38,48,42,52,59,65,28,67,72,32,52,41,56,65,33,25,25,13,19,31,31,45,57,42,71,71,80,80,74,58,68,80,90,90,90,90,80,90,90,90,90],"gold":37,"neow_bonus":"TWO_FIFTY_GOLD","is_daily":false,"chose_seed":false,"campfire_upgraded":9,"win_rate":0.0,"timestamp":1609776661,"path_taken":["M","?","$","?","$","R","E","?","T","R","M","E","M","M","R","BOSS","M","?","M","M","$","R","E","?","T","?","M","R","?","M","R","BOSS","M","$","M","?","M","E","R","E","T","R","M","?","$","M","R","BOSS"],"items_purchased_type":["Relic","Relic","Relic","Relic"],"build_version":"2020-12-22","purchased_purges":3,"victory":true,"max_hp_per_floor":[75,75,75,75,75,75,75,75,75,75,75,80,80,80,80,80,80,80,80,80,80,80,80,80,80,80,80,80,80,80,80,80,80,80,80,80,80,80,80,80,80,90,90,90,90,90,90,90,90,90],"card_choices":[{"not_picked":["Compile Driver","Gash"],"picked":"Rebound","floor":1.0},{"not_picked":["BootSequence","Reprogram"],"picked":"Self Repair+1","floor":7.0},{"not_picked":["Doom and Gloom","Stack"],"picked":"Defragment+1","floor":11.0},{"not_picked":["Reboot","Reinforced Body"],"picked":"Echo Form+1","floor":12.0},{"not_picked":["Fusion","Redo"],"picked":"Double Energy","floor":13.0},{"not_picked":["Hello World+1","Compile Driver"],"picked":"Conserve Battery","floor":14.0},{"not_picked":["Machine Learning+1","Hyperbeam"],"picked":"Reboot","floor":16.0},{"not_picked":["Hologram","Skim"],"picked":"Defragment+1","floor":18.0},{"not_picked":["Beam Cell+1","Hologram"],"picked":"Genetic Algorithm","floor":19.0},{"not_picked":["Stack","Compile Driver"],"picked":"Force Field+1","floor":20.0},{"not_picked":["Conserve Battery","Go for the Eyes"],"picked":"Lockon","floor":21.0},{"not_picked":["Recycle","Gash+1"],"picked":"White Noise","floor":24.0},{"not_picked":["Rip and Tear+1","Coolheaded"],"picked":"Ball Lightning","floor":27.0},{"not_picked":["Genetic Algorithm","Barrage"],"picked":"FTL+1","floor":28.0},{"not_picked":["Cold Snap","Defragment+1"],"picked":"Biased Cognition+1","floor":31.0},{"not_picked":["Fission","Meteor Strike"],"picked":"Amplify","floor":33.0},{"not_picked":["Steam+1","Stack+1","Turbo+1"],"picked":"SKIP","floor":35.0},{"not_picked":["Redo+1","Beam Cell+1","Barrage+1"],"picked":"SKIP","floor":37.0},{"not_picked":["Hello World+1","Streamline","Undo+1"],"picked":"SKIP","floor":38.0},{"not_picked":["Rebound","Hello World+1","Redo+1"],"picked":"SKIP","floor":39.0},{"not_picked":["Thunder Strike","Beam Cell+1","Leap"],"picked":"SKIP","floor":40.0},{"not_picked":["Genetic Algorithm+1","Core Surge","Ball Lightning+1"],"picked":"SKIP","floor":42.0},{"not_picked":["Compile Driver+1","Scrape","Lockon"],"picked":"SKIP","floor":45},{"not_picked":["Dramatic Entrance","Mind Blast"],"picked":"Purity","floor":46},{"not_picked":["PanicButton","Mind Blast"],"picked":"Secret Technique","floor":46},{"not_picked":["Glacier","Ball Lightning","Redo"],"picked":"SKIP","floor":48}],"player_experience":330828,"relics_obtained":[{"floor":7.0,"key":"HornCleat"},{"floor":9.0,"key":"Eternal Feather"},{"floor":12.0,"key":"MealTicket"},{"floor":19.0,"key":"Red Mask"},{"floor":24.0,"key":"Oddly Smooth Stone"},{"floor":40.0,"key":"The Courier"},{"floor":42.0,"key":"Pear"}],"event_choices":[{"damage_healed":0.0,"max_hp_gain":0.0,"max_hp_loss":0.0,"gold_gain":0.0,"cards_transformed":["Strike_B"],"event_name":"Living Wall","player_choice":"Change","floor":2.0,"gold_loss":0.0,"damage_taken":0.0,"cards_obtained":["Storm"]},{"damage_healed":0.0,"max_hp_gain":0.0,"max_hp_loss":0.0,"gold_gain":75.0,"event_name":"World of Goop","player_choice":"Gather Gold","floor":4.0,"gold_loss":0.0,"damage_taken":11.0},{"damage_healed":18.0,"max_hp_gain":0.0,"max_hp_loss":0.0,"gold_gain":0.0,"event_name":"The Cleric","player_choice":"Healed","floor":8.0,"gold_loss":35.0,"damage_taken":0.0},{"damage_healed":0.0,"max_hp_gain":0.0,"max_hp_loss":0.0,"gold_gain":0.0,"event_name":"Masked Bandits","player_choice":"Fought Bandits","floor":19.0,"gold_loss":0.0,"damage_taken":0.0},{"damage_healed":0.0,"max_hp_gain":0.0,"max_hp_loss":0.0,"gold_gain":0.0,"event_name":"Wheel of Change","player_choice":"Damaged","floor":25.0,"gold_loss":0.0,"damage_taken":8.0},{"damage_healed":0.0,"max_hp_gain":0.0,"max_hp_loss":0.0,"gold_gain":0.0,"event_name":"Match and Keep!","player_choice":"2 cards matched","floor":30.0,"gold_loss":0.0,"damage_taken":0.0,"cards_obtained":["Glacier","Finesse"]},{"damage_healed":0,"gold_gain":0,"player_choice":"Memory 3","damage_taken":10,"max_hp_gain":0,"max_hp_loss":0,"event_name":"SensoryStone","floor":46,"gold_loss":0}],"is_beta":false,"boss_relics":[{"not_picked":["SlaversCollar","Pandora\u0027s Box"],"picked":"Cursed Key"},{"not_picked":["Tiny House","Black Star"],"picked":"Runic Pyramid"}],"items_purged_floors":[3,5,22],"is_endless":false,"potions_floor_spawned":[12,14,16,18,20,27,28,33,37,38,42,45],"ascension_level":6}}