{"host":"cv77zuuuekizn3ic","time":1609759422,"event":{"mods":["AchievementEnabler","BaseMod","Marisa£®ÏF”Í°°ƒß¿Ì…≥£©","Minty Spire (QoL Compilation)","StSLib","Waifu the Spire","everything is the same but u backflip on backflip","slay the spire mod where everything is the same but ironclad has a cowboy hat"],"gold_per_floor":[114,114,125,71,146,177,177,204,229,248,276,291,22,44,44,156,156,167,167,167,185,84,113,113,133,213,242,254,265,278,319,319,427,427,440,166,214,239,149,181,201,224,224,241,291,111,143,153,153,153,153,153,42,85,85],"floor_reached":56,"playtime":5885,"items_purged":["Strike_B","Defend_B","BootSequence","Dualcast"],"score":1961,"play_id":"75efb100-6fbb-46a3-8932-4ece06048889","local_time":"20210104192342","is_ascension_mode":true,"campfire_choices":[{"data":"Zap","floor":7.0,"key":"SMITH"},{"data":"Apotheosis","floor":15.0,"key":"SMITH"},{"floor":24,"key":"REST"},{"floor":32,"key":"RECALL"},{"floor":49,"key":"REST"},{"floor":52,"key":"REST"}],"circlet_count":0,"master_deck":["Zap+1","Hello World","Skim","Ball Lightning+1","Doom and Gloom+1","BootSequence","Cold Snap","Recycle+1","Apotheosis+1","Madness","Biased Cognition","Fission","Steam Power","Turbo+1","Glacier+1","Creative AI","Echo Form","Secret Technique+1","Coolheaded+1","Buffer","Master of Strategy+1","Coolheaded+1","Amplify+1"],"relics":["Cracked Core","NeowsBlessing","Centennial Puzzle","Akabeko","Dream Catcher","The Courier","Membership Card","CeramicFish","Black Star","Pocketwatch","Toolbox","Torii","Vajra","Toxic Egg 2","Whetstone","Pantograph","Empty Cage","Mummified Hand","Anchor","CatCart","Emotion Chip","Mango","Lizard Tail","Orrery","Smiling Mask","CaptainsWheel","DataDisk","Ornamental Fan","FossilizedHelix"],"acts_visited":["Exordium","TheCity","TheBeyond","TheEnding"],"potions_floor_usage":[55,55,55],"damage_taken":[{"damage":0.0,"enemies":"Small Slimes","floor":1.0,"turns":1.0},{"damage":0.0,"enemies":"Cultist","floor":3.0,"turns":1.0},{"damage":0.0,"enemies":"3 Sentries","floor":6.0,"turns":1.0},{"damage":35.0,"enemies":"Lagavulin","floor":8.0,"turns":5.0},{"damage":0.0,"enemies":"2 Louse","floor":10.0,"turns":3.0},{"damage":6.0,"enemies":"3 Sentries","floor":11.0,"turns":5.0},{"damage":0.0,"enemies":"Blue Slaver","floor":12.0,"turns":2.0},{"damage":1.0,"enemies":"Red Slaver","floor":14.0,"turns":2.0},{"damage":12.0,"enemies":"Slime Boss","floor":16.0,"turns":9.0},{"damage":1,"enemies":"2 Thieves","floor":18,"turns":4},{"damage":0,"enemies":"Slavers","floor":23,"turns":3},{"damage":0,"enemies":"3 Byrds","floor":25,"turns":2},{"damage":0,"enemies":"Cultist and Chosen","floor":27,"turns":5},{"damage":0,"enemies":"Centurion and Healer","floor":28,"turns":5},{"damage":1,"enemies":"Shelled Parasite and Fungi","floor":29,"turns":3},{"damage":6,"enemies":"Snecko","floor":30,"turns":5},{"damage":0,"enemies":"Book of Stabbing","floor":31,"turns":4},{"damage":72,"enemies":"Champ","floor":33,"turns":11},{"damage":1,"enemies":"Orb Walker","floor":35,"turns":3},{"damage":0,"enemies":"Orin","floor":37,"turns":9},{"damage":1,"enemies":"3 Darklings","floor":38,"turns":3},{"damage":0,"enemies":"Giant Head","floor":40,"turns":6},{"damage":0,"enemies":"Sphere and 2 Shapes","floor":41,"turns":3},{"damage":0,"enemies":"Writhing Mass","floor":42,"turns":4},{"damage":1,"enemies":"3 Darklings","floor":44,"turns":4},{"damage":0,"enemies":"Mind Bloom Boss Battle","floor":45,"turns":5},{"damage":36,"enemies":"Nemesis","floor":47,"turns":5},{"damage":4,"enemies":"4 Shapes","floor":48,"turns":3},{"damage":24,"enemies":"Donu and Deca","floor":50,"turns":10},{"damage":0,"enemies":"Shield and Spear","floor":54,"turns":7},{"damage":18,"enemies":"The Heart","floor":55,"turns":7}],"seed_played":"-5923399570995378554","potions_obtained":[{"floor":6.0,"key":"Block Potion"},{"floor":10.0,"key":"Fire Potion"},{"floor":11.0,"key":"FearPotion"},{"floor":14.0,"key":"Ancient Potion"},{"floor":33,"key":"PowerPotion"}],"is_trial":false,"path_per_floor":["M","?","M","$","?","E","R","E","T","M","E","M","$","M","R","B",null,"M","?","?","?","$","E","R","M","T","M","M","M","M","E","R","B",null,"M","$","?","M","?","E","M","M","T","M","?","$","E","M","R","B",null,"R","$","E","B",null],"character_chosen":"DEFECT","items_purchased":["Ball Lightning","Membership Card","CeramicFish","Apotheosis","Madness","Toolbox","Mummified Hand","Anchor","Secret Technique+1","Master of Strategy+1","Orrery","DataDisk","Coolheaded+1"],"campfire_rested":3,"item_purchase_floors":[4,13,13,13,13,22,36,36,36,46,46,53,53],"current_hp_per_floor":[68,68,68,68,61,61,61,26,26,26,20,20,20,19,19,7,58,57,43,43,43,43,43,67,67,67,67,67,66,60,60,60,8,62,61,61,61,60,60,74,74,74,74,73,94,94,58,54,82,70,88,94,94,94,76],"gold":85,"neow_bonus":"THREE_ENEMY_KILL","is_daily":false,"chose_seed":false,"campfire_upgraded":2,"win_rate":0.0,"timestamp":1609759422,"path_taken":["M","?","?","$","?","E","R","E","T","M","E","M","$","?","R","BOSS","M","?","?","?","?","E","R","M","T","M","?","M","M","E","R","BOSS","M","$","?","M","?","E","M","?","T","M","?","?","E","?","R","BOSS","R","$","E","BOSS"],"items_purchased_type":["Card","Relic","Relic","Card","Card","Relic","Relic","Relic","Card","Card","Relic","Relic","Card"],"build_version":"2020-12-22","purchased_purges":4,"victory":true,"max_hp_per_floor":[75,75,75,75,75,75,75,75,75,75,75,75,75,75,75,75,75,75,80,80,80,80,80,80,80,80,80,80,80,80,80,80,80,80,80,80,80,80,80,94,94,94,94,94,94,94,94,94,94,94,94,94,94,94,94],"card_choices":[{"not_picked":["Compile Driver","Capacitor"],"picked":"Hello World","floor":1.0},{"not_picked":["Steam","Beam Cell","Stack"],"picked":"SKIP","floor":3.0},{"not_picked":["Force Field","Darkness"],"picked":"Doom and Gloom","floor":6.0},{"not_picked":["Darkness","Melter"],"picked":"BootSequence","floor":8.0},{"not_picked":["Ball Lightning","Leap"],"picked":"Cold Snap","floor":10.0},{"not_picked":["Hello World","Static Discharge","Streamline"],"picked":"SKIP","floor":11.0},{"not_picked":["Gash","Melter"],"picked":"Recycle","floor":12.0},{"not_picked":["Cold Snap","Fusion"],"picked":"BootSequence","floor":14.0},{"not_picked":["Hyperbeam","Core Surge"],"picked":"Biased Cognition","floor":16.0},{"not_picked":["Tempest","Recycle+1","Beam Cell+1"],"picked":"SKIP","floor":18},{"not_picked":["FTL","Recycle","Barrage"],"picked":"SKIP","floor":23},{"not_picked":["Rebound","Leap+1","Turbo+1"],"picked":"SKIP","floor":25},{"not_picked":["Rebound","Leap+1"],"picked":"Turbo+1","floor":25},{"not_picked":["Rebound","Conserve Battery+1"],"picked":"Glacier+1","floor":27},{"not_picked":["Turbo+1","Coolheaded+1","Hologram+1"],"picked":"SKIP","floor":28},{"not_picked":["Ball Lightning","Conserve Battery+1","Fusion+1"],"picked":"SKIP","floor":29},{"not_picked":["Blizzard+1","Go for the Eyes+1","Storm"],"picked":"SKIP","floor":30},{"not_picked":["Ball Lightning+1","Cold Snap"],"picked":"Creative AI","floor":31},{"not_picked":["Machine Learning","Amplify+1"],"picked":"Echo Form","floor":33},{"not_picked":["Lockon","Ball Lightning","Sweeping Beam+1"],"picked":"SKIP","floor":35},{"not_picked":["Compile Driver+1","Rebound"],"picked":"Coolheaded+1","floor":38},{"not_picked":["Turbo+1","Stack+1","Cold Snap+1"],"picked":"SKIP","floor":40},{"not_picked":["Compile Driver+1","Redo+1","Conserve Battery+1"],"picked":"SKIP","floor":41},{"not_picked":["Leap+1","Go for the Eyes+1"],"picked":"Buffer","floor":42},{"not_picked":["Consume+1","Gash","Conserve Battery+1"],"picked":"SKIP","floor":44},{"not_picked":["Consume+1","Gash","Conserve Battery+1"],"picked":"SKIP","floor":44},{"not_picked":["Redo+1","Coolheaded+1","Capacitor+1"],"picked":"SKIP","floor":47},{"not_picked":["Self Repair","Coolheaded+1","Doom and Gloom+1"],"picked":"SKIP","floor":48},{"not_picked":["Capacitor","Hologram+1"],"picked":"Amplify+1","floor":54}],"player_experience":713319,"relics_obtained":[{"floor":6.0,"key":"Centennial Puzzle"},{"floor":8.0,"key":"Akabeko"},{"floor":9.0,"key":"Dream Catcher"},{"floor":11.0,"key":"The Courier"},{"floor":23,"key":"Torii"},{"floor":23,"key":"Vajra"},{"floor":26,"key":"Toxic Egg 2"},{"floor":31,"key":"Whetstone"},{"floor":31,"key":"Pantograph"},{"floor":37,"key":"CatCart"},{"floor":40,"key":"Emotion Chip"},{"floor":40,"key":"Mango"},{"floor":45,"key":"Lizard Tail"},{"floor":47,"key":"Smiling Mask"},{"floor":47,"key":"CaptainsWheel"},{"floor":54,"key":"Ornamental Fan"},{"floor":54,"key":"FossilizedHelix"}],"event_choices":[{"damage_healed":0.0,"max_hp_gain":0.0,"max_hp_loss":0.0,"gold_gain":0.0,"cards_transformed":["Strike_B"],"event_name":"Transmorgrifier","player_choice":"Transformed","floor":2.0,"gold_loss":0.0,"damage_taken":0.0,"cards_obtained":["Skim"]},{"damage_healed":0.0,"max_hp_gain":0.0,"max_hp_loss":0.0,"gold_gain":75.0,"event_name":"FaceTrader","player_choice":"Touch","floor":5.0,"gold_loss":0.0,"damage_taken":7.0},{"damage_healed":0,"gold_gain":0,"player_choice":"Shed Blood","damage_taken":19,"max_hp_gain":5,"max_hp_loss":0,"event_name":"Forgotten Altar","floor":19,"gold_loss":0},{"damage_healed":0,"gold_gain":0,"player_choice":"Opened","damage_taken":0,"relics_obtained":["Pocketwatch"],"max_hp_gain":0,"max_hp_loss":0,"event_name":"The Mausoleum","floor":20,"gold_loss":0},{"damage_healed":0,"gold_gain":0,"cards_transformed":["Strike_B","Strike_B"],"player_choice":"Became Test Subject","damage_taken":0,"max_hp_gain":0,"max_hp_loss":0,"event_name":"Drug Dealer","floor":21,"gold_loss":0,"cards_obtained":["Fission","Steam Power"]},{"damage_healed":0,"gold_gain":0,"player_choice":"Fight","damage_taken":0,"max_hp_gain":0,"max_hp_loss":0,"event_name":"OrinTheCat","floor":37,"gold_loss":0},{"cards_removed":["Defend_B"],"damage_healed":0,"gold_gain":0,"player_choice":"Upgrade and Remove","damage_taken":0,"max_hp_gain":0,"max_hp_loss":0,"event_name":"Designer","floor":39,"gold_loss":90,"cards_upgraded":["Recycle"]},{"damage_healed":0,"gold_gain":0,"player_choice":"Fight","damage_taken":0,"max_hp_gain":0,"max_hp_loss":0,"event_name":"MindBloom","floor":45,"gold_loss":0}],"is_beta":false,"boss_relics":[{"not_picked":["Ectoplasm","Pandora\u0027s Box"],"picked":"Black Star"},{"not_picked":["Cursed Key","Nuclear Battery"],"picked":"Empty Cage"}],"items_purged_floors":[22,36,46,53],"is_endless":false,"potions_floor_spawned":[6,10,11,14,18,25,27,33,38,40,44,45,47,54],"ascension_level":9}}