{"host":"h0xw20cia6ppa69g","time":1609755832,"event":{"mods":["AchievementEnabler","BaseMod","Colored Map","Filter the Spire","Googly Eyes","Minty Spire (QoL Compilation)","Relic Stats","StSLib","The Awakened One except there are too many feathers","everything is the same but u backflip on backflip"],"gold_per_floor":[110,60,71,71,146,178,178,195,269,290,316,316,316,343,343,448,448,468,468,468,468,468,468,499,499,499,499,24,58,69,99,99,195,195,207,207,59,79,79,109,109,138,212,212,239,255,268,268,268,268,268,268,32,61,61],"floor_reached":56,"playtime":3094,"items_purged":["Pain"],"score":1559,"play_id":"0ca6f807-d378-4ec3-88bf-4d6181b6c695","local_time":"20210104042352","is_ascension_mode":true,"campfire_choices":[{"data":"Redo","floor":7,"key":"SMITH"},{"floor":12,"key":"REST"},{"data":"Creative AI","floor":15,"key":"SMITH"},{"data":"Fission","floor":23,"key":"SMITH"},{"data":"Reinforced Body","floor":25,"key":"SMITH"},{"data":"Hologram","floor":27,"key":"SMITH"},{"data":"Skim","floor":32,"key":"SMITH"},{"floor":41,"key":"RECALL"},{"data":"Turbo","floor":44,"key":"SMITH"},{"data":"Storm","floor":49,"key":"SMITH"},{"data":"Storm","floor":52,"key":"SMITH"}],"circlet_count":0,"master_deck":["Dualcast","Redo+1","Rainbow","Fission+1","Rebound","White Noise","Creative AI+1","Undo","Reinforced Body+1","Glacier","Compile Driver","Hologram+1","Consume+1","Storm+1","Electrodynamics","Turbo+1","Turbo","Skim+1","Machine Learning","BootSequence","Stack","Multi-Cast","Leap","Storm+1","Aggregate","Glacier","Thunder Strike+1","Loop+1","Heatsinks","Self Repair","Recycle","Coolheaded+1","Hologram+1","Jack Of All Trades+1","Impatience+1","Dark Shackles+1","Panacea+1","Defragment+1","Turbo+1","Stack+1","Coolheaded+1"],"relics":["Pandora\u0027s Box","MealTicket","Tiny Chest","Molten Egg 2","Odd Mushroom","Pantograph","Incense Burner","Philosopher\u0027s Stone","StrikeDummy","Du-Vu Doll","Pear","Orrery","Oddly Smooth Stone","Pen Nib","HornCleat","Black Star","WarpedTongs","Bottled Tornado","Sundial","Lantern","Frozen Egg 2","Smiling Mask","Toxic Egg 2","Thread and Needle","Letter Opener","FossilizedHelix","Anchor"],"acts_visited":["Exordium","TheCity","TheBeyond","TheEnding"],"potions_floor_usage":[11,24,29,31,31,46,47,55,55,55],"damage_taken":[{"damage":0,"enemies":"Jaw Worm","floor":1,"turns":3},{"damage":0,"enemies":"2 Louse","floor":3,"turns":3},{"damage":3,"enemies":"Lagavulin","floor":6,"turns":11},{"damage":6,"enemies":"Small Slimes","floor":8,"turns":4},{"damage":0,"enemies":"The Mushroom Lair","floor":10,"turns":8},{"damage":30,"enemies":"Gremlin Nob","floor":11,"turns":5},{"damage":10,"enemies":"Lagavulin","floor":14,"turns":8},{"damage":24,"enemies":"Hexaghost","floor":16,"turns":8},{"damage":0,"enemies":"Chosen","floor":18,"turns":6},{"damage":33,"enemies":"Slavers","floor":24,"turns":3},{"damage":0,"enemies":"Gremlin Leader","floor":29,"turns":6},{"damage":20,"enemies":"3 Byrds","floor":30,"turns":3},{"damage":8,"enemies":"Slavers","floor":31,"turns":3},{"damage":0,"enemies":"Champ","floor":33,"turns":8},{"damage":0,"enemies":"3 Shapes","floor":35,"turns":5},{"damage":2,"enemies":"Orb Walker","floor":38,"turns":3},{"damage":3,"enemies":"Reptomancer","floor":40,"turns":4},{"damage":0,"enemies":"Giant Head","floor":42,"turns":6},{"damage":0,"enemies":"Nemesis","floor":45,"turns":7},{"damage":2,"enemies":"Writhing Mass","floor":46,"turns":7},{"damage":0,"enemies":"Transient","floor":47,"turns":5},{"damage":2,"enemies":"Donu and Deca","floor":50,"turns":8},{"damage":0,"enemies":"Shield and Spear","floor":54,"turns":4},{"damage":81,"enemies":"The Heart","floor":55,"turns":7}],"seed_played":"-4234065383152440645","potions_obtained":[{"floor":1,"key":"DuplicationPotion"},{"floor":10,"key":"EssenceOfSteel"},{"floor":11,"key":"GamblersBrew"},{"floor":16,"key":"EssenceOfDarkness"},{"floor":24,"key":"PowerPotion"},{"floor":30,"key":"Fire Potion"},{"floor":40,"key":"Swift Potion"},{"floor":42,"key":"SpeedPotion"},{"floor":46,"key":"Fruit Juice"},{"floor":47,"key":"LiquidMemories"}],"is_trial":false,"path_per_floor":["M","?","M","?","?","E","R","M","T","?","E","R","?","E","R","B",null,"M","?","T","?","T","R","E","R","T","R","$","E","M","E","R","B",null,"M","?","$","M","T","E","R","E","T","R","E","M","M","?","R","B",null,"R","$","E","B",null],"character_chosen":"DEFECT","items_purchased":["Skim","Orrery","Leap","Storm","Oddly Smooth Stone","Heatsinks","Panacea+1","Defragment+1","Turbo+1","Stack+1"],"campfire_rested":1,"item_purchase_floors":[28,28,28,28,28,37,53,53,53,53],"current_hp_per_floor":[75,75,75,57,46,43,43,37,37,37,7,29,29,19,19,20,75,75,75,75,75,75,75,42,42,52,52,67,67,47,39,39,64,85,85,85,85,83,83,85,85,85,85,85,85,85,90,80,80,90,90,90,90,90,9],"gold":61,"neow_bonus":"BOSS_RELIC","is_daily":false,"chose_seed":false,"campfire_upgraded":9,"win_rate":0.0,"timestamp":1609755832,"path_taken":["M","?","M","?","?","E","R","M","T","?","E","R","?","E","R","BOSS","M","?","?","?","?","R","E","R","T","R","$","E","M","E","R","BOSS","M","?","$","M","?","E","R","E","T","R","E","M","M","?","R","BOSS","R","$","E","BOSS"],"items_purchased_type":["Card","Relic","Card","Card","Relic","Card","Card","Card","Card","Card"],"build_version":"2020-12-22","purchased_purges":1,"victory":true,"max_hp_per_floor":[75,75,75,75,75,75,75,75,75,75,75,75,75,75,75,75,75,75,75,75,75,75,75,75,75,85,85,85,85,85,85,85,85,85,85,85,85,85,85,85,85,85,85,85,85,85,90,90,90,90,90,90,90,90,90],"relic_stats":{"counters":[24,135],"Sundial":[6],"Pantograph":60,"Pandora\u0027s Box":["Redo","Chaos","Rainbow","Fission","Rebound","White Noise","Creative AI","Undo"],"MealTicket":15,"Tiny Chest":2,"Pen Nib":[2],"Black Star":4,"Letter Opener":[127],"Smiling Mask":0,"obtain_stats":[{"Lantern":40,"Incense Burner":14,"Bottled Tornado":39,"Smiling Mask":42,"HornCleat":31,"Sundial":40,"Pantograph":11,"MealTicket":4,"Tiny Chest":6,"Philosopher\u0027s Stone":17,"Toxic Egg 2":43,"Cracked Core":0,"Pear":26,"Oddly Smooth Stone":28,"Thread and Needle":45,"Pen Nib":29,"Letter Opener":45,"Odd Mushroom":10,"Frozen Egg 2":42,"WarpedTongs":36,"Du-Vu Doll":24,"Anchor":54,"Orrery":28,"Pandora\u0027s Box":0,"Molten Egg 2":9,"Black Star":34,"StrikeDummy":22,"FossilizedHelix":54},{"Lantern":17,"Incense Burner":7,"Bottled Tornado":16,"Smiling Mask":18,"HornCleat":13,"Sundial":17,"Pantograph":6,"MealTicket":2,"Tiny Chest":3,"Philosopher\u0027s Stone":8,"Toxic Egg 2":18,"Cracked Core":0,"Pear":10,"Oddly Smooth Stone":10,"Thread and Needle":19,"Pen Nib":11,"Letter Opener":19,"Odd Mushroom":5,"Frozen Egg 2":18,"WarpedTongs":15,"Du-Vu Doll":10,"Anchor":23,"Orrery":10,"Pandora\u0027s Box":0,"Molten Egg 2":4,"Black Star":14,"StrikeDummy":9,"FossilizedHelix":23},{"Lantern":91,"Incense Burner":42,"Bottled Tornado":87,"Smiling Mask":97,"HornCleat":71,"Sundial":91,"Pantograph":34,"MealTicket":6,"Tiny Chest":17,"Philosopher\u0027s Stone":50,"Toxic Egg 2":97,"Cracked Core":0,"Pear":59,"Oddly Smooth Stone":59,"Thread and Needle":104,"Pen Nib":65,"Letter Opener":104,"Odd Mushroom":29,"Frozen Egg 2":97,"WarpedTongs":84,"Du-Vu Doll":59,"Anchor":128,"Orrery":59,"Pandora\u0027s Box":0,"Molten Egg 2":21,"Black Star":79,"StrikeDummy":56,"FossilizedHelix":128}],"WarpedTongs":[49]},"card_choices":[{"not_picked":["Gash","Conserve Battery"],"picked":"Reinforced Body","floor":1},{"not_picked":["Gash","Conserve Battery"],"picked":"Glacier","floor":3},{"not_picked":["Coolheaded","Steam"],"picked":"Compile Driver","floor":6},{"not_picked":["Beam Cell","Tempest","Cold Snap"],"picked":"SKIP","floor":8},{"not_picked":["Cold Snap+1","Ball Lightning+1"],"picked":"Hologram","floor":10},{"not_picked":["Stack","Compile Driver+1"],"picked":"Consume","floor":11},{"not_picked":["Streamline+1","Sunder+1"],"picked":"Storm","floor":14},{"not_picked":["Buffer","Biased Cognition"],"picked":"Electrodynamics","floor":16},{"not_picked":["Static Discharge","Steam Power"],"picked":"Turbo","floor":18},{"not_picked":["BootSequence","Streamline+1"],"picked":"Turbo","floor":24},{"not_picked":["Steam","Beam Cell+1"],"picked":"Machine Learning","floor":28},{"not_picked":["Streamline+1","Coolheaded"],"picked":"BootSequence","floor":28},{"not_picked":["Steam","Redo"],"picked":"Stack","floor":28},{"not_picked":["Stack","Barrage+1"],"picked":"Multi-Cast","floor":28},{"not_picked":["Ball Lightning+1","Tempest+1"],"picked":"Aggregate","floor":29},{"not_picked":["Stack+1","Redo","Streamline+1"],"picked":"SKIP","floor":30},{"not_picked":["Blizzard+1","Coolheaded"],"picked":"Glacier","floor":31},{"not_picked":["Machine Learning","Multi-Cast"],"picked":"Thunder Strike+1","floor":33},{"not_picked":["Conserve Battery+1","Turbo"],"picked":"Loop+1","floor":35},{"not_picked":["Streamline+1","Scrape+1"],"picked":"Self Repair","floor":38},{"not_picked":["Rebound+1","Coolheaded"],"picked":"Recycle","floor":40},{"not_picked":["Doom and Gloom+1","Leap+1","Rainbow"],"picked":"SKIP","floor":42},{"not_picked":["Conserve Battery+1","Doom and Gloom+1"],"picked":"Coolheaded+1","floor":45},{"not_picked":["Barrage+1","Ball Lightning+1","Auto Shields+1"],"picked":"SKIP","floor":46},{"not_picked":["Gash+1","Glacier+1"],"picked":"Hologram+1","floor":47},{"not_picked":["Mind Blast+1","Deep Breath+1"],"picked":"Jack Of All Trades+1","floor":48},{"not_picked":["Forethought+1","Mayhem+1"],"picked":"Impatience+1","floor":48},{"not_picked":["Dramatic Entrance+1","The Bomb+1"],"picked":"Dark Shackles+1","floor":48},{"not_picked":["Go for the Eyes+1","Genetic Algorithm+1"],"picked":"Coolheaded+1","floor":54}],"player_experience":3609900,"relics_obtained":[{"floor":6,"key":"Tiny Chest"},{"floor":9,"key":"Molten Egg 2"},{"floor":10,"key":"Odd Mushroom"},{"floor":11,"key":"Pantograph"},{"floor":14,"key":"Incense Burner"},{"floor":22,"key":"StrikeDummy"},{"floor":24,"key":"Du-Vu Doll"},{"floor":26,"key":"Pear"},{"floor":29,"key":"Pen Nib"},{"floor":31,"key":"HornCleat"},{"floor":39,"key":"Bottled Tornado"},{"floor":40,"key":"Sundial"},{"floor":40,"key":"Lantern"},{"floor":42,"key":"Frozen Egg 2"},{"floor":42,"key":"Smiling Mask"},{"floor":43,"key":"Toxic Egg 2"},{"floor":45,"key":"Thread and Needle"},{"floor":45,"key":"Letter Opener"},{"floor":54,"key":"FossilizedHelix"},{"floor":54,"key":"Anchor"}],"event_choices":[{"cards_removed":["Zap"],"damage_healed":0,"gold_gain":0,"player_choice":"Card Removal","damage_taken":0,"max_hp_gain":0,"max_hp_loss":0,"event_name":"The Cleric","floor":2,"gold_loss":50},{"damage_healed":0,"gold_gain":0,"player_choice":"Success","damage_taken":18,"relics_obtained":["MealTicket"],"max_hp_gain":0,"max_hp_loss":0,"event_name":"Scrap Ooze","floor":4,"gold_loss":0},{"damage_healed":0,"gold_gain":75,"player_choice":"Gather Gold","damage_taken":11,"max_hp_gain":0,"max_hp_loss":0,"event_name":"World of Goop","floor":5,"gold_loss":0},{"damage_healed":0,"gold_gain":0,"player_choice":"Fought Mushrooms","damage_taken":0,"max_hp_gain":0,"max_hp_loss":0,"event_name":"Mushrooms","floor":10,"gold_loss":0},{"damage_healed":0,"gold_gain":0,"player_choice":"Grow","damage_taken":0,"max_hp_gain":0,"max_hp_loss":0,"event_name":"Living Wall","floor":13,"gold_loss":0,"cards_upgraded":["Consume"]},{"cards_removed":["Chaos"],"damage_healed":0,"gold_gain":0,"player_choice":"Elegance","damage_taken":0,"max_hp_gain":0,"max_hp_loss":0,"event_name":"Back to Basics","floor":19,"gold_loss":0},{"damage_healed":0,"gold_gain":0,"player_choice":"Ignored","damage_taken":0,"max_hp_gain":0,"max_hp_loss":0,"event_name":"Vampires","floor":21,"gold_loss":0},{"damage_healed":0,"gold_gain":0,"player_choice":"Rummage","damage_taken":0,"relics_obtained":["WarpedTongs"],"max_hp_gain":0,"max_hp_loss":0,"event_name":"Accursed Blacksmith","floor":36,"gold_loss":0,"cards_obtained":["Pain"]},{"damage_healed":0,"gold_gain":0,"player_choice":"Memory 3","damage_taken":10,"max_hp_gain":0,"max_hp_loss":0,"event_name":"SensoryStone","floor":48,"gold_loss":0}],"is_beta":false,"boss_relics":[{"not_picked":["Calling Bell","Velvet Choker"],"picked":"Philosopher\u0027s Stone"},{"not_picked":["Cursed Key","SacredBark"],"picked":"Black Star"}],"items_purged_floors":[37],"is_endless":false,"potions_floor_spawned":[1,10,11,16,18,24,30,40,42,46,47,54],"ascension_level":1}}