{"host":"kev6uqotw4tlyx8l","time":1609737254,"event":{"mods":["Act Like it!","Aspiration","BaseMod","Colored Powertips","Dota2Spire","Downfall","Hallownest","Infinite Spire","Marisa????????","Minty Spire (QoL Compilation)","Quick Restart","Remilia??????","Replay The Spire","StSLib","The Cursed","The Jungle","The Marked","The Mystic","The Servant 0.9.4"],"gold_per_floor":[113,113,126,140,153,153,184,184,184,184,202,202,216,231,231,333,333,349,43,43,43,60,60,74,74,74,103,119,146,161,12,12,116,116,136,136,155,248,264,264,264],"floor_reached":40,"playtime":1345,"items_purged":[],"score":530,"play_id":"fa866f13-bf1e-4007-9b57-2e2aa5e16664","local_time":"20210104121414","is_ascension_mode":false,"campfire_choices":[{"data":"TheCursedMod:ReleasedStrength","floor":6.0,"key":"SMITH"},{"floor":8.0,"key":"REST"},{"floor":15.0,"key":"REST"},{"floor":23.0,"key":"REST"},{"floor":25.0,"key":"REST"},{"floor":32,"key":"REST"}],"circlet_count":0,"master_deck":["TheCursedMod:Strike_TheCursed","TheCursedMod:Strike_TheCursed","TheCursedMod:Strike_TheCursed","TheCursedMod:Defend_TheCursed","TheCursedMod:Defend_TheCursed","TheCursedMod:Defend_TheCursed","TheCursedMod:CursedWand","TheCursedMod:CleanUpWorkshop","TheCursedMod:Dregs","TheCursedMod:SpitefulStrike+1","TheCursedMod:CursedShiv","TheCursedMod:SpitefulStrike","TheCursedMod:ReleasedStrength+1","TheCursedMod:CursedBlade","TheCursedMod:CursedMace","TheCursedMod:CircleOfCorruption","TheCursedMod:RapidMovement","TheCursedMod:VoidForm","TheCursedMod:HellsGateOpen","Swift Strike","sneckomod:Bewildered","Hallownest:curseDreamersLament","infinitespire:Oblivion","SuperPerseids+1","ShootingEcho+1","TheCursedMod:SurpriseAttack","TheCursedMod:Wield","WitchLeyline+1","WitchLeyline","TheCursedMod:FleshFromBone+1","TheCursedMod:WearCloak","ReplayTheSpireMod:Splinters","TheCursedMod:SpitefulStrike","6A","GasGiant"],"relics":["TheCursedMod:BlackMagic101","Dota2Spire:PhaseBoots","Replay:Bottled Eggs","Dota2Spire:MantaStyle","SlaversCollar","Dota2Spire:PowerTreads","aspiration:HatOfInfinitePower","aspiration:MarisaSkillbook","Bag of Preparation","Peace Pipe","Dota2Spire:BlackKingBar","Medical Kit","TheCursedMod:OminousMark","Blue Doll","ReplayTheSpireMod:TigerMarble","Kunai"],"acts_visited":["Exordium","TheCity","TheBeyond"],"potions_floor_usage":[33],"damage_taken":[{"damage":9.0,"enemies":"Jaw Worm","floor":1.0,"turns":4.0},{"damage":1.0,"enemies":"Cultist","floor":3.0,"turns":3.0},{"damage":0.0,"enemies":"2 Louse","floor":4.0,"turns":2.0},{"damage":8.0,"enemies":"Lots of Slimes","floor":5.0,"turns":3.0},{"damage":26.0,"enemies":"3 Sentries","floor":7.0,"turns":7.0},{"damage":6.0,"enemies":"2 Fungi Beasts","floor":11.0,"turns":3.0},{"damage":11.0,"enemies":"Exordium Thugs","floor":13.0,"turns":3.0},{"damage":9.0,"enemies":"Blue Slaver","floor":14.0,"turns":3.0},{"damage":8.0,"enemies":"Slime Boss","floor":16.0,"turns":7.0},{"damage":34.0,"enemies":"3 Byrds","floor":18.0,"turns":6.0},{"damage":6.0,"enemies":"Chosen","floor":22.0,"turns":3.0},{"damage":15.0,"enemies":"Snecko","floor":24.0,"turns":3.0},{"damage":1.0,"enemies":"Gremlin Leader","floor":27.0,"turns":5.0},{"damage":17.0,"enemies":"Shelled Parasite and Fungi","floor":28.0,"turns":3.0},{"damage":14.0,"enemies":"Slavers","floor":29.0,"turns":3.0},{"damage":21.0,"enemies":"Snake Plant","floor":30.0,"turns":3.0},{"damage":11,"enemies":"Automaton","floor":33,"turns":4},{"damage":0,"enemies":"Orb Walker","floor":35,"turns":2},{"damage":8,"enemies":"3 Darklings","floor":37,"turns":4},{"damage":0,"enemies":"Spire Growth","floor":39,"turns":2},{"damage":67,"enemies":"Nightmare","floor":40,"turns":5}],"seed_played":"698304326358860966","potions_obtained":[{"floor":1.0,"key":"Energy Potion"},{"floor":5.0,"key":"Guardian:BlockOnCardUsePotion"},{"floor":13.0,"key":"Strength Potion"},{"floor":14.0,"key":"Explosive Potion"},{"floor":24.0,"key":"Dota2Spire:HealingSalve"},{"floor":28.0,"key":"Adrenaline Potion"},{"floor":35,"key":"Dota2Spire:HealingSalve"},{"floor":39,"key":"Death Potion"}],"is_trial":false,"path_per_floor":["M","?","M","M","M","R","E","R","T","?","M","?","M","M","R","B",null,"M","$","?","AVR","M","R","M","R","T","E","M","E","M","$","R","B",null,"M","?","M","?","M","NM"],"character_chosen":"THE_CURSED","items_purchased":["Dota2Spire:PowerTreads","TheCursedMod:HellsGateOpen","Swift Strike","Medical Kit"],"campfire_rested":5,"item_purchase_floors":[19,19,19,31],"current_hp_per_floor":[66,66,65,65,57,57,31,53,53,53,47,47,36,27,49,41,75,41,41,41,41,35,57,42,64,64,75,58,44,23,23,45,34,75,75,75,67,67,67,0,0],"gold":264,"neow_bonus":"RANDOM_COMMON_RELIC","is_daily":false,"chose_seed":false,"campfire_upgraded":1,"win_rate":0.0,"timestamp":1609737254,"path_taken":["M","?","?","M","M","R","E","R","T","?","?","?","?","M","R","BOSS","M","$","?","AVR","M","R","M","R","T","E","M","E","M","$","R","BOSS","M","?","?","?","M","NM"],"items_purchased_type":["Relic","Card","Card","Relic"],"build_version":"2020-12-22","purchased_purges":0,"victory":false,"max_hp_per_floor":[75,75,75,75,75,75,75,75,75,75,75,75,75,75,75,75,75,75,75,75,75,75,75,75,75,75,75,75,75,75,75,75,75,75,75,75,75,75,75,75,75],"card_choices":[{"not_picked":["TheCursedMod:WearCloak","TheCursedMod:Stigma"],"picked":"TheCursedMod:SpitefulStrike","floor":1.0},{"not_picked":["TheCursedMod:Torture","TheCursedMod:BlessingInDisguise"],"picked":"TheCursedMod:CursedShiv","floor":3.0},{"not_picked":["TheCursedMod:RavingStaff","TheCursedMod:BloodBarrier"],"picked":"TheCursedMod:SpitefulStrike","floor":4.0},{"not_picked":["TheCursedMod:Obscuration","TheCursedMod:TacticalStrike"],"picked":"TheCursedMod:ReleasedStrength","floor":5.0},{"not_picked":["TheCursedMod:Evocation","TheCursedMod:Torture","TheCursedMod:SmokeScreen"],"picked":"SKIP","floor":7.0},{"not_picked":["TheCursedMod:Neurasthenia","TheCursedMod:CircleOfBlood"],"picked":"TheCursedMod:CursedBlade","floor":11.0},{"not_picked":["TheCursedMod:CircleOfFlame","TheCursedMod:FuryStrike"],"picked":"TheCursedMod:CircleOfCorruption","floor":13.0},{"not_picked":["TheCursedMod:ParallelWorld","TheCursedMod:FleshFromBone"],"picked":"TheCursedMod:RapidMovement","floor":14.0},{"not_picked":["TheCursedMod:StunningStrike","TheCursedMod:ForbiddenAlchemy"],"picked":"TheCursedMod:VoidForm","floor":16.0},{"not_picked":["TheCursedMod:CircleOfWindfury","TheCursedMod:VitalStrike+1","TheCursedMod:TroublousMinions"],"picked":"SKIP","floor":18.0},{"not_picked":["infinitespire:TheBestDefense","ReplayTheSpireMod:??????????????????????"],"picked":"infinitespire:Oblivion","floor":20.0},{"not_picked":["TheCursedMod:CircleOfAmplification","AsteroidBelt+1","TheCursedMod:CircleOfFlame+1"],"picked":"SuperPerseids+1","floor":22.0},{"not_picked":["TheCursedMod:RavingStaff","EnergyFlow","MilkyWay"],"picked":"ShootingEcho+1","floor":24.0},{"not_picked":["TheCursedMod:CursedShiv","PropBag","TheCursedMod:CursedAmulet"],"picked":"TheCursedMod:SurpriseAttack","floor":27.0},{"not_picked":["MagicAbsorber","StarDustReverie","MagicChant"],"picked":"TheCursedMod:Wield","floor":28.0},{"not_picked":["TheCursedMod:RapidMovement+1","UnstableBomb+1","ChargeUpSpray+1"],"picked":"WitchLeyline+1","floor":29.0},{"not_picked":["NonDirectionalLaser","TheCursedMod:TacticalStrike+1","DoubleSpark+1"],"picked":"WitchLeyline","floor":30.0},{"not_picked":["MagicChant","MysteriousBeam+1","WitchOfGreed+1"],"picked":"TheCursedMod:FleshFromBone+1","floor":35},{"not_picked":["SporeBomb","TheCursedMod:SpitefulStrike","EventHorizon+1"],"picked":"TheCursedMod:WearCloak","floor":37},{"not_picked":["TheCursedMod:RapidMovement","TheCursedMod:CursedMace+1","TheCursedMod:CircleOfCorruption"],"picked":"TheCursedMod:SpitefulStrike","floor":38},{"not_picked":["RefractionSpark","SporeBomb+1","TheCursedMod:HellsGateOpen+1"],"picked":"6A","floor":38},{"not_picked":["TheCursedMod:SpitefulStrike+1","StarlightTyphoon","TheCursedMod:CircleOfCorruption"],"picked":"GasGiant","floor":39}],"player_experience":90099,"relics_obtained":[{"floor":7.0,"key":"Replay:Bottled Eggs"},{"floor":9.0,"key":"Dota2Spire:MantaStyle"},{"floor":26.0,"key":"Bag of Preparation"},{"floor":27.0,"key":"Peace Pipe"},{"floor":29.0,"key":"Dota2Spire:BlackKingBar"},{"floor":38,"key":"ReplayTheSpireMod:TigerMarble"}],"event_choices":[{"damage_healed":0.0,"max_hp_gain":0.0,"max_hp_loss":0.0,"gold_gain":0.0,"event_name":"Accursed Blacksmith","player_choice":"Forge","floor":2.0,"gold_loss":0.0,"damage_taken":0.0,"cards_upgraded":["TheCursedMod:SpitefulStrike"]},{"cards_removed":["TheCursedMod:Defend_TheCursed"],"damage_healed":0.0,"max_hp_gain":0.0,"max_hp_loss":0.0,"gold_gain":0.0,"event_name":"Bonfire Elementals","player_choice":"Offered Basic","floor":10.0,"gold_loss":0.0,"damage_taken":0.0},{"damage_healed":0.0,"max_hp_gain":0.0,"max_hp_loss":0.0,"gold_gain":0.0,"cards_transformed":["TheCursedMod:Strike_TheCursed"],"event_name":"Transmorgrifier","player_choice":"Transformed","floor":12.0,"gold_loss":0.0,"damage_taken":0.0,"cards_obtained":["TheCursedMod:CursedMace"]},{"damage_healed":0,"gold_gain":0,"player_choice":"Gave Potion","damage_taken":0,"relics_obtained":["Blue Doll"],"max_hp_gain":0,"max_hp_loss":0,"event_name":"WeMeetAgain","floor":36,"gold_loss":0}],"is_beta":false,"boss_relics":[{"not_picked":["Honey Jar","Replay:Grab Bag"],"picked":"SlaversCollar"},{"not_picked":["aspiration:FutureDiary","Philosopher\u0027s Stone"],"picked":"TheCursedMod:OminousMark"}],"items_purged_floors":[],"is_endless":false,"potions_floor_spawned":[1,5,13,14,24,28,35,39],"killed_by":"Nightmare","ascension_level":0}}