{"host":"y89x8uui45kcjy42","time":1609760402,"event":{"mods":["2.2 Compatiblity","BaseMod","CapriCore","Colored Map","Colored Powertips","Custom Start","Friendly Minions","Keyboard Shortcuts","Lobotomy","Minty Spire (QoL Compilation)","Relic Stats","Slay the Relics Exporter","StSLib","SuperFastMode","Uncapped"],"gold_per_floor":[112,122,132,57,57,57,84,84,84,84,112,146,146,158,158,233,233,246,32,32,58,108,108,108,108],"floor_reached":24,"playtime":644,"items_purged":["Defend_R","Strike_R"],"score":420,"play_id":"1bde0959-1651-4ea3-93f9-1ea14cb048f4","local_time":"20210104204002","is_ascension_mode":true,"campfire_choices":[{"data":"Bash","floor":6,"key":"SMITH"},{"data":"Iron Wave","floor":8,"key":"SMITH"},{"data":"Disarm","floor":15,"key":"SMITH"},{"data":"Offering","floor":23,"key":"SMITH"}],"circlet_count":0,"master_deck":["AscendersBane","Strike_R+1","Strike_R","Strike_R","Strike_R+1","Defend_R","Defend_R","Defend_R+1","Bash+1","SpiderBud","Iron Wave+1","WallGazer","BlackSwan","Burning Pact+1","Shrug It Off","VoidDream","Laetitia","Disarm+1","UniverseFragment","PunishingBird","Offering+1","MHz","Body Slam+1"],"relics":["Black Blood","CogitoBucket","Vajra","Magic Flower","Oddly Smooth Stone","Singing Bowl","Orichalcum","War Paint","ChangeAnything","Coffee Dripper","Coffee Dripper","Coffee Dripper","Ring of the Serpent","Calipers","Membership Card","WingedGreaves","Omamori","Unceasing Top"],"acts_visited":["Exordium","TheCity"],"potions_floor_usage":[7,16],"damage_taken":[{"damage":27,"enemies":"Cultist","floor":1,"turns":5},{"damage":16,"enemies":"2 Louse","floor":2,"turns":2},{"damage":14,"enemies":"Jaw Worm","floor":3,"turns":3},{"damage":35,"enemies":"Lagavulin","floor":7,"turns":7},{"damage":69,"enemies":"3 Sentries","floor":11,"turns":10},{"damage":40,"enemies":"Gremlin Nob","floor":12,"turns":5},{"damage":33,"enemies":"Lots of Slimes","floor":14,"turns":5},{"damage":52,"enemies":"Hexaghost","floor":16,"turns":12},{"damage":10,"enemies":"Chosen","floor":18,"turns":5},{"damage":102,"enemies":"Slavers","floor":24,"turns":1}],"seed_played":"1750390574245588375","potions_obtained":[{"floor":2,"key":"DuplicationPotion"},{"floor":12,"key":"Weak Potion"},{"floor":14,"key":"SneckoOil"},{"floor":16,"key":"BlessingOfTheForge"},{"floor":18,"key":"Energy Potion"}],"is_trial":false,"path_per_floor":["M","M","M","$","$","R","E","R","T","?","E","E","?","M","R","B",null,"M","$","?","T","?","R","E"],"character_chosen":"IRONCLAD","items_purchased":["Membership Card"],"campfire_rested":0,"item_purchase_floors":[19],"current_hp_per_floor":[47,37,29,29,29,29,62,62,62,62,73,42,19,59,59,63,75,79,79,79,79,79,79,0,0],"gold":108,"neow_bonus":"","is_daily":false,"chose_seed":false,"campfire_upgraded":4,"win_rate":0.0,"timestamp":1609760402,"path_taken":["M","M","M","?","$","R","E","R","T","?","E","E","?","M","R","BOSS","M","?","?","?","?","R","E"],"items_purchased_type":["Relic"],"build_version":"2020-12-22","purchased_purges":2,"victory":false,"max_hp_per_floor":[75,75,75,75,75,75,75,75,75,75,77,77,77,79,79,79,79,79,79,79,79,79,79,79,79],"relic_stats":{"Singing Bowl":4,"counters":[11,56],"Black Blood":74,"Magic Flower":[14],"Orichalcum":[54],"War Paint":["Defend_R","Burning Pact"],"obtain_stats":[{"Calipers":18,"Singing Bowl":9,"Vajra":7,"Magic Flower":8,"Oddly Smooth Stone":8,"Black Blood":17,"Omamori":20,"Orichalcum":11,"War Paint":12,"Burning Blood":0,"CogitoBucket":0,"WingedGreaves":11,"Coffee Dripper":16,"Membership Card":19,"ChangeAnything":14,"Ring of the Serpent":18,"Unceasing Top":20},{"Calipers":10,"Singing Bowl":4,"Vajra":4,"Magic Flower":4,"Oddly Smooth Stone":4,"Black Blood":9,"Omamori":10,"Orichalcum":5,"War Paint":6,"Burning Blood":0,"CogitoBucket":0,"WingedGreaves":5,"Coffee Dripper":9,"Membership Card":10,"ChangeAnything":8,"Ring of the Serpent":10,"Unceasing Top":10},{"Calipers":55,"Singing Bowl":17,"Vajra":17,"Magic Flower":17,"Oddly Smooth Stone":17,"Black Blood":50,"Omamori":55,"Orichalcum":27,"War Paint":32,"Burning Blood":0,"CogitoBucket":0,"WingedGreaves":27,"Coffee Dripper":43,"Membership Card":55,"ChangeAnything":38,"Ring of the Serpent":52,"Unceasing Top":55}],"Unceasing Top":[0]},"card_choices":[{"not_picked":["QueenBee","MHz"],"picked":"SpiderBud","floor":1},{"not_picked":["Burning Pact","Warcry"],"picked":"Iron Wave","floor":1},{"not_picked":["PunishingBird","Rudolta"],"picked":"WallGazer","floor":2},{"not_picked":["Perfected Strike","True Grit","Flex"],"picked":"SKIP","floor":2},{"not_picked":["UniverseFragment","LaLuna"],"picked":"BlackSwan","floor":3},{"not_picked":["Dual Wield","Armaments"],"picked":"Burning Pact","floor":3},{"not_picked":["Alriune","FairyFestival"],"picked":"CherryBlossoms","floor":7},{"not_picked":["Evolve","Havoc"],"picked":"Shrug It Off","floor":7},{"not_picked":["UniverseFragment","RedShoes"],"picked":"VoidDream","floor":11},{"not_picked":["Armaments","Whirlwind","Carnage"],"picked":"Singing Bowl","floor":11},{"not_picked":["GalaxyChild","Scorched"],"picked":"Laetitia","floor":12},{"not_picked":["Body Slam","Thunderclap"],"picked":"Disarm","floor":12},{"not_picked":["Bloodbath","MeatLantern"],"picked":"UniverseFragment","floor":14},{"not_picked":["Warcry","Rage","Entrench"],"picked":"Singing Bowl","floor":14},{"not_picked":["OldLady","Murderer"],"picked":"PunishingBird","floor":16},{"not_picked":["Limit Break","Brutality"],"picked":"Offering","floor":16},{"not_picked":["Wellcheers","Murderer"],"picked":"MHz","floor":18},{"not_picked":["Cleave","Thunderclap"],"picked":"Body Slam+1","floor":18}],"player_experience":562140,"relics_obtained":[{"floor":7,"key":"Vajra"},{"floor":9,"key":"Singing Bowl"},{"floor":11,"key":"Orichalcum"},{"floor":12,"key":"War Paint"}],"event_choices":[{"damage_healed":0,"gold_gain":0,"player_choice":"Searched \u00270\u0027 times","damage_taken":0,"max_hp_gain":0,"max_hp_loss":0,"event_name":"Dead Adventurer","floor":10,"gold_loss":0},{"damage_healed":0,"gold_gain":0,"player_choice":"Entered Light","damage_taken":23,"max_hp_gain":0,"max_hp_loss":0,"event_name":"Shining Light","floor":13,"gold_loss":0,"cards_upgraded":["Strike_R","Strike_R"]},{"damage_healed":0,"gold_gain":0,"player_choice":"Opened","damage_taken":0,"relics_obtained":["Unceasing Top"],"max_hp_gain":0,"max_hp_loss":0,"event_name":"The Mausoleum","floor":20,"gold_loss":0,"cards_obtained":["Writhe"]},{"damage_healed":0,"gold_gain":50,"player_choice":"Stole From Cult","damage_taken":0,"max_hp_gain":0,"max_hp_loss":0,"event_name":"Nest","floor":22,"gold_loss":0}],"is_beta":false,"boss_relics":[{"not_picked":["Busted Crown","Velvet Choker"],"picked":"Black Blood"}],"items_purged_floors":[4,19],"is_endless":false,"potions_floor_spawned":[2,12,14,16,18],"killed_by":"Slavers","ascension_level":20}}