{"host":"kmigwsj5rrfnig2m","time":1609768714,"event":{"mods":["BaseMod","Minty Spire (QoL Compilation)","Replay The Spire","StSLib"],"gold_per_floor":[114,114,133,208,208,246,246,72,72,111,111,151,166,187,187,313,313,334,373,393,416,37,76,76,76,76],"floor_reached":25,"playtime":1246,"items_purged":[],"score":304,"play_id":"007b6cdf-77ec-43f9-b290-0fdd01372358","local_time":"20210104085834","is_ascension_mode":true,"campfire_choices":[{"data":"ReplayReversal","floor":7,"key":"SMITH"},{"data":"Double Tap","floor":15,"key":"SMITH"},{"data":"Armaments","floor":24,"key":"SMITH"}],"circlet_count":0,"master_deck":["Strike_R","Strike_R","Strike_R","Strike_R+1","Strike_R","Defend_R","Defend_R","Defend_R","Defend_R+1","Bash","Thunderclap","ReplayReversal+1","Double Tap+1","True Grit+1","Burning Pact","Thunderclap","ReplayTheSpireMod:Strike From Hell","Ghostly Armor","Feed","ReplayTheSpireMod:Strike From Hell","Armaments+1","Shrug It Off+1","Evolve","True Grit","Body Slam"],"relics":["Burning Blood","NeowsBlessing","Golden Idol","Anchor","Medical Kit","Unceasing Top","Centennial Puzzle","Akabeko","Mark of Pain","Red Mask","Prayer Wheel","Ornamental Fan"],"acts_visited":["Exordium","TheCity"],"potions_floor_usage":[12,16,16,23,23,25,25],"damage_taken":[{"damage":0,"enemies":"2 Louse","floor":1,"turns":1},{"damage":0,"enemies":"Jaw Worm","floor":3,"turns":1},{"damage":0,"enemies":"Gremlin Nob","floor":6,"turns":1},{"damage":4,"enemies":"Replay:BlueRogue","floor":10,"turns":5},{"damage":14,"enemies":"Gremlin Nob","floor":12,"turns":4},{"damage":0,"enemies":"Small Slimes","floor":13,"turns":2},{"damage":0,"enemies":"3 Louse","floor":14,"turns":2},{"damage":31,"enemies":"The Guardian","floor":16,"turns":17},{"damage":11,"enemies":"3 Byrds","floor":18,"turns":4},{"damage":24,"enemies":"Masked Bandits","floor":19,"turns":5},{"damage":16,"enemies":"Shell Parasite","floor":20,"turns":3},{"damage":18,"enemies":"Snake Plant","floor":21,"turns":4},{"damage":27,"enemies":"Gremlin Leader","floor":23,"turns":9},{"damage":40,"enemies":"3 Cultists","floor":25,"turns":6}],"seed_played":"2955469826915062135","potions_obtained":[{"floor":3,"key":"SkillPotion"},{"floor":6,"key":"Fire Potion"},{"floor":10,"key":"Swift Potion"},{"floor":14,"key":"Explosive Potion"},{"floor":16,"key":"HeartOfIron"},{"floor":19,"key":"Flashbang"},{"floor":20,"key":"GamblersBrew"},{"floor":23,"key":"Regen Potion"}],"is_trial":false,"path_per_floor":["M","?","M","?","?","E","R","$","T","E","?","E","M","M","R","B",null,"M","?","M","M","$","E","R","M"],"character_chosen":"IRONCLAD","items_purchased":["True Grit","Medical Kit","Evolve","True Grit","Prayer Wheel"],"campfire_rested":0,"item_purchase_floors":[8,8,22,22,22],"current_hp_per_floor":[80,64,70,59,59,65,65,65,65,67,67,59,65,71,71,46,74,72,54,47,35,35,14,14,0,0],"gold":76,"neow_bonus":"THREE_ENEMY_KILL","is_daily":false,"chose_seed":false,"campfire_upgraded":3,"win_rate":0.0,"timestamp":1609768714,"path_taken":["M","?","M","?","?","E","R","$","T","E","?","E","M","M","R","BOSS","M","?","M","M","$","E","R","M"],"items_purchased_type":["Card","Relic","Card","Card","Relic"],"build_version":"2020-12-22","purchased_purges":0,"victory":false,"max_hp_per_floor":[80,80,80,80,74,74,74,74,74,74,74,74,74,74,74,74,74,77,77,80,80,80,80,80,83,83],"card_choices":[{"not_picked":["Flex","Twin Strike"],"picked":"Thunderclap","floor":1},{"not_picked":["Dual Wield","Combust"],"picked":"ReplayReversal","floor":3},{"not_picked":["Heavy Blade","Rage"],"picked":"Double Tap","floor":6},{"not_picked":["Bloodletting","Perfected Strike"],"picked":"Burning Pact","floor":10},{"not_picked":["Entrench","Metallicize"],"picked":"Thunderclap","floor":12},{"not_picked":["Pummel","ReplayTheSpireMod:Corrosion Curse"],"picked":"ReplayTheSpireMod:Strike From Hell","floor":13},{"not_picked":["Clothesline","Cleave"],"picked":"Ghostly Armor","floor":14},{"not_picked":["Replay:Many Hands","Brutality"],"picked":"Feed","floor":16},{"not_picked":["Sword Boomerang","Life Link"],"picked":"ReplayTheSpireMod:Strike From Hell","floor":18},{"not_picked":["Twin Strike","Warcry"],"picked":"Armaments","floor":19},{"not_picked":["Havoc+1","Anger+1"],"picked":"Shrug It Off+1","floor":20},{"not_picked":["ReplayTheSpireMod:Limb From Limb+1","Massacre+1","Flex"],"picked":"SKIP","floor":21},{"not_picked":["Rampage+1","Pommel Strike"],"picked":"Body Slam","floor":23}],"player_experience":124556,"relics_obtained":[{"floor":6,"key":"Anchor"},{"floor":9,"key":"Unceasing Top"},{"floor":10,"key":"Centennial Puzzle"},{"floor":12,"key":"Akabeko"},{"floor":19,"key":"Red Mask"},{"floor":23,"key":"Ornamental Fan"}],"event_choices":[{"damage_healed":0,"gold_gain":0,"player_choice":"Entered Light","damage_taken":16,"max_hp_gain":0,"max_hp_loss":0,"event_name":"Shining Light","floor":2,"gold_loss":0,"cards_upgraded":["Defend_R","Strike_R"]},{"damage_healed":0,"gold_gain":75,"player_choice":"Gather Gold","damage_taken":11,"max_hp_gain":0,"max_hp_loss":0,"event_name":"World of Goop","floor":4,"gold_loss":0},{"damage_healed":0,"gold_gain":0,"player_choice":"Lose Max HP","damage_taken":0,"relics_obtained":["Golden Idol"],"max_hp_gain":0,"max_hp_loss":6,"event_name":"Golden Idol","floor":5,"gold_loss":0},{"damage_healed":0,"gold_gain":0,"player_choice":"Grow","damage_taken":0,"max_hp_gain":0,"max_hp_loss":0,"event_name":"Living Wall","floor":11,"gold_loss":0,"cards_upgraded":["True Grit"]},{"damage_healed":0,"gold_gain":0,"player_choice":"Fought Bandits","damage_taken":0,"max_hp_gain":0,"max_hp_loss":0,"event_name":"Masked Bandits","floor":19,"gold_loss":0}],"is_beta":false,"boss_relics":[{"not_picked":["Snecko Eye","Honey Jar"],"picked":"Mark of Pain"}],"items_purged_floors":[],"is_endless":false,"potions_floor_spawned":[3,6,10,14,16,19,20,23],"killed_by":"3 Cultists","ascension_level":3}}