{"host":"5wznv0010959mrmz","time":1609721836,"event":{"mods":["BaseMod","Highlight Path","Minty Spire (QoL Compilation)"],"gold_per_floor":[109,127,127,127,202,202,234,234,234,234,384,418,418,128,128,199,199,217,487,498,513,531,531,548,548,573,543,543,559,570,570,570],"floor_reached":31,"playtime":1074,"items_purged":["Doubt"],"score":486,"play_id":"d126f084-8d6b-4cd0-9d74-feb7c0c0b857","local_time":"20210103185716","is_ascension_mode":true,"campfire_choices":[{"data":"Terror","floor":6,"key":"SMITH"},{"floor":8,"key":"REST"},{"data":"Neutralize","floor":10,"key":"SMITH"},{"data":"Dagger Throw","floor":13,"key":"SMITH"},{"data":"Bouncing Flask","floor":15,"key":"SMITH"},{"floor":23,"key":"REST"},{"floor":28,"key":"REST"}],"circlet_count":0,"master_deck":["AscendersBane","Strike_G","Strike_G","Strike_G","Defend_G","Defend_G","Defend_G","Defend_G+1","Survivor","Neutralize+1","Blade Dance+1","Terror+1","Dagger Throw+1","Calculated Gamble","Bouncing Flask+1","After Image","Backstab","Blur","Wraith Form v2","Doppelganger+1","Burst+1","Storm of Steel+1","Impatience","Poisoned Stab","Venomology","Decay","Cloak And Dagger","Blade Dance"],"relics":["Ring of the Snake","Mercury Hourglass","Kunai","Gremlin Horn","Orrery","Astrolabe","Snake Skull"],"acts_visited":["Exordium","TheCity"],"potions_floor_usage":[18,22,24,24,29,29,30,31,31],"damage_taken":[{"damage":7,"enemies":"2 Louse","floor":1,"turns":3},{"damage":0,"enemies":"Jaw Worm","floor":2,"turns":4},{"damage":26,"enemies":"Lagavulin","floor":7,"turns":8},{"damage":8,"enemies":"3 Sentries","floor":12,"turns":7},{"damage":12,"enemies":"Hexaghost","floor":16,"turns":9},{"damage":14,"enemies":"3 Byrds","floor":18,"turns":4},{"damage":2,"enemies":"Spheric Guardian","floor":20,"turns":5},{"damage":19,"enemies":"Centurion and Healer","floor":21,"turns":6},{"damage":0,"enemies":"Snecko","floor":22,"turns":4},{"damage":19,"enemies":"Snake Plant","floor":24,"turns":4},{"damage":8,"enemies":"Cultist and Chosen","floor":29,"turns":4},{"damage":0,"enemies":"Snecko","floor":30,"turns":2},{"damage":21,"enemies":"Slavers","floor":31,"turns":2}],"seed_played":"7601196111953003580","potions_obtained":[{"floor":12,"key":"Regen Potion"},{"floor":22,"key":"CunningPotion"},{"floor":27,"key":"Swift Potion"},{"floor":27,"key":"DuplicationPotion"},{"floor":29,"key":"Weak Potion"},{"floor":30,"key":"PowerPotion"}],"is_trial":false,"path_per_floor":["M","M","?","?","?","R","E","R","T","R","?","E","R","$","R","B",null,"M","?","M","M","M","R","M","?","T","?","R","M","M","E"],"character_chosen":"THE_SILENT","items_purchased":["Orrery","Blur"],"campfire_rested":3,"item_purchase_floors":[14,14],"current_hp_per_floor":[49,49,26,52,41,41,15,38,38,38,38,30,30,30,30,18,63,61,22,20,1,1,24,5,5,5,5,28,20,20,0,0],"gold":570,"neow_bonus":"TWENTY_PERCENT_HP_BONUS","is_daily":false,"chose_seed":false,"campfire_upgraded":4,"win_rate":0.0,"timestamp":1609721836,"path_taken":["M","M","?","?","?","R","E","R","T","R","?","E","R","$","R","BOSS","M","?","M","?","M","R","M","?","T","?","R","?","M","E"],"items_purchased_type":["Relic","Card"],"build_version":"2020-12-22","purchased_purges":1,"victory":false,"max_hp_per_floor":[78,78,78,78,78,78,78,78,78,78,78,78,78,78,78,78,78,78,78,78,78,78,78,78,78,78,78,78,78,78,78,78],"card_choices":[{"not_picked":["Dodge and Roll","Dagger Throw"],"picked":"Blade Dance","floor":1},{"not_picked":["Cloak And Dagger","Bane"],"picked":"Terror","floor":2},{"not_picked":["Masterful Stab","Deadly Poison"],"picked":"Dagger Throw","floor":7},{"not_picked":["PiercingWail","Outmaneuver"],"picked":"Calculated Gamble","floor":12},{"not_picked":["Catalyst","Reflex"],"picked":"Bouncing Flask","floor":14},{"not_picked":["Finisher","Flying Knee"],"picked":"After Image","floor":14},{"not_picked":["Prepared","Bouncing Flask"],"picked":"Backstab","floor":14},{"not_picked":["Venomology","Grand Finale"],"picked":"Wraith Form v2","floor":16},{"not_picked":["Caltrops","Infinite Blades","Dodge and Roll"],"picked":"SKIP","floor":18},{"not_picked":["Slice+1","Outmaneuver","Sucker Punch"],"picked":"SKIP","floor":20},{"not_picked":["Terror","Dodge and Roll"],"picked":"Poisoned Stab","floor":21},{"not_picked":["Terror","Setup"],"picked":"Venomology","floor":22},{"not_picked":["Deadly Poison","Reflex","Slice"],"picked":"SKIP","floor":24},{"not_picked":["Flechettes","Sucker Punch"],"picked":"Cloak And Dagger","floor":29},{"not_picked":["Slice","Flying Knee"],"picked":"Blade Dance","floor":30}],"player_experience":388706,"relics_obtained":[{"floor":7,"key":"Mercury Hourglass"},{"floor":9,"key":"Kunai"},{"floor":12,"key":"Gremlin Horn"},{"floor":26,"key":"Snake Skull"}],"event_choices":[{"damage_healed":0,"gold_gain":0,"player_choice":"Entered Light","damage_taken":23,"max_hp_gain":0,"max_hp_loss":0,"event_name":"Shining Light","floor":3,"gold_loss":0,"cards_upgraded":["Blade Dance","Defend_G"]},{"damage_healed":26,"gold_gain":0,"player_choice":"Banana","damage_taken":0,"max_hp_gain":0,"max_hp_loss":0,"event_name":"Big Fish","floor":4,"gold_loss":0},{"damage_healed":0,"gold_gain":75,"player_choice":"Gather Gold","damage_taken":11,"max_hp_gain":0,"max_hp_loss":0,"event_name":"World of Goop","floor":5,"gold_loss":0},{"damage_healed":0,"gold_gain":150,"player_choice":"AGREE","damage_taken":0,"max_hp_gain":0,"max_hp_loss":0,"event_name":"Liars Game","floor":11,"gold_loss":0,"cards_obtained":["Doubt"]},{"damage_healed":0,"gold_gain":270,"player_choice":"POTION GOLD CARD GOLD GOLD ","damage_taken":39,"max_hp_gain":0,"max_hp_loss":0,"event_name":"Knowing Skull","floor":19,"potions_obtained":["Strength Potion"],"gold_loss":0,"cards_obtained":["Impatience"]},{"damage_healed":0,"gold_gain":0,"player_choice":"Smashed Altar","damage_taken":0,"max_hp_gain":0,"max_hp_loss":0,"event_name":"Forgotten Altar","floor":25,"gold_loss":0,"cards_obtained":["Decay"]},{"damage_healed":0,"gold_gain":0,"player_choice":"Bought 2 Potions","damage_taken":0,"max_hp_gain":0,"max_hp_loss":0,"event_name":"The Woman in Blue","floor":27,"gold_loss":0}],"is_beta":false,"boss_relics":[{"not_picked":["SlaversCollar","Runic Dome"],"picked":"Astrolabe"}],"items_purged_floors":[14],"is_endless":false,"potions_floor_spawned":[12,22,29,30],"killed_by":"Slavers","ascension_level":20}}