{"host":"1eo5f82aifdzd7pr","time":1609718541,"event":{"mods":["AchievementEnabler","BaseMod","Colored Map","Colored Powertips","DeckTracker","Marisa????????","Minty Spire (QoL Compilation)","StSLib","SuperFastMode"],"gold_per_floor":[419,419,419,435,445,445,474,320,320,332,346,155,155,171,171,268,268,278,297,396,76,96,96,107,107,130,164,164,164,178,194,194,299,299,317,336,349,363,383,383,383,383,383,383,401,29,0,29,29,29,29,29,29,64,64,64],"floor_reached":55,"playtime":2467,"items_purged":["Strike_B","Strike_B","Strike_B","Pain"],"score":696,"play_id":"27005f2f-a7cf-4874-a157-01e303cd57e6","local_time":"20210104020221","is_ascension_mode":false,"campfire_choices":[{"data":"Gash","floor":6,"key":"SMITH"},{"data":"Defragment","floor":13,"key":"SMITH"},{"data":"Zap","floor":15,"key":"SMITH"},{"data":"Coolheaded","floor":23,"key":"SMITH"},{"data":"Hologram","floor":25,"key":"SMITH"},{"data":"Dualcast","floor":28,"key":"SMITH"},{"floor":32,"key":"REST"},{"data":"Machine Learning","floor":40,"key":"SMITH"},{"floor":42,"key":"RECALL"},{"data":"Capacitor","floor":44,"key":"SMITH"},{"floor":49,"key":"REST"},{"data":"Electrodynamics","floor":52,"key":"SMITH"}],"circlet_count":0,"master_deck":["Defend_B","Defend_B","Defend_B","Defend_B","Zap+1","Dualcast+1","Gash+1","Ball Lightning","Electrodynamics+1","Defragment+1","Cold Snap","Gash","Capacitor+1","All For One","Conserve Battery+1","Coolheaded+1","Hologram+1","All For One","Loop+1","White Noise+1","Machine Learning+1","BootSequence"],"relics":["Cracked Core","Old Coin","Pear","Vajra","Meat on the Bone","SacredBark","Runic Capacitor","Centennial Puzzle","Ancient Tea Set","Cursed Key","Nunchaku","Red Mask","Pocketwatch","Pen Nib"],"acts_visited":["Exordium","TheCity","TheBeyond","TheEnding"],"potions_floor_usage":[10,19,22,27,27,37,54,55,55,55],"damage_taken":[{"damage":1,"enemies":"Cultist","floor":1,"turns":3},{"damage":6,"enemies":"Jaw Worm","floor":4,"turns":3},{"damage":0,"enemies":"2 Louse","floor":5,"turns":2},{"damage":30,"enemies":"Gremlin Nob","floor":7,"turns":4},{"damage":0,"enemies":"Looter","floor":10,"turns":2},{"damage":7,"enemies":"Blue Slaver","floor":11,"turns":3},{"damage":0,"enemies":"Large Slime","floor":14,"turns":3},{"damage":17,"enemies":"The Guardian","floor":16,"turns":7},{"damage":13,"enemies":"Shell Parasite","floor":18,"turns":5},{"damage":20,"enemies":"2 Thieves","floor":19,"turns":3},{"damage":5,"enemies":"Shelled Parasite and Fungi","floor":22,"turns":5},{"damage":20,"enemies":"Centurion and Healer","floor":24,"turns":7},{"damage":14,"enemies":"Gremlin Leader","floor":27,"turns":4},{"damage":7,"enemies":"Cultist and Chosen","floor":30,"turns":6},{"damage":22,"enemies":"Snake Plant","floor":31,"turns":4},{"damage":26,"enemies":"Champ","floor":33,"turns":9},{"damage":14,"enemies":"3 Shapes","floor":35,"turns":4},{"damage":16,"enemies":"Orb Walker","floor":36,"turns":3},{"damage":9,"enemies":"Spire Growth","floor":37,"turns":4},{"damage":4,"enemies":"Transient","floor":38,"turns":5},{"damage":24,"enemies":"Writhing Mass","floor":39,"turns":6},{"damage":9,"enemies":"Maw","floor":45,"turns":5},{"damage":4,"enemies":"Giant Head","floor":48,"turns":6},{"damage":47,"enemies":"Donu and Deca","floor":50,"turns":7},{"damage":43,"enemies":"Shield and Spear","floor":54,"turns":3},{"damage":48,"enemies":"The Heart","floor":55,"turns":3}],"seed_played":"-247976192291876119","potions_obtained":[{"floor":3,"key":"Fire Potion"},{"floor":3,"key":"LiquidBronze"},{"floor":3,"key":"SpeedPotion"},{"floor":5,"key":"Energy Potion"},{"floor":11,"key":"SpeedPotion"},{"floor":19,"key":"Block Potion"},{"floor":22,"key":"PowerPotion"},{"floor":27,"key":"SkillPotion"},{"floor":35,"key":"Energy Potion"},{"floor":54,"key":"SkillPotion"}],"is_trial":false,"path_per_floor":["M","T","?","M","M","R","E","$","T","M","M","$","R","M","R","B",null,"M","M","?","$","M","R","M","R","T","E","R","?","M","M","R","B",null,"M","M","M","M","M","R","?","R","T","R","M","$","?","E","R","B",null,"R","$","E","B"],"character_chosen":"DEFECT","items_purchased":["Defragment","Gash","Capacitor","Runic Capacitor","Coolheaded","Nunchaku","PotionOfCapacity"],"campfire_rested":2,"item_purchase_floors":[8,12,12,21,21,46,46],"current_hp_per_floor":[67,77,77,71,71,71,41,41,41,41,46,46,46,46,46,41,78,65,45,45,45,40,40,32,32,32,30,30,30,35,25,48,34,78,64,48,51,47,35,35,35,35,35,35,38,38,38,46,69,34,78,78,78,47,0,0],"gold":64,"neow_bonus":"ONE_RARE_RELIC","is_daily":false,"chose_seed":false,"campfire_upgraded":9,"win_rate":0.0,"timestamp":1609718541,"path_taken":["M","?","?","M","M","R","E","$","T","M","M","$","R","M","R","BOSS","M","?","?","$","M","R","M","R","T","E","R","?","M","M","R","BOSS","M","M","M","M","M","R","?","R","T","R","M","$","?","E","R","BOSS","R","$","E","BOSS"],"items_purchased_type":["Card","Card","Card","Relic","Card","Relic","Potion"],"build_version":"2020-12-22","purchased_purges":4,"victory":false,"max_hp_per_floor":[68,78,78,78,78,78,78,78,78,78,78,78,78,78,78,78,78,78,78,78,78,78,78,78,78,78,78,78,78,78,78,78,78,78,78,78,78,78,78,78,78,78,78,78,78,78,78,78,78,78,78,78,78,78,78,78],"card_choices":[{"not_picked":["Redo","Go for the Eyes"],"picked":"Gash","floor":1},{"not_picked":["Turbo","Redo","Rebound"],"picked":"SKIP","floor":4},{"not_picked":["Force Field","Melter"],"picked":"Ball Lightning","floor":5},{"not_picked":["Stack","Compile Driver"],"picked":"Electrodynamics","floor":7},{"not_picked":["Rebound","Recycle","Leap"],"picked":"SKIP","floor":10},{"not_picked":["BootSequence","Heatsinks"],"picked":"Cold Snap","floor":11},{"not_picked":["Steam Power","Stack","Compile Driver"],"picked":"SKIP","floor":14},{"not_picked":["Echo Form","Thunder Strike"],"picked":"All For One","floor":16},{"not_picked":["Doom and Gloom","Fusion"],"picked":"Conserve Battery+1","floor":18},{"not_picked":["Leap+1","Ball Lightning"],"picked":"Capacitor","floor":19},{"not_picked":["Streamline","Leap","Redo"],"picked":"SKIP","floor":22},{"not_picked":["Redo+1","Rainbow"],"picked":"Hologram","floor":24},{"not_picked":["Tempest","Static Discharge+1","Rainbow"],"picked":"SKIP","floor":27},{"not_picked":["Cold Snap","BootSequence","Heatsinks"],"picked":"SKIP","floor":30},{"not_picked":["Stack","Leap","Redo+1"],"picked":"SKIP","floor":31},{"not_picked":["Fission","Machine Learning"],"picked":"All For One","floor":33},{"not_picked":["Redo","Stack+1","Self Repair+1"],"picked":"SKIP","floor":35},{"not_picked":["Ball Lightning+1","Doom and Gloom"],"picked":"Loop+1","floor":36},{"not_picked":["Beam Cell+1","Go for the Eyes+1","Melter"],"picked":"SKIP","floor":37},{"not_picked":["Undo+1","Double Energy"],"picked":"White Noise+1","floor":38},{"not_picked":["Turbo","Hologram+1"],"picked":"Machine Learning","floor":39},{"not_picked":["Consume","Stack+1"],"picked":"BootSequence","floor":45},{"not_picked":["Storm","Streamline","Barrage"],"picked":"SKIP","floor":48},{"not_picked":["Compile Driver+1","Melter+1","Beam Cell"],"picked":"SKIP","floor":54}],"player_experience":783002,"relics_obtained":[{"floor":2,"key":"Pear"},{"floor":7,"key":"Vajra"},{"floor":9,"key":"Meat on the Bone"},{"floor":26,"key":"Centennial Puzzle"},{"floor":27,"key":"Ancient Tea Set"},{"floor":48,"key":"Pocketwatch"},{"floor":54,"key":"Pen Nib"}],"event_choices":[{"damage_healed":0,"gold_gain":0,"player_choice":"Got Potions","damage_taken":0,"max_hp_gain":0,"max_hp_loss":0,"event_name":"Lab","floor":3,"gold_loss":0},{"damage_healed":0,"gold_gain":99,"player_choice":"Stole From Cult","damage_taken":0,"max_hp_gain":0,"max_hp_loss":0,"event_name":"Nest","floor":20,"gold_loss":0},{"cards_removed":["Strike_B"],"damage_healed":0,"gold_gain":0,"player_choice":"Elegance","damage_taken":0,"max_hp_gain":0,"max_hp_loss":0,"event_name":"Back to Basics","floor":29,"gold_loss":0},{"cards_removed":["Capacitor"],"damage_healed":0,"gold_gain":0,"player_choice":"Removed Power","damage_taken":0,"max_hp_gain":0,"max_hp_loss":0,"event_name":"Falling","floor":41,"gold_loss":0},{"damage_healed":0,"gold_gain":0,"player_choice":"Paid","damage_taken":0,"relics_obtained":["Red Mask"],"max_hp_gain":0,"max_hp_loss":0,"event_name":"Tomb of Lord Red Mask","floor":47,"gold_loss":29}],"is_beta":false,"boss_relics":[{"not_picked":["Tiny House","Calling Bell"],"picked":"SacredBark"},{"not_picked":["Pandora\u0027s Box","Philosopher\u0027s Stone"],"picked":"Cursed Key"}],"items_purged_floors":[8,12,21,46],"is_endless":false,"potions_floor_spawned":[5,7,11,19,22,27,35,54],"killed_by":"The Heart","ascension_level":0}}