{"host":"ixqzyafodex1tsi5","time":1609760376,"event":{"mods":["ATMod(°¢èªMod)","AchievementEnabler","Act Like it!","BaseMod","Gensokyo","GifTheSpireLib","Lobotomy","LobotomyExtend","Luminous","Minty Spire (QoL Compilation)","Relic Stats","Replay The Spire","RumiaBox-Â¶Ã×æ«µÄÉñÃØºÐ×Ó","Shop Mod","Spicy Shops","StSLib","The Cursed","[IsaacMod]ÒÔÈö¼âËþ","¡¾¹¦ÄÜMod¡¿»ìãçÖ®»·ÐÞ¸´²¹¶¡","¡¾ÒÅÎï¿¨ÅÆ¡¿REMEMod"],"gold_per_floor":[365,415,415,70,88,88,119,119,119,119,129,129,129,149,149,149,149],"floor_reached":16,"playtime":357,"items_purged":[],"score":98,"play_id":"0a87e505-aeb4-4e29-9faf-db696f018062","local_time":"20210104193936","is_ascension_mode":false,"campfire_choices":[{"data":"REME_TheLastStrike","floor":6,"key":"SMITH"},{"data":"ReplayTheSpireMod:Limb From Limb","floor":12,"key":"SMITH"},{"data":"AT_Desolate","floor":15,"key":"SMITH"}],"circlet_count":0,"master_deck":["Strike_R","Strike_R","Strike_R","Strike_R","Strike_R","Defend_R","Defend_R","Bash","AT_Desolate+1","REME_TheLastStrike+1","AT_CaressingTears","Pot Of Greed","Pot Of Greed","ReplayTheSpireMod:Limb From Limb+1","Regret","Double Tap"],"relics":["Burning Blood","REME_ComplimentaryCards","HushsDoor","AT_ATBox","YumHeart","LetterFromLob","Kunai","Bag of Marbles","SteamSale","Grinning Jar","MoneyPower","MealTicket","AT_BellowingDragoncrestRing","Letter Opener"],"acts_visited":["Exordium"],"potions_floor_usage":[7,16,16],"damage_taken":[{"damage":5,"enemies":"Small Slimes","floor":1,"turns":3},{"damage":50,"enemies":"Hiden Room Battle","floor":2,"turns":6},{"damage":0,"enemies":"Cultist","floor":5,"turns":2},{"damage":18,"enemies":"Lagavulin","floor":7,"turns":3},{"damage":5,"enemies":"2 Louse","floor":11,"turns":2},{"damage":33,"enemies":"Lots of Slimes","floor":14,"turns":5},{"damage":43,"enemies":"The Guardian","floor":16,"turns":3}],"seed_played":"7076473390690802409","potions_obtained":[{"floor":2,"key":"PowerPotion"},{"floor":11,"key":"Adrenaline Potion"},{"floor":14,"key":"PowerPotion"}],"is_trial":false,"path_per_floor":["M","?","?","$","M","R","E","?","T","?","M","R","?","M","R","B"],"character_chosen":"IRONCLAD","items_purchased":["SteamSale","Grinning Jar","MoneyPower"],"campfire_rested":0,"item_purchase_floors":[4,4,4],"current_hp_per_floor":[72,53,46,46,52,52,40,40,40,40,66,66,66,39,39,0,0],"gold":149,"neow_bonus":"TWO_FIFTY_GOLD","is_daily":false,"chose_seed":false,"campfire_upgraded":3,"win_rate":0.0,"timestamp":1609760376,"path_taken":["M","?","?","$","?","R","E","?","T","?","M","R","?","?","R","BOSS"],"items_purchased_type":["Relic","Relic","Relic"],"build_version":"2020-12-22","purchased_purges":0,"victory":false,"max_hp_per_floor":[72,72,72,72,72,72,72,72,72,72,72,72,72,72,72,72,72],"relic_stats":{"counters":[7,24],"MealTicket":0,"Kunai":[4],"Letter Opener":[5],"obtain_stats":[{"KeepersGift":0,"AT_ATBox":0,"MoneyPower":4,"Letter Opener":13,"SteamSale":4,"Burning Blood":0,"YumHeart":0,"AT_BellowingDragoncrestRing":9,"MealTicket":7,"LetterFromLob":1,"Bag of Marbles":2,"Kunai":2,"Grinning Jar":4,"HushsDoor":0,"REME_ComplimentaryCards":0},{"KeepersGift":0,"AT_ATBox":0,"MoneyPower":2,"Letter Opener":5,"SteamSale":2,"Burning Blood":0,"YumHeart":0,"AT_BellowingDragoncrestRing":4,"MealTicket":4,"LetterFromLob":1,"Bag of Marbles":2,"Kunai":2,"Grinning Jar":2,"HushsDoor":0,"REME_ComplimentaryCards":0},{"KeepersGift":0,"AT_ATBox":0,"MoneyPower":9,"Letter Opener":16,"SteamSale":9,"Burning Blood":0,"YumHeart":0,"AT_BellowingDragoncrestRing":14,"MealTicket":14,"LetterFromLob":3,"Bag of Marbles":9,"Kunai":9,"Grinning Jar":9,"HushsDoor":0,"REME_ComplimentaryCards":0}],"Burning Blood":35},"card_choices":[{"not_picked":["REME_FearOfPain","Thunderclap"],"picked":"Bomb","floor":1},{"not_picked":["Armaments","Rampage"],"picked":"AT_CaressingTears","floor":2},{"not_picked":["AT_BodySlamDance","ReplayTheSpireMod:Strike From Hell","Replay:Undeath\u0027s Touch"],"picked":"SKIP","floor":5},{"not_picked":["Thunderclap","Bloodletting"],"picked":"ReplayTheSpireMod:Limb From Limb","floor":7},{"not_picked":["Ghostly Armor","Rampage","Replay:Undeath\u0027s Touch"],"picked":"SKIP","floor":11},{"not_picked":["Shockwave","Combust"],"picked":"Double Tap","floor":14}],"player_experience":224680,"relics_obtained":[{"floor":1,"key":"LetterFromLob"},{"floor":2,"key":"Kunai"},{"floor":2,"key":"Bag of Marbles"},{"floor":7,"key":"MealTicket"},{"floor":9,"key":"AT_BellowingDragoncrestRing"}],"event_choices":[{"damage_healed":0,"gold_gain":0,"player_choice":"Fight","damage_taken":0,"max_hp_gain":0,"max_hp_loss":0,"event_name":"HidenRoomEvent","floor":2,"gold_loss":0},{"cards_removed":["Defend_R"],"damage_healed":0,"gold_gain":0,"player_choice":"Card Removal","damage_taken":7,"max_hp_gain":0,"max_hp_loss":0,"event_name":"Golden Wing","floor":3,"gold_loss":0},{"damage_healed":0,"gold_gain":0,"player_choice":"Box","damage_taken":0,"relics_obtained":["Letter Opener"],"max_hp_gain":0,"max_hp_loss":0,"event_name":"Big Fish","floor":13,"gold_loss":0,"cards_obtained":["Regret"]}],"is_beta":false,"boss_relics":[],"items_purged_floors":[],"is_endless":false,"potions_floor_spawned":[2,11,14],"killed_by":"The Guardian","ascension_level":0}}