{"host":"6bsan6hkua32tfq7","time":1609730311,"event":{"mods":["BaseMod","Better Third Choice","Colored Map","Highlight Path","Minty Spire (QoL Compilation)","StSLib"],"gold_per_floor":[112,37,37,37,37,37,70,70,70,99,113,132,163,178,178,253,253,267,8,19,39,56,56,90,90,90],"floor_reached":25,"playtime":759,"items_purged":["Strike_G"],"score":582,"play_id":"9bff1841-f4d3-4e31-8087-9c8e885c9cb5","local_time":"20210104041831","is_ascension_mode":true,"campfire_choices":[{"floor":6,"key":"REST"},{"data":"Neutralize","floor":8,"key":"SMITH"},{"floor":15,"key":"REST"},{"floor":23,"key":"REST"}],"circlet_count":0,"master_deck":["AscendersBane","Strike_G","Strike_G","Strike_G","Strike_G+1","Defend_G","Defend_G","Defend_G","Defend_G","Survivor","Neutralize+1","Bane+1","All For One+1","Deflect","Infinite Blades+1","Deflect","Underhanded Strike+1","Deflect","A Thousand Cuts+1","Prepared","Mayhem+1","Prepared+1","Dash+1","Acrobatics"],"relics":["Ring of the Snake","NeowsBlessing","Darkstone Periapt","Frozen Egg 2","Molten Egg 2","Art of War","Tough Bandages","Sozu","Tiny Chest"],"acts_visited":["Exordium","TheCity"],"potions_floor_usage":[16,18,24],"damage_taken":[{"damage":0,"enemies":"Jaw Worm","floor":1,"turns":1},{"damage":0,"enemies":"Lagavulin","floor":7,"turns":1},{"damage":0,"enemies":"3 Sentries","floor":10,"turns":1},{"damage":0,"enemies":"2 Louse","floor":11,"turns":4},{"damage":0,"enemies":"Small Slimes","floor":12,"turns":2},{"damage":26,"enemies":"Gremlin Nob","floor":13,"turns":4},{"damage":0,"enemies":"Blue Slaver","floor":14,"turns":3},{"damage":18,"enemies":"The Guardian","floor":16,"turns":16},{"damage":1,"enemies":"3 Byrds","floor":18,"turns":4},{"damage":0,"enemies":"Shell Parasite","floor":20,"turns":5},{"damage":14,"enemies":"Centurion and Healer","floor":21,"turns":5},{"damage":27,"enemies":"Shelled Parasite and Fungi","floor":22,"turns":6},{"damage":27,"enemies":"Gremlin Leader","floor":24,"turns":5},{"damage":4,"enemies":"Cultist and Chosen","floor":25,"turns":2}],"seed_played":"-7258096994973655470","potions_obtained":[{"floor":7,"key":"LiquidBronze"},{"floor":13,"key":"Strength Potion"},{"floor":14,"key":"Explosive Potion"},{"floor":16,"key":"SpeedPotion"}],"is_trial":false,"path_per_floor":["M","?","?","$","?","R","E","R","T","E","M","M","E","M","R","B",null,"M","$","M","M","M","R","E","M"],"character_chosen":"THE_SILENT","items_purchased":["Mayhem+1"],"campfire_rested":3,"item_purchase_floors":[19],"current_hp_per_floor":[59,59,34,34,14,33,33,33,33,33,33,33,7,7,26,8,52,51,51,51,37,10,29,2,0,0],"gold":90,"neow_bonus":"THREE_ENEMY_KILL","is_daily":false,"chose_seed":false,"campfire_upgraded":1,"win_rate":0.0,"timestamp":1609730311,"path_taken":["M","?","?","$","?","R","E","R","T","E","M","M","E","M","R","BOSS","M","$","M","M","M","R","E","M"],"items_purchased_type":["Card"],"build_version":"2020-12-22","purchased_purges":1,"victory":false,"max_hp_per_floor":[66,66,66,66,66,66,66,66,66,66,66,66,66,66,66,66,66,66,66,66,66,66,66,66,66,66],"card_choices":[{"not_picked":["Cloak And Dagger","Flechettes"],"picked":"Bane","floor":1},{"not_picked":["Riddle With Holes","Doppelganger"],"picked":"Deflect","floor":7},{"not_picked":["Doppelganger","Skewer+1"],"picked":"Infinite Blades+1","floor":10},{"not_picked":["Bane+1","Cloak And Dagger"],"picked":"Deflect","floor":11},{"not_picked":["Cloak And Dagger","Skewer+1","Catalyst"],"picked":"SKIP","floor":12},{"not_picked":["Prepared","Backflip"],"picked":"Underhanded Strike+1","floor":13},{"not_picked":["Blade Dance","Quick Slash+1"],"picked":"Deflect","floor":14},{"not_picked":["Doppelganger","Unload+1"],"picked":"A Thousand Cuts+1","floor":16},{"not_picked":["Flying Knee+1","Underhanded Strike+1"],"picked":"Prepared","floor":18},{"not_picked":["Endless Agony+1","All Out Attack+1"],"picked":"Prepared+1","floor":20},{"not_picked":["PiercingWail","Dodge and Roll"],"picked":"Dash+1","floor":21},{"not_picked":["Deflect","Flying Knee+1"],"picked":"Acrobatics","floor":22},{"not_picked":["Distraction","Deadly Poison","Concentrate"],"picked":"SKIP","floor":24}],"player_experience":5237775,"relics_obtained":[{"floor":7,"key":"Frozen Egg 2"},{"floor":9,"key":"Molten Egg 2"},{"floor":10,"key":"Art of War"},{"floor":13,"key":"Tough Bandages"},{"floor":24,"key":"Tiny Chest"}],"event_choices":[{"cards_removed":["Defend_G"],"damage_healed":0,"gold_gain":0,"player_choice":"Card Removal","damage_taken":0,"max_hp_gain":0,"max_hp_loss":0,"event_name":"The Cleric","floor":2,"gold_loss":75},{"damage_healed":34,"gold_gain":0,"player_choice":"Upgrade","damage_taken":20,"max_hp_gain":0,"max_hp_loss":66,"event_name":"betterThird:BetterShining","floor":5,"gold_loss":0,"cards_upgraded":["Bane","Strike_G"]}],"is_beta":false,"boss_relics":[{"not_picked":["Astrolabe","Tiny House"],"picked":"Sozu"}],"items_purged_floors":[19],"is_endless":false,"potions_floor_spawned":[7,13,14,16,18,24],"killed_by":"Cultist and Chosen","ascension_level":20}}