{"host":"mrc3cf8wjlkkqes7","time":1609737521,"event":{"mods":["BaseMod","Downfall","Hermit","Infinite Spire","Marisa????????","Minty Spire (QoL Compilation)","Replay The Spire","StSLib","The Cursed","The Servant 0.9.4"],"gold_per_floor":[99,99,18,18,18,33,56,74,132,57,68,6,6,32,52,155,155,80,180,200,200,220,231,231,244,267,279,305,317,329,353,377,484,496,508,537,567,592,215,241,292,309,309,327,340,340,357,369,379,379],"floor_reached":51,"playtime":3273,"items_purged":["Strike_S","TheCursedMod:Dregs"],"score":860,"play_id":"46c6f2b9-2ad4-4620-b1c5-496008592f23","local_time":"20210103231841","is_ascension_mode":false,"campfire_choices":[{"floor":1.0,"key":"RECALL"},{"floor":10.0,"key":"REST"},{"floor":13.0,"key":"REST"},{"data":"FloweringNight","floor":18.0,"key":"SMITH"},{"floor":27.0,"key":"REST"},{"data":"infinitespire:Oblivion","floor":30.0,"key":"SMITH"},{"data":"Embodiment","floor":35.0,"key":"SMITH"},{"floor":43,"key":"REST"},{"floor":46,"key":"REST"}],"circlet_count":0,"master_deck":["Strike_S","Strike_S","Strike_S+1","Defend_S","Defend_S","Defend_S","Defend_S","KidneyShot","Exchange","ShatteredReality","FastForward","expansioncontent:GuardianWhirl","infinitespire:Oblivion+1","Rewind","Comet+1","Starlight+1","Starlight+1","Rearm","Starlight+1","Starlight+1","FloweringNight+1","MurderousAura","Ricochet+1","ShiftingGears","SilverMatrix","BottledTime","infinitespire:Gouge","GearUp","Rearm","Embodiment+1","sneckomod:TailWhip","Solidify","Replay:SS_forest_2","infinitespire:Oblivion","Starlight+1","DancingSilver","GearUp","Misdirection+1","SilverBlades","Moonlight","Ricochet+1","Ricochet+1"],"relics":["Uniform","downfall:HeartsMalice","Replay:Baseball","downfall:HeartBlessingRed","MealTicket","Painkiller Herb","downfall:HeartBlessingBlue","Tiny Chest","MawBank","Pear","ReplayTheSpireMod:SealedPack","infinitespire:Bottled Soul","Replay:Bottled Eggs","Whetstone","Potion Belt"],"acts_visited":["Exordium","TheCity","TheBeyond"],"potions_floor_usage":[49,50,50,50,50],"damage_taken":[{"damage":0.0,"enemies":"Cultist","floor":2.0,"turns":1.0},{"damage":0.0,"enemies":"downfall:FleeingMerchant","floor":3.0,"turns":1.0},{"damage":0.0,"enemies":"Small Slimes","floor":5.0,"turns":1.0},{"damage":4.0,"enemies":"Jaw Worm","floor":6.0,"turns":2.0},{"damage":1.0,"enemies":"Exordium Wildlife","floor":8.0,"turns":2.0},{"damage":18.0,"enemies":"3 Sentries","floor":9.0,"turns":4.0},{"damage":0.0,"enemies":"Gremlin Gang","floor":11.0,"turns":2.0},{"damage":0.0,"enemies":"downfall:FleeingMerchant","floor":12.0,"turns":4.0},{"damage":0.0,"enemies":"Lagavulin","floor":14.0,"turns":3.0},{"damage":0.0,"enemies":"Large Slime","floor":15.0,"turns":2.0},{"damage":38.0,"enemies":"downfall:Ironclad","floor":16.0,"turns":8.0},{"damage":0.0,"enemies":"Spheric Guardian","floor":20.0,"turns":4.0},{"damage":0.0,"enemies":"Shell Parasite","floor":22.0,"turns":3.0},{"damage":18.0,"enemies":"Snake Plant","floor":23.0,"turns":3.0},{"damage":0.0,"enemies":"3 Cultists","floor":25.0,"turns":2.0},{"damage":0.0,"enemies":"Chosen and Byrds","floor":28.0,"turns":4.0},{"damage":3.0,"enemies":"Snecko","floor":31.0,"turns":3.0},{"damage":4.0,"enemies":"Cultist and Chosen","floor":32.0,"turns":4.0},{"damage":2.0,"enemies":"downfall:Defect","floor":33.0,"turns":4.0},{"damage":17.0,"enemies":"3 Darklings","floor":36.0,"turns":4.0},{"damage":9,"enemies":"Orb Walker","floor":37,"turns":3},{"damage":1,"enemies":"4 Shapes","floor":38,"turns":3},{"damage":0,"enemies":"downfall:FleeingMerchant","floor":39,"turns":4},{"damage":0,"enemies":"Nemesis","floor":40,"turns":5},{"damage":32,"enemies":"Sphere and 2 Shapes","floor":42,"turns":4},{"damage":5,"enemies":"Maw","floor":44,"turns":6},{"damage":3,"enemies":"Writhing Mass","floor":45,"turns":5},{"damage":0,"enemies":"Transient","floor":47,"turns":5},{"damage":43,"enemies":"4 Shapes","floor":48,"turns":4},{"damage":12,"enemies":"3 Darklings","floor":49,"turns":3},{"damage":0,"enemies":"downfall:Watcher","floor":50,"turns":6}],"seed_played":"-8572053238283676125","potions_obtained":[{"floor":6.0,"key":"BlessingOfTheForge"},{"floor":8.0,"key":"BlessingOfTheForge"},{"floor":9.0,"key":"Swift Potion"},{"floor":14.0,"key":"Venom Potion"},{"floor":15.0,"key":"SkillPotion"},{"floor":20.0,"key":"Venom Potion"},{"floor":21.0,"key":"CultistPotion"},{"floor":28.0,"key":"AttackPotion"},{"floor":31.0,"key":"Venom Potion"},{"floor":33.0,"key":"LiquidBronze"},{"floor":37,"key":"sneckomod:MuddlingPotion"},{"floor":44,"key":"Explosive Potion"},{"floor":47,"key":"PowerPotion"},{"floor":48,"key":"FearPotion"}],"is_trial":false,"path_per_floor":["R","M","$","?","M","M","T","M","?","R","M","$","R","E","M","B",null,"T","?","?","?","?","?","T","?","T","T","?","AVR","T","?","?","B",null,"T","?","?","?","T","E","T","?","T","?","?","T","?","?","?","B",null],"character_chosen":"THE_SERVANT","items_purchased":["expansioncontent:GuardianWhirl","Starlight","SilverBlades","Moonlight","infinitespire:Bottled Soul","Replay:Bottled Eggs"],"campfire_rested":5,"item_purchase_floors":[3,12,39,39,39,39],"current_hp_per_floor":[65,65,65,49,49,45,45,44,26,45,45,45,64,64,64,26,65,75,75,75,75,75,57,57,57,57,75,75,85,85,82,78,76,85,85,68,59,58,73,73,73,41,66,61,58,83,83,40,28,28],"gold":379,"neow_bonus":"THREE_ENEMY_KILL","is_daily":false,"chose_seed":false,"campfire_upgraded":3,"win_rate":0.0,"timestamp":1609737521,"path_taken":["R","M","$","?","M","M","T","M","?","R","M","$","R","E","M","BOSS","T","?","?","?","?","?","T","?","?","T","?","AVR","T","?","?","BOSS","T","?","?","?","T","E","T","?","T","?","?","T","?","?","?","BOSS"],"items_purchased_type":["Card","Card","Card","Card","Relic","Relic"],"build_version":"2020-12-22","purchased_purges":2,"victory":true,"max_hp_per_floor":[65,65,65,65,65,65,65,65,65,65,65,65,65,65,65,65,65,75,75,75,75,75,75,75,75,75,75,75,85,85,85,85,85,85,85,85,85,85,85,85,85,85,85,85,85,85,85,85,85,85],"card_choices":[{"not_picked":["SpecialFormula","DoubleEdge"],"picked":"ShatteredReality","floor":2.0},{"not_picked":["TheWorld","TimeWarp"],"picked":"FastForward","floor":3.0},{"not_picked":["infinitespire:SevenWalls","infinitespire:Punishment"],"picked":"infinitespire:Oblivion","floor":4.0},{"not_picked":["Desolation","DoubleEdge"],"picked":"Rewind","floor":5.0},{"not_picked":["ShatteredReality","Sabotage"],"picked":"Comet","floor":6.0},{"not_picked":["BottledTime","Replace"],"picked":"Starlight","floor":8.0},{"not_picked":["ShiftingGears","DualDimension"],"picked":"Starlight","floor":11.0},{"not_picked":["Contraction","Collapse"],"picked":"Rearm","floor":12.0},{"not_picked":["Luminosity","Rearm"],"picked":"Starlight","floor":14.0},{"not_picked":["Potential","WasteNot"],"picked":"FloweringNight","floor":15.0},{"not_picked":["FlawlessForm","Duplication"],"picked":"MurderousAura","floor":16.0},{"not_picked":["Desolation+1","Revamp"],"picked":"Ricochet+1","floor":20.0},{"not_picked":["Desolation+1","Starlight"],"picked":"ShiftingGears","floor":22.0},{"not_picked":["Ricochet+1","Spin+1","Reset"],"picked":"SKIP","floor":23.0},{"not_picked":["Gouge","WasteNot"],"picked":"SilverMatrix","floor":25.0},{"not_picked":["Alleviate","WasteNot+1"],"picked":"BottledTime","floor":28.0},{"not_picked":["ShatteredReality","StarChef"],"picked":"GearUp","floor":31.0},{"not_picked":["Sabotage","Gouge"],"picked":"Rearm","floor":32.0},{"not_picked":["Solidify","FloweringNight"],"picked":"Embodiment","floor":33.0},{"not_picked":["hermit:Snapshot","MasterSpark"],"picked":"sneckomod:TailWhip","floor":34.0},{"not_picked":["SilverMatrix","Deny"],"picked":"Solidify","floor":34.0},{"not_picked":["Mind Blast","Replay:SS_fish_2"],"picked":"Replay:SS_forest_2","floor":34.0},{"not_picked":["infinitespire:SevenWalls","infinitespire:TheBestDefense"],"picked":"infinitespire:Oblivion","floor":34.0},{"not_picked":["DoubleEdge+1","TimeWarp"],"picked":"Starlight+1","floor":36},{"not_picked":["Read+1","FloweringNight"],"picked":"DancingSilver","floor":37},{"not_picked":["Revamp","Alleviate+1"],"picked":"GearUp","floor":38},{"not_picked":["Deadline","Moondial"],"picked":"Misdirection+1","floor":39},{"not_picked":["Revamp+1","Advance+1"],"picked":"Ricochet+1","floor":40},{"not_picked":["Moonlight","Misdirection","MoonPhase"],"picked":"SKIP","floor":42},{"not_picked":["Moondial","WasteNot+1","Advance"],"picked":"SKIP","floor":44},{"not_picked":["FanOfKnives+1","Revamp","Moondial"],"picked":"SKIP","floor":45},{"not_picked":["WasteNot+1","Shuttle","ForgedInTime"],"picked":"SKIP","floor":47},{"not_picked":["Spin+1","BottledTime+1"],"picked":"Ricochet+1","floor":48},{"not_picked":["Rewind+1","Alleviate+1","Orbit"],"picked":"SKIP","floor":49}],"player_experience":225346,"relics_obtained":[{"floor":9.0,"key":"Replay:Baseball"},{"floor":14.0,"key":"MealTicket"},{"floor":24.0,"key":"Tiny Chest"},{"floor":26.0,"key":"MawBank"},{"floor":40,"key":"Whetstone"},{"floor":41,"key":"Potion Belt"}],"event_choices":[],"is_beta":false,"boss_relics":[{"not_picked":["Snecko Eye","Replay:Wanted Poster"],"picked":"Painkiller Herb"},{"not_picked":["Kintsugi","Replay:Grab Bag"],"picked":"ReplayTheSpireMod:SealedPack"}],"items_purged_floors":[29,39],"is_endless":false,"potions_floor_spawned":[6,8,9,14,15,20,28,31,33,37,44,47,48],"ascension_level":0}}