{"host":"u0qetpmu4y58k1tf","time":1609774487,"event":{"mods":["AchievementEnabler","BaseMod","Colored Map","Colored Powertips","Hermit","Marisa£¨Ùöéë¡¡Øª×âÞÞ£©","Minty Spire (QoL Compilation)","Replay The Spire","StSLib","SuperFastMode","The Bug Knight","The Cursed","The Hierophant","The Runesmith"],"gold_per_floor":[113,388,407,131,131,131,160,203,203,49,103,19,19,19,19,19,19],"floor_reached":16,"playtime":554,"items_purged":["Regret","Strike_P"],"score":154,"play_id":"215c27cc-9ff9-4734-be71-db58a1e45110","local_time":"20210105003447","is_ascension_mode":false,"campfire_choices":[{"data":"Eruption","floor":6,"key":"SMITH"},{"data":"TheCursedMod:Stretching","floor":13,"key":"SMITH"},{"floor":15,"key":"REST"}],"circlet_count":0,"master_deck":["Strike_P","Strike_P","Strike_P+1","Defend_P","Defend_P","Defend_P","Defend_P","Eruption+1","Vigilance","FlurryOfBlows","FlurryOfBlows","FlurryOfBlows+1","hierophant:SecretStash","TheCursedMod:Stretching+1","FlurryOfBlows","MachineGunSpark","Flash of Steel"],"relics":["PureWater","NeowsBlessing","PrismaticShard","GoldenEye","Odd Mushroom","Matryoshka","Gremlin Horn"],"acts_visited":["Exordium"],"potions_floor_usage":[16],"damage_taken":[{"damage":0,"enemies":"Small Slimes","floor":1,"turns":1},{"damage":0,"enemies":"Cultist","floor":3,"turns":1},{"damage":0,"enemies":"3 Sentries","floor":7,"turns":2},{"damage":28,"enemies":"The Mushroom Lair","floor":8,"turns":5},{"damage":9,"enemies":"Lagavulin","floor":11,"turns":5},{"damage":65,"enemies":"Fading Forest","floor":16,"turns":7}],"seed_played":"958743789411477666","potions_obtained":[{"floor":3,"key":"BlessingOfTheForge"},{"floor":8,"key":"LifebloodPotion"}],"is_trial":false,"path_per_floor":["M","?","M","$","?","R","E","?","T","$","E","$","R","$","R","B"],"character_chosen":"WATCHER","items_purchased":["PrismaticShard","FlurryOfBlows","FlurryOfBlows","Flash of Steel"],"campfire_rested":1,"item_purchase_floors":[4,4,10,12],"current_hp_per_floor":[72,72,72,72,58,58,58,30,30,30,21,21,21,21,42,0,0],"gold":19,"neow_bonus":"THREE_ENEMY_KILL","is_daily":false,"chose_seed":false,"campfire_upgraded":2,"win_rate":0.0,"timestamp":1609774487,"path_taken":["M","?","?","$","?","R","E","?","T","?","E","$","R","?","R","BOSS"],"items_purchased_type":["Relic","Card","Card","Card"],"build_version":"2020-12-22","purchased_purges":2,"victory":false,"max_hp_per_floor":[72,72,72,72,72,72,72,72,72,72,72,72,72,72,72,72,72],"card_choices":[{"not_picked":["CrushJoints","Replay:Cycle"],"picked":"FlurryOfBlows","floor":1},{"not_picked":["Evaluate","EmptyMind"],"picked":"FlurryOfBlows","floor":3},{"not_picked":["TheCursedMod:SpitefulPlan","hierophant:DisplayOfPower"],"picked":"hierophant:SecretStash","floor":7},{"not_picked":["Deflect","Consecrate"],"picked":"TheCursedMod:Stretching","floor":8},{"not_picked":["Conclude","hierophant:Encroach"],"picked":"MachineGunSpark","floor":11}],"player_experience":17159,"relics_obtained":[{"floor":7,"key":"GoldenEye"},{"floor":8,"key":"Odd Mushroom"},{"floor":9,"key":"Matryoshka"},{"floor":11,"key":"Gremlin Horn"}],"event_choices":[{"damage_healed":0,"gold_gain":275,"player_choice":"Desecrate","damage_taken":0,"max_hp_gain":0,"max_hp_loss":0,"event_name":"Golden Shrine","floor":2,"gold_loss":0,"cards_obtained":["Regret"]},{"damage_healed":0,"gold_gain":0,"player_choice":"Entered Light","damage_taken":14,"max_hp_gain":0,"max_hp_loss":0,"event_name":"Shining Light","floor":5,"gold_loss":0,"cards_upgraded":["FlurryOfBlows","Strike_P"]},{"damage_healed":0,"gold_gain":0,"player_choice":"Fought Mushrooms","damage_taken":0,"max_hp_gain":0,"max_hp_loss":0,"event_name":"Mushrooms","floor":8,"gold_loss":0}],"is_beta":false,"boss_relics":[],"items_purged_floors":[4,10],"is_endless":false,"potions_floor_spawned":[3,8],"killed_by":"Fading Forest","ascension_level":0}}