{"host":"dntw6kil9p09eemm","time":1609795700,"event":{"mods":["Alarm Clock","Aspiration","BaseMod","Colored Powertips","Downfall","Hermit","Hubris","Keyboard Shortcuts","Minty Spire (QoL Compilation)","Permanent Neow","Replay The Spire","Shop Mod","StSLib","The Runesmith"],"gold_per_floor":[109,109,109,109,109,120,131,156,169,187,187,200,213,213,29,45,45,141,141,160,170,170,180,158,192,78,78,78,104,124,134,134,134,134],"floor_reached":32,"playtime":1613,"items_purged":["hexamod:Defend","hexamod:Strike"],"score":266,"play_id":"9d4d3e6f-cbc7-43b7-92a9-0e80c4770b70","local_time":"20210105062820","is_ascension_mode":false,"campfire_choices":[{"data":"hexamod:FastForward","floor":14.0,"key":"SMITH"},{"floor":17,"key":"DIG"},{"floor":27,"key":"REST"}],"circlet_count":0,"master_deck":["hexamod:Strike","hexamod:Strike","hexamod:Strike","hexamod:Defend","hexamod:Defend","hexamod:Defend","hexamod:Sear","hexamod:Float+1","hexamod:FastForward","hexamod:FastForward+1","hexamod:PhantomFireball","hexamod:EmpoweredFlame","hexamod:Incineration","hexamod:SpectralSpark+1","hexamod:GhostflameBarrier+1","hexamod:HexaLevel","hexamod:Incineration+1","hexamod:GhostOfSpireFuture","hexamod:ThermalTransfer+1","hexamod:TimeWarp","hexamod:TimeOfNeed+1","hexamod:RadiantFlame+1","hexamod:ThermalTransfer","hexamod:PhantomFireball+1"],"relics":["hexamod:SpiritBrand","Toxic Egg 2","Prayer Wheel","MerchantsRug","hexamod:JarOfFuel","aspiration:Lifesprig","Red Mask"],"acts_visited":["Exordium","TheCity"],"potions_floor_usage":[23],"damage_taken":[{"damage":0.0,"enemies":"Jaw Worm","floor":1.0,"turns":3.0},{"damage":0.0,"enemies":"Small Slimes","floor":6.0,"turns":3.0},{"damage":0.0,"enemies":"2 Louse","floor":7.0,"turns":3.0},{"damage":25.0,"enemies":"Gremlin Nob","floor":8.0,"turns":5.0},{"damage":0.0,"enemies":"Looter","floor":9.0,"turns":4.0},{"damage":2.0,"enemies":"Exordium Thugs","floor":10.0,"turns":5.0},{"damage":0.0,"enemies":"3 Louse","floor":12.0,"turns":3.0},{"damage":4.0,"enemies":"Looter","floor":13.0,"turns":3.0},{"damage":0.0,"enemies":"Large Slime","floor":16.0,"turns":3.0},{"damage":15,"enemies":"The Guardian","floor":18,"turns":8},{"damage":8,"enemies":"Spheric Guardian","floor":20,"turns":5},{"damage":4,"enemies":"Shell Parasite","floor":21,"turns":5},{"damage":35,"enemies":"Shelled Parasite and Fungi","floor":23,"turns":6},{"damage":3,"enemies":"Replay:Snechameleon","floor":25,"turns":6},{"damage":56,"enemies":"Masked Bandits","floor":29,"turns":5},{"damage":7,"enemies":"Snecko","floor":30,"turns":4},{"damage":21,"enemies":"3 Cultists","floor":31,"turns":6},{"damage":34,"enemies":"Shelled Parasite and Fungi","floor":32,"turns":2}],"seed_played":"7857046613992549919","potions_obtained":[{"floor":1.0,"key":"BlessingOfTheForge"},{"floor":7.0,"key":"Energy Potion"},{"floor":8.0,"key":"GamblersBrew"},{"floor":16.0,"key":"Energy Potion"},{"floor":20,"key":"FairyPotion"},{"floor":23,"key":"Fire Potion"},{"floor":25,"key":"sneckomod:MuddlingPotion"}],"is_trial":false,"path_per_floor":["M","?","PTL","PTL","?","M","M","E","M","M","T","M","M","R","$","M","R","B",null,"M","M","?","M","$","E","$","R","T","?","M","M","M"],"character_chosen":"THE_SPIRIT","items_purchased":["MerchantsRug","hexamod:TimeWarp","hexamod:JarOfFuel","hexamod:RadiantFlame+1"],"campfire_rested":1,"item_purchase_floors":[15,24,26,26],"current_hp_per_floor":[70,70,70,70,70,70,70,45,45,43,43,43,39,39,39,39,39,24,70,62,58,58,23,23,23,23,44,44,43,36,15,0,0,0],"gold":134,"neow_bonus":"UPGRADE_CARD","is_daily":false,"chose_seed":false,"campfire_upgraded":1,"win_rate":0.0,"timestamp":1609795700,"path_taken":["M","?","PTL","PTL","?","M","M","E","M","M","T","M","M","R","$","M","R","BOSS","M","M","?","M","$","E","$","R","T","?","M","M","M"],"items_purchased_type":["Relic","Card","Relic","Card"],"build_version":"2020-12-22","purchased_purges":2,"victory":false,"max_hp_per_floor":[70,70,70,70,70,70,70,70,70,70,70,70,70,70,70,70,70,70,70,70,70,70,70,70,73,73,73,73,73,73,73,73,73,73],"card_choices":[{"not_picked":["hexamod:SpectralAdrenaline","hexamod:FourthSeal"],"picked":"hexamod:FastForward","floor":1.0},{"not_picked":["hexamod:PhantomCloak","hexamod:HauntingEcho","hexamod:GhostLash"],"picked":"SKIP","floor":6.0},{"not_picked":["hexamod:BacktrackSmack","hexamod:HauntingEcho"],"picked":"hexamod:FastForward","floor":7.0},{"not_picked":["hexamod:HeatShield+1","hexamod:RetreatToShadows+1"],"picked":"hexamod:PhantomFireball","floor":8.0},{"not_picked":["hexamod:RainOfEmbers","hexamod:TurnItUp+1","hexamod:AdvancingGuard+1"],"picked":"SKIP","floor":9.0},{"not_picked":["hexamod:SwordOfDarkness","hexamod:ShieldOfDarkness+1"],"picked":"hexamod:EmpoweredFlame","floor":10.0},{"not_picked":["hexamod:FastForward+1","hexamod:BurningTouch+1"],"picked":"hexamod:Incineration","floor":12.0},{"not_picked":["hexamod:NightmareStrike","hexamod:SwordOfDarkness","hexamod:Hexaguard+1"],"picked":"SKIP","floor":12.0},{"not_picked":["hexamod:StepThrough","hexamod:Hexaguard+1"],"picked":"hexamod:SpectralSpark+1","floor":13.0},{"not_picked":["hexamod:Again+1","hexamod:ThermalTransfer"],"picked":"hexamod:GhostflameBarrier+1","floor":13.0},{"not_picked":["hexamod:GhostShield+1","hexamod:RecurringNightmare+1","hexamod:SecondSeal"],"picked":"SKIP","floor":16.0},{"not_picked":["hexamod:GhostShield+1","hexamod:SpectersWail","hexamod:HauntingEcho"],"picked":"SKIP","floor":16.0},{"not_picked":["hexamod:UnleashSpirits","hexamod:TurnItUp+1"],"picked":"hexamod:HexaLevel","floor":18},{"not_picked":["hexamod:Hexaguard+1","hexamod:GhostOfSpirePast"],"picked":"hexamod:Incineration+1","floor":20},{"not_picked":["hexamod:GhostShield+1","hexamod:ShieldOfDarkness+1"],"picked":"hexamod:GhostOfSpireFuture","floor":20},{"not_picked":["hexamod:Again+1","hexamod:GhostShield+1","hexamod:Incineration"],"picked":"SKIP","floor":21},{"not_picked":["hexamod:EmpoweredFlame","hexamod:Rewind+1","hexamod:NightmareStrike"],"picked":"SKIP","floor":21},{"not_picked":["hexamod:Hexaguard+1","hexamod:GhostLash"],"picked":"hexamod:ThermalTransfer+1","floor":23},{"not_picked":["hexamod:NightmareStrike+1","hexamod:GhostLash","hexamod:HauntingEcho"],"picked":"SKIP","floor":23},{"not_picked":["hexamod:NightmareStrike","hexamod:FlamesFromBeyond+1"],"picked":"hexamod:TimeOfNeed+1","floor":25},{"not_picked":["hexamod:SpectersWail+1","hexamod:Firestarter"],"picked":"hexamod:ThermalTransfer","floor":30},{"not_picked":["hexamod:EtherealExpedition+1","hexamod:NightmareGuise+1","hexamod:EmpoweringStance"],"picked":"SKIP","floor":30},{"not_picked":["hexamod:InspiringFlames+1","hexamod:NightmareGuise+1"],"picked":"hexamod:PhantomFireball+1","floor":31},{"not_picked":["hexamod:ThermalTransfer","hexamod:RainOfEmbers","hexamod:AdvancingGuard+1"],"picked":"SKIP","floor":31}],"player_experience":559032,"relics_obtained":[{"floor":8.0,"key":"Toxic Egg 2"},{"floor":11.0,"key":"Prayer Wheel"},{"floor":17,"key":"aspiration:FetidBarrel"},{"floor":25,"key":"Replay:Ringing Soul"},{"floor":28,"key":"aspiration:Lifesprig"},{"floor":29,"key":"Red Mask"}],"event_choices":[{"damage_healed":0.0,"max_hp_gain":0.0,"max_hp_loss":0.0,"gold_gain":0.0,"event_name":"Shining Light","player_choice":"Ignored","floor":2.0,"gold_loss":0.0,"damage_taken":0.0},{"damage_healed":0,"gold_gain":0,"player_choice":"Fought Bandits","damage_taken":0,"max_hp_gain":0,"max_hp_loss":0,"event_name":"Masked Bandits","floor":29,"gold_loss":0}],"is_beta":false,"boss_relics":[{"not_picked":["Honey Jar","Abe\u0027s Treasure"],"picked":"SacredBark"}],"items_purged_floors":[15,24],"is_endless":false,"potions_floor_spawned":[1,7,8,16,20,23,25],"killed_by":"Shelled Parasite and Fungi","ascension_level":0}}