{"host":"kabf61oc9jgfwufg","time":1609783164,"event":{"mods":["AchievementEnabler","Act Like it!","Aspiration","BaseMod","Conspire","GifTheSpireLib","Halation","HexUI Lib","Hubris","Infinite Spire","Minty Spire (QoL Compilation)","Pale of the Ancients","Rare Cards Sparkle","Replay The Spire","StSLib","The Jungle"],"gold_per_floor":[112,52,2,2,2,2,19,44,68,83,100,112,112,187,187,187,187],"floor_reached":16,"playtime":333,"items_purged":[],"score":110,"play_id":"a5ab4354-1403-445a-8ac0-ec35b7ebac37","local_time":"20210104175924","is_ascension_mode":true,"campfire_choices":[{"data":"Double Tap","floor":6,"key":"SMITH"},{"data":"Armaments","floor":15,"key":"SMITH"}],"circlet_count":0,"master_deck":["Strike_R","Strike_R","Strike_R","Strike_R","Defend_R","Defend_R","Defend_R","Defend_R","Bash","Double Tap+1","Seeing Red+1","Thunderclap","Armaments+1","Twin Strike","True Grit"],"relics":["Burning Blood","hubris:64BitClover","Strawberry","halation:StarCompass"],"acts_visited":["Exordium"],"potions_floor_usage":[16,16,16],"damage_taken":[{"damage":8,"enemies":"2 Louse","floor":1,"turns":4},{"damage":10,"enemies":"Small Slimes","floor":7,"turns":2},{"damage":14,"enemies":"Gremlin Nob","floor":8,"turns":3},{"damage":2,"enemies":"Jaw Worm","floor":10,"turns":3},{"damage":16,"enemies":"Looter","floor":11,"turns":4},{"damage":9,"enemies":"Red Slaver","floor":12,"turns":3},{"damage":54,"enemies":"The Guardian","floor":16,"turns":6}],"seed_played":"-536157108337218980","potions_obtained":[{"floor":10,"key":"FearPotion"},{"floor":11,"key":"Explosive Potion"},{"floor":12,"key":"EntropicBrew"}],"is_trial":false,"path_per_floor":["M","$","?","$","?","R","M","E","T","M","M","M","?","?","R","B"],"character_chosen":"IRONCLAD","items_purchased":["Seeing Red+1"],"campfire_rested":0,"item_purchase_floors":[2],"current_hp_per_floor":[78,78,78,78,78,78,74,66,73,77,67,64,64,53,53,0,0],"gold":187,"neow_bonus":"ONE_RANDOM_RARE_CARD","is_daily":false,"chose_seed":false,"campfire_upgraded":2,"win_rate":0.0,"timestamp":1609783164,"path_taken":["M","$","?","$","?","R","M","E","T","M","M","M","?","?","R","BOSS"],"items_purchased_type":["Card"],"build_version":"2020-12-22","purchased_purges":0,"victory":false,"max_hp_per_floor":[80,80,80,80,80,80,80,80,87,87,87,87,87,87,87,87,87],"card_choices":[{"not_picked":["Heavy Blade","ReplayReversal","ReplayTheSpireMod:Strike From Hell"],"picked":"SKIP","floor":1},{"not_picked":["Run Through","Perfected Strike","Thunderclap"],"picked":"SKIP","floor":7},{"not_picked":["Iron Wave","Fire Breathing"],"picked":"Armaments","floor":8},{"not_picked":["Evolve","Replay:Undeath\u0027s Touch","hubris:SharpeningStone"],"picked":"SKIP","floor":10},{"not_picked":["Heavy Blade","Perfected Strike"],"picked":"Twin Strike","floor":11},{"not_picked":["Armaments","ReplayTheSpireMod:Strike From Hell"],"picked":"True Grit","floor":12}],"player_experience":38268,"relics_obtained":[{"floor":8,"key":"hubris:64BitClover"},{"floor":9,"key":"Strawberry"}],"event_choices":[{"cards_removed":["Strike_R"],"damage_healed":0,"gold_gain":0,"player_choice":"Card Removal","damage_taken":0,"max_hp_gain":0,"max_hp_loss":0,"event_name":"The Cleric","floor":3,"gold_loss":50},{"damage_healed":0,"gold_gain":75,"player_choice":"Gather Gold","damage_taken":11,"max_hp_gain":0,"max_hp_loss":0,"event_name":"World of Goop","floor":14,"gold_loss":0}],"is_beta":false,"boss_relics":[],"items_purged_floors":[],"is_endless":false,"potions_floor_spawned":[10,11,12],"killed_by":"The Guardian","ascension_level":2}}