{"host":"gg","time":1609741914,"event":{"mods":["BaseMod","Colored Map","Googly Eyes","Minty Spire (QoL Compilation)","Permanent Neow","Relic Stats","The IronCluck"],"gold_per_floor":[114,128,140,140,150,183,200,231,256,256,306,332,343,371,371,445,445,460,471,471,471,496,529,529,563,563,581,581,601,626,53,53,140,140,169,191,191,191,191,191,213,164,164,199,254,284,284,319,319,319,319,319,34,75,75],"floor_reached":56,"playtime":6986,"items_purged":["Strike_P"],"score":2255,"play_id":"537bfcd5-4a80-49b4-ba70-a91725596a4e","local_time":"20210103223154","is_ascension_mode":true,"campfire_choices":[{"floor":10.0,"key":"REST"},{"data":"Eruption","floor":15,"key":"SMITH"},{"data":"Adaptation","floor":24,"key":"SMITH"},{"data":"TalkToTheHand","floor":28,"key":"SMITH"},{"data":"Meditate","floor":32,"key":"SMITH"},{"data":"Devotion","floor":40,"key":"SMITH"},{"floor":47,"key":"RECALL"},{"data":"MentalFortress","floor":49,"key":"SMITH"},{"data":"Vault","floor":52,"key":"SMITH"}],"circlet_count":0,"master_deck":["AscendersBane","Strike_P","Strike_P","Defend_P","Defend_P","Eruption+1","Vigilance","WheelKick","SashWhip","BowlingBash","JustLucky","FollowUp","Consecrate","Wireheading","FearNoEvil","Vault+1","EmptyFist","TalkToTheHand+1","CrushJoints","Adaptation+1","JustLucky+1","Weave","Meditate+1","MentalFortress+1","Devotion+1","InnerPeace","Halt","Indignation","FlurryOfBlows","DeceiveReality+1","EmptyMind+1","ThirdEye","WaveOfTheHand","CutThroughFate","EmptyMind+1"],"relics":["Runic Pyramid","Orichalcum","Yang","Damaru","Tiny Chest","Bronze Scales","Runic Dome","Nunchaku","Letter Opener","CeramicFish","Kunai","Pen Nib","Bag of Preparation","VioletLotus","GoldenEye","Ornamental Fan","Prayer Wheel","Bottled Lightning","Medical Kit","Boot"],"acts_visited":["Exordium","TheCity","TheBeyond","TheEnding"],"potions_floor_usage":[12,13,14,16],"damage_taken":[{"damage":7.0,"enemies":"2 Louse","floor":1.0,"turns":3.0},{"damage":0.0,"enemies":"Cultist","floor":2.0,"turns":2.0},{"damage":3.0,"enemies":"Small Slimes","floor":3.0,"turns":4.0},{"damage":7.0,"enemies":"Gremlin Gang","floor":5.0,"turns":2.0},{"damage":20.0,"enemies":"Lagavulin","floor":6.0,"turns":7.0},{"damage":2.0,"enemies":"2 Fungi Beasts","floor":7.0,"turns":3.0},{"damage":18.0,"enemies":"Gremlin Nob","floor":8.0,"turns":3.0},{"damage":1,"enemies":"3 Sentries","floor":12,"turns":3},{"damage":2,"enemies":"Large Slime","floor":13,"turns":3},{"damage":5,"enemies":"Lagavulin","floor":14,"turns":5},{"damage":3,"enemies":"Hexaghost","floor":16,"turns":7},{"damage":1,"enemies":"Chosen","floor":18,"turns":4},{"damage":2,"enemies":"3 Byrds","floor":19,"turns":3},{"damage":14,"enemies":"Book of Stabbing","floor":23,"turns":4},{"damage":4,"enemies":"Slavers","floor":25,"turns":3},{"damage":0,"enemies":"3 Cultists","floor":27,"turns":4},{"damage":18,"enemies":"Snake Plant","floor":29,"turns":5},{"damage":5,"enemies":"Shelled Parasite and Fungi","floor":30,"turns":3},{"damage":0,"enemies":"Champ","floor":33,"turns":9},{"damage":7,"enemies":"3 Shapes","floor":35,"turns":3},{"damage":0,"enemies":"3 Darklings","floor":36,"turns":5},{"damage":0,"enemies":"Maw","floor":41,"turns":6},{"damage":15,"enemies":"Nemesis","floor":44,"turns":4},{"damage":13,"enemies":"2 Orb Walkers","floor":45,"turns":4},{"damage":0,"enemies":"Reptomancer","floor":46,"turns":3},{"damage":0,"enemies":"4 Shapes","floor":48,"turns":3},{"damage":0,"enemies":"Donu and Deca","floor":50,"turns":7},{"damage":0,"enemies":"Shield and Spear","floor":54,"turns":6},{"damage":12,"enemies":"The Heart","floor":55,"turns":7}],"seed_played":"-1763720882687145654","potions_obtained":[{"floor":2.0,"key":"FearPotion"},{"floor":3.0,"key":"Explosive Potion"},{"floor":6.0,"key":"StancePotion"},{"floor":12,"key":"FearPotion"},{"floor":13,"key":"EntropicBrew"},{"floor":16,"key":"FairyPotion"},{"floor":18,"key":"FearPotion"},{"floor":48,"key":"BottledMiracle"}],"is_trial":false,"path_per_floor":["M","M","M","?","M","E","M","E","T","R","?","E","M","E","R","B",null,"M","M","?","?","T","E","R","E","T","M","R","M","M","$","R","B",null,"M","M","?","T","?","R","M","$","T","E","?","E","R","M","R","B",null,"R","$","E","B",null],"character_chosen":"WATCHER","items_purchased":["Pen Nib","Bag of Preparation","Meditate","MentalFortress","FlurryOfBlows","Medical Kit","WaveOfTheHand","CutThroughFate"],"campfire_rested":1,"item_purchase_floors":[31,31,31,31,42,53,53,53],"current_hp_per_floor":[54,54,51,51,44,24,22,4,4,24,18,17,15,10,10,7,53,52,50,50,50,50,36,36,32,32,32,32,14,9,9,9,9,53,46,46,46,46,46,46,46,46,46,31,18,18,18,18,18,18,56,56,56,56,44],"gold":75,"neow_bonus":"BOSS_RELIC","is_daily":false,"chose_seed":false,"campfire_upgraded":7,"win_rate":0.0,"timestamp":1609741914,"path_taken":["M","M","M","?","?","E","M","E","T","R","?","E","M","E","R","BOSS","M","?","?","?","?","E","R","E","T","?","R","M","M","?","R","BOSS","M","M","?","?","?","R","M","$","T","E","?","E","R","M","R","BOSS","R","$","E","BOSS"],"items_purchased_type":["Relic","Relic","Card","Card","Card","Relic","Card","Card"],"build_version":"2020-12-18","purchased_purges":1,"victory":true,"max_hp_per_floor":[68,68,68,68,68,68,68,68,68,68,68,68,68,68,68,68,68,68,68,68,68,68,68,68,68,68,68,68,68,68,68,68,68,68,68,68,68,68,68,68,68,68,68,68,68,68,68,68,68,68,68,68,68,68,68],"relic_stats":{"counters":[29,125],"CeramicFish":135,"Yang":[429],"Pen Nib":[30],"Bag of Preparation":[22],"Letter Opener":[80],"Orichalcum":[90],"GoldenEye":[100],"Medical Kit":[3],"Boot":[11],"Nunchaku":[36],"Ornamental Fan":[184],"Bronze Scales":[260],"Tiny Chest":2,"Prayer Wheel":1,"VioletLotus":[30],"Kunai":[89],"obtain_stats":[{"CeramicFish":25,"Damaru":9,"Yang":8,"Pen Nib":31,"Bag of Preparation":31,"Letter Opener":23,"Orichalcum":6,"GoldenEye":38,"Medical Kit":53,"Boot":54,"Runic Dome":17,"Nunchaku":22,"Ornamental Fan":44,"Bronze Scales":14,"Tiny Chest":12,"Prayer Wheel":45,"VioletLotus":34,"Kunai":26,"Bottled Lightning":46,"PureWater":0,"Runic Pyramid":0},{"CeramicFish":15,"Damaru":7,"Yang":7,"Pen Nib":18,"Bag of Preparation":18,"Letter Opener":14,"Orichalcum":5,"GoldenEye":21,"Medical Kit":27,"Boot":28,"Runic Dome":11,"Nunchaku":13,"Ornamental Fan":23,"Bronze Scales":10,"Tiny Chest":8,"Prayer Wheel":24,"VioletLotus":19,"Kunai":15,"Bottled Lightning":25,"PureWater":0,"Runic Pyramid":0},{"CeramicFish":56,"Damaru":24,"Yang":24,"Pen Nib":68,"Bag of Preparation":68,"Letter Opener":53,"Orichalcum":18,"GoldenEye":85,"Medical Kit":112,"Boot":118,"Runic Dome":42,"Nunchaku":49,"Ornamental Fan":95,"Bronze Scales":35,"Tiny Chest":27,"Prayer Wheel":99,"VioletLotus":77,"Kunai":56,"Bottled Lightning":102,"PureWater":0,"Runic Pyramid":0}]},"card_choices":[{"not_picked":["ClearTheMind","WindmillStrike","WheelKick"],"picked":"SKIP","floor":1.0},{"not_picked":["ClearTheMind","WindmillStrike"],"picked":"WheelKick","floor":1.0},{"not_picked":["Crescendo","PathToVictory"],"picked":"SashWhip","floor":2.0},{"not_picked":["ReachHeaven","CarveReality"],"picked":"BowlingBash","floor":3.0},{"not_picked":["FlyingSleeves","FollowUp"],"picked":"JustLucky","floor":5.0},{"not_picked":["Nirvana","CrushJoints"],"picked":"FollowUp","floor":6.0},{"not_picked":["FlyingSleeves","ForeignInfluence"],"picked":"Consecrate","floor":7.0},{"not_picked":["Establishment","Omniscience","Consecrate"],"picked":"SKIP","floor":8.0},{"not_picked":["CrushJoints","Pray"],"picked":"Wireheading","floor":12},{"not_picked":["Collect","Indignation","EmptyMind"],"picked":"SKIP","floor":13},{"not_picked":["Consecrate","Vengeance"],"picked":"FearNoEvil","floor":14},{"not_picked":["Brilliance","Establishment"],"picked":"Vault","floor":16},{"not_picked":["SashWhip","Study","ThirdEye"],"picked":"SKIP","floor":18},{"not_picked":["SashWhip","Nirvana"],"picked":"EmptyFist","floor":19},{"not_picked":["Halt","Protect+1"],"picked":"Adaptation","floor":23},{"not_picked":["FollowUp","BattleHymn"],"picked":"JustLucky+1","floor":25},{"not_picked":["JustLucky","Protect","FollowUp"],"picked":"SKIP","floor":27},{"not_picked":["Protect","SashWhip","SandsOfTime"],"picked":"SKIP","floor":29},{"not_picked":["FearNoEvil","Wish"],"picked":"Weave","floor":30},{"not_picked":["Scrawl","MasterReality"],"picked":"Devotion","floor":33},{"not_picked":["SashWhip+1","EmptyFist"],"picked":"InnerPeace","floor":35},{"not_picked":["SashWhip","ThirdEye"],"picked":"Halt","floor":36},{"not_picked":["Crescendo","EmptyBody"],"picked":"Indignation","floor":41},{"not_picked":["ConjureBlade","EmptyFist"],"picked":"DeceiveReality+1","floor":44},{"not_picked":["FlyingSleeves","SashWhip","ConjureBlade"],"picked":"SKIP","floor":46},{"not_picked":["CrushJoints","FlyingSleeves"],"picked":"EmptyMind+1","floor":48},{"not_picked":["CrushJoints+1","Evaluate"],"picked":"ThirdEye","floor":48},{"not_picked":["Fasting2","Pray"],"picked":"EmptyMind+1","floor":54}],"player_experience":1034482,"relics_obtained":[{"floor":6.0,"key":"Orichalcum"},{"floor":8.0,"key":"Yang"},{"floor":9.0,"key":"Damaru"},{"floor":12,"key":"Tiny Chest"},{"floor":14,"key":"Bronze Scales"},{"floor":22,"key":"Nunchaku"},{"floor":23,"key":"Letter Opener"},{"floor":25,"key":"CeramicFish"},{"floor":26,"key":"Kunai"},{"floor":38,"key":"GoldenEye"},{"floor":44,"key":"Ornamental Fan"},{"floor":45,"key":"Prayer Wheel"},{"floor":46,"key":"Bottled Lightning"},{"floor":54,"key":"Boot"}],"event_choices":[{"damage_healed":0.0,"max_hp_gain":0.0,"max_hp_loss":0.0,"gold_gain":0.0,"event_name":"Lab","player_choice":"Got Potions","floor":4.0,"gold_loss":0.0,"damage_taken":0.0},{"damage_healed":0,"gold_gain":50,"player_choice":"Touch","damage_taken":6,"max_hp_gain":0,"max_hp_loss":0,"event_name":"FaceTrader","floor":11,"gold_loss":0},{"damage_healed":0,"gold_gain":0,"player_choice":"Ignored","damage_taken":0,"max_hp_gain":0,"max_hp_loss":0,"event_name":"Ghosts","floor":20,"gold_loss":0},{"damage_healed":0,"gold_gain":0,"cards_transformed":["Defend_P","Strike_P"],"player_choice":"Became Test Subject","damage_taken":0,"max_hp_gain":0,"max_hp_loss":0,"event_name":"Drug Dealer","floor":21,"gold_loss":0,"cards_obtained":["TalkToTheHand","CrushJoints"]},{"damage_healed":0,"gold_gain":0,"player_choice":"Ignored","damage_taken":0,"max_hp_gain":0,"max_hp_loss":0,"event_name":"Tomb of Lord Red Mask","floor":37,"gold_loss":0},{"cards_removed":["Defend_P"],"damage_healed":0,"gold_gain":0,"player_choice":"Removed Skill","damage_taken":0,"max_hp_gain":0,"max_hp_loss":0,"event_name":"Falling","floor":39,"gold_loss":0},{"damage_healed":0,"gold_gain":0,"player_choice":"Fight","damage_taken":0,"max_hp_gain":0,"max_hp_loss":0,"event_name":"Mysterious Sphere","floor":45,"gold_loss":0}],"is_beta":true,"boss_relics":[{"not_picked":["Empty Cage","Calling Bell"],"picked":"Runic Dome"},{"not_picked":["Busted Crown","Cursed Key"],"picked":"VioletLotus"}],"items_purged_floors":[31],"is_endless":false,"potions_floor_spawned":[2,3,6,12,13,16,18,23,25,36,46,48,54],"ascension_level":16}}