{"host":"g01l53quoe6lrer0","time":1609740546,"event":{"mods":["2.2 Compatiblity","AchievementEnabler","BaseMod","Colored Map","Highlight Path","Keyboard Shortcuts","Minty Spire (QoL Compilation)","Permanent Neow","Quick Restart","StSLib","SuperFastMode","everything is the same but u backflip on backflip"],"gold_per_floor":[16,16,27,40,57,57,86,86,86,108,108,108,108,33,33,130,130,140,40,40,56,68,68,167,182,182,182,182,200,232,232,232,333,333,346,172,172,192,207,207,224,224,224,234,45,45,63,63,63,63,63,63,11,40,40,40],"floor_reached":55,"playtime":1853,"items_purged":["Strike_P","Strike_P","CutThroughFate+1","Vigilance"],"score":735,"play_id":"6579e81b-8c6f-442e-bdf4-9c334550c9d7","local_time":"20210104150906","is_ascension_mode":false,"campfire_choices":[{"data":"CutThroughFate","floor":6.0,"key":"SMITH"},{"data":"SignatureMove","floor":8.0,"key":"SMITH"},{"floor":13.0,"key":"REST"},{"floor":15.0,"key":"RECALL"},{"data":"FearNoEvil","floor":23.0,"key":"SMITH"},{"data":"Defend_P","floor":32.0,"key":"PURGE"},{"data":"TalkToTheHand","floor":40.0,"key":"PURGE"},{"data":"Defend_P+1","floor":42.0,"key":"PURGE"},{"data":"SignatureMove+1","floor":46.0,"key":"PURGE"},{"floor":49.0,"key":"REST"},{"floor":52.0,"key":"DIG"}],"circlet_count":0,"master_deck":["Eruption+1","FearNoEvil+1","Adaptation"],"relics":["HolyWater","Oddly Smooth Stone","InkBottle","Odd Mushroom","SlaversCollar","Peace Pipe","Shovel","White Beast Statue","Boot"],"acts_visited":["Exordium","TheCity","TheBeyond","TheEnding"],"potions_floor_usage":[55],"damage_taken":[{"damage":0.0,"enemies":"2 Louse","floor":1.0,"turns":3.0},{"damage":1.0,"enemies":"Jaw Worm","floor":3.0,"turns":3.0},{"damage":2.0,"enemies":"Small Slimes","floor":4.0,"turns":4.0},{"damage":1.0,"enemies":"2 Fungi Beasts","floor":5.0,"turns":2.0},{"damage":13.0,"enemies":"Gremlin Nob","floor":7.0,"turns":3.0},{"damage":13.0,"enemies":"The Mushroom Lair","floor":10.0,"turns":3.0},{"damage":15.0,"enemies":"Hexaghost","floor":16.0,"turns":5.0},{"damage":11.0,"enemies":"2 Thieves","floor":18.0,"turns":2.0},{"damage":0.0,"enemies":"Spheric Guardian","floor":21.0,"turns":2.0},{"damage":9.0,"enemies":"Centurion and Healer","floor":22.0,"turns":3.0},{"damage":9.0,"enemies":"Snecko","floor":25.0,"turns":7.0},{"damage":15.0,"enemies":"Sentry and Sphere","floor":29.0,"turns":4.0},{"damage":3.0,"enemies":"Book of Stabbing","floor":30.0,"turns":3.0},{"damage":7.0,"enemies":"Champ","floor":33.0,"turns":6.0},{"damage":3.0,"enemies":"3 Shapes","floor":35.0,"turns":2.0},{"damage":1.0,"enemies":"3 Darklings","floor":38.0,"turns":4.0},{"damage":0.0,"enemies":"Transient","floor":39.0,"turns":5.0},{"damage":0.0,"enemies":"Jaw Worm Horde","floor":41.0,"turns":2.0},{"damage":2.0,"enemies":"3 Darklings","floor":44.0,"turns":3.0},{"damage":12.0,"enemies":"4 Shapes","floor":47.0,"turns":2.0},{"damage":0.0,"enemies":"Donu and Deca","floor":50.0,"turns":2.0},{"damage":0.0,"enemies":"Shield and Spear","floor":54.0,"turns":2.0},{"damage":101,"enemies":"The Heart","floor":55,"turns":2}],"seed_played":"2411242075390599469","potions_obtained":[{"floor":1.0,"key":"StancePotion"},{"floor":5.0,"key":"Fruit Juice"},{"floor":10.0,"key":"GamblersBrew"},{"floor":18.0,"key":"Fruit Juice"},{"floor":25.0,"key":"Energy Potion"},{"floor":29.0,"key":"BottledMiracle"},{"floor":33.0,"key":"DistilledChaos"},{"floor":41.0,"key":"SteroidPotion"},{"floor":44.0,"key":"SkillPotion"},{"floor":47.0,"key":"FearPotion"}],"is_trial":false,"path_per_floor":["M","?","M","M","M","R","E","R","T","?","?","?","R","$","R","B",null,"M","$","?","M","M","R","?","M","T","?","?","M","E","?","R","B",null,"M","$","?","M","M","R","M","R","T","M","$","R","M","$","R","B",null,"R","$","E","B"],"character_chosen":"WATCHER","items_purchased":["Swift Potion","Adaptation","Fire Potion"],"campfire_rested":2,"item_purchase_floors":[36,45,53],"current_hp_per_floor":[72,72,71,69,68,68,55,55,55,42,35,21,42,42,42,27,77,71,71,71,71,62,62,62,53,53,53,53,38,35,35,35,28,82,79,79,79,78,78,78,78,78,78,76,76,76,64,64,82,82,82,82,82,82,0,0],"gold":40,"neow_bonus":"REMOVE_TWO","is_daily":false,"chose_seed":false,"campfire_upgraded":3,"win_rate":0.0,"timestamp":1609740546,"path_taken":["M","?","M","M","M","R","E","R","T","?","?","?","R","$","R","BOSS","M","$","?","M","M","R","?","M","T","?","?","?","E","?","R","BOSS","M","?","?","M","M","R","M","R","T","M","$","R","?","$","R","BOSS","R","$","E","BOSS"],"items_purchased_type":["Potion","Card","Potion"],"build_version":"2020-12-22","purchased_purges":4,"victory":false,"max_hp_per_floor":[72,72,72,72,72,72,72,72,72,72,72,72,72,72,72,72,77,82,82,82,82,82,82,82,82,82,82,82,82,82,82,82,82,82,82,82,82,82,82,82,82,82,82,82,82,82,82,82,82,82,82,82,82,82,82,82],"card_choices":[{"not_picked":["Wallop","Evaluate","Swivel"],"picked":"SKIP","floor":1.0},{"not_picked":["SashWhip","Protect","Prostrate"],"picked":"SKIP","floor":3.0},{"not_picked":["EmptyFist","Fasting2"],"picked":"CutThroughFate","floor":4.0},{"not_picked":["JustLucky","Evaluate","ThirdEye"],"picked":"SKIP","floor":5.0},{"not_picked":["ConjureBlade","BowlingBash"],"picked":"SignatureMove","floor":7.0},{"not_picked":["Evaluate","Perseverance+1","Nirvana"],"picked":"SKIP","floor":18.0},{"not_picked":["SashWhip","TalkToTheHand","JustLucky"],"picked":"SKIP","floor":21.0},{"not_picked":["Consecrate","FlyingSleeves"],"picked":"FearNoEvil","floor":22.0},{"not_picked":["PathToVictory+1","Evaluate","Crescendo+1"],"picked":"SKIP","floor":25.0},{"not_picked":["Evaluate","Weave+1","EmptyMind"],"picked":"SKIP","floor":29.0},{"not_picked":["Indignation","Sanctity"],"picked":"TalkToTheHand","floor":30.0},{"not_picked":["BattleHymn","PathToVictory+1","SandsOfTime+1"],"picked":"SKIP","floor":35.0},{"not_picked":["Protect","ThirdEye","FollowUp"],"picked":"SKIP","floor":38.0},{"not_picked":["SashWhip+1","JustLucky","FlyingSleeves+1"],"picked":"SKIP","floor":39.0},{"not_picked":["BowlingBash","Prostrate","Weave+1"],"picked":"SKIP","floor":41.0},{"not_picked":["Evaluate+1","ReachHeaven","Ragnarok"],"picked":"SKIP","floor":44.0},{"not_picked":["Protect+1","Crescendo","Nirvana+1"],"picked":"SKIP","floor":47.0},{"not_picked":["Wallop","Brilliance","Indignation+1"],"picked":"SKIP","floor":54.0}],"player_experience":57559,"relics_obtained":[{"floor":7.0,"key":"Oddly Smooth Stone"},{"floor":9.0,"key":"InkBottle"},{"floor":10.0,"key":"Odd Mushroom"},{"floor":30.0,"key":"Peace Pipe"},{"floor":43.0,"key":"Shovel"},{"floor":52.0,"key":"White Beast Statue"},{"floor":54.0,"key":"Boot"}],"event_choices":[{"damage_healed":0.0,"max_hp_gain":0.0,"max_hp_loss":0.0,"gold_gain":0.0,"event_name":"Living Wall","player_choice":"Grow","floor":2.0,"gold_loss":0.0,"damage_taken":0.0,"cards_upgraded":["Eruption"]},{"damage_healed":0.0,"max_hp_gain":0.0,"max_hp_loss":0.0,"gold_gain":0.0,"event_name":"Mushrooms","player_choice":"Fought Mushrooms","floor":10.0,"gold_loss":0.0,"damage_taken":0.0},{"cards_removed":["Strike_P"],"damage_healed":0.0,"max_hp_gain":0.0,"max_hp_loss":0.0,"gold_gain":0.0,"event_name":"Golden Wing","player_choice":"Card Removal","floor":11.0,"gold_loss":0.0,"damage_taken":7.0},{"damage_healed":0.0,"max_hp_gain":0.0,"max_hp_loss":0.0,"gold_gain":0.0,"event_name":"Shining Light","player_choice":"Entered Light","floor":12.0,"gold_loss":0.0,"damage_taken":14.0,"cards_upgraded":["Defend_P","Defend_P"]},{"cards_removed":["Defend_P"],"damage_healed":0.0,"max_hp_gain":0.0,"max_hp_loss":0.0,"gold_gain":0.0,"event_name":"Back to Basics","player_choice":"Elegance","floor":20.0,"gold_loss":0.0,"damage_taken":0.0},{"damage_healed":0.0,"max_hp_gain":0.0,"max_hp_loss":0.0,"gold_gain":99.0,"event_name":"Nest","player_choice":"Stole From Cult","floor":24.0,"gold_loss":0.0,"damage_taken":0.0},{"damage_healed":0.0,"max_hp_gain":0.0,"max_hp_loss":0.0,"gold_gain":0.0,"event_name":"Ghosts","player_choice":"Ignored","floor":27.0,"gold_loss":0.0,"damage_taken":0.0},{"damage_healed":0.0,"max_hp_gain":0.0,"max_hp_loss":0.0,"gold_gain":0.0,"event_name":"NoteForYourself","player_choice":"Ignored","floor":28.0,"gold_loss":0.0,"damage_taken":0.0},{"damage_healed":0.0,"max_hp_gain":0.0,"max_hp_loss":0.0,"gold_gain":0.0,"event_name":"Match and Keep!","player_choice":"0 cards matched","floor":31.0,"gold_loss":0.0,"damage_taken":0.0,"cards_obtained":[]},{"damage_healed":0.0,"max_hp_gain":0.0,"max_hp_loss":0.0,"gold_gain":0.0,"event_name":"Duplicator","player_choice":"Ignored","floor":37.0,"gold_loss":0.0,"damage_taken":0.0}],"is_beta":false,"boss_relics":[{"not_picked":["Runic Dome","Snecko Eye"],"picked":"SlaversCollar"},{"not_picked":["Velvet Choker","Philosopher\u0027s Stone"],"picked":"HolyWater"}],"items_purged_floors":[14,19,36,45],"is_endless":false,"potions_floor_spawned":[1,5,10,18,25,29,33,41,44,47,54],"killed_by":"The Heart","ascension_level":0}}