{"host":"h4lp0eeso8a0ssq0","time":1609735340,"event":{"mods":["2.2 Compatiblity","AchievementEnabler","BaseMod","CapriCore","Colored Map","Minty Spire (QoL Compilation)","StSLib","SuperFastMode"],"gold_per_floor":[119,119,119,134,148,183,183,194,219,181,193,216,245,288,300,407,419,431,431],"floor_reached":18,"playtime":657,"items_purged":[],"score":172,"play_id":"b9e538a9-b69f-4086-a704-5c624fd3ca1d","local_time":"20210104134220","is_ascension_mode":false,"campfire_choices":[{"data":"Consume","floor":7,"key":"SMITH"},{"data":"Redo","floor":11,"key":"SMITH"},{"floor":15,"key":"REST"}],"circlet_count":0,"master_deck":["Strike_B","Strike_B","Strike_B","Defend_B","Defend_B","Defend_B","Defend_B","Zap","Dualcast","Conserve Battery","Consume+1","Rebound","Redo+1","Genetic Algorithm","Reinforced Body","Redo","Echo Form"],"relics":["Philosopher\u0027s Stone","Happy Flower","Centennial Puzzle","MawBank","Matryoshka","Busted Crown"],"acts_visited":["Exordium","TheCity"],"potions_floor_usage":[6,16],"damage_taken":[{"damage":2.0,"enemies":"Jaw Worm","floor":1.0,"turns":4.0},{"damage":2.0,"enemies":"Cultist","floor":4.0,"turns":4.0},{"damage":4.0,"enemies":"Small Slimes","floor":5.0,"turns":4.0},{"damage":12,"enemies":"3 Sentries","floor":6,"turns":7},{"damage":15,"enemies":"Exordium Wildlife","floor":8,"turns":5},{"damage":10,"enemies":"Lots of Slimes","floor":12,"turns":2},{"damage":7,"enemies":"3 Louse","floor":13,"turns":3},{"damage":8,"enemies":"Lagavulin","floor":14,"turns":9},{"damage":28,"enemies":"The Guardian","floor":16,"turns":10},{"damage":22,"enemies":"3 Byrds","floor":18,"turns":3}],"seed_played":"8633489788953608648","potions_obtained":[{"floor":1.0,"key":"Dexterity Potion"},{"floor":4.0,"key":"LiquidBronze"},{"floor":14,"key":"Ancient Potion"},{"floor":16,"key":"Energy Potion"}],"is_trial":false,"path_per_floor":["M","?","?","M","M","E","R","M","T","?","R","M","M","E","R","B",null,"M"],"character_chosen":"DEFECT","items_purchased":[],"campfire_rested":1,"item_purchase_floors":[],"current_hp_per_floor":[73,66,66,64,60,48,48,33,33,33,33,23,16,8,30,2,75,53,53],"gold":431,"neow_bonus":"BOSS_RELIC","is_daily":false,"chose_seed":false,"campfire_upgraded":2,"win_rate":0.0,"timestamp":1609735340,"path_taken":["M","?","?","M","?","E","R","M","T","?","R","M","M","E","R","BOSS","M"],"items_purchased_type":[],"build_version":"2020-12-22","purchased_purges":0,"victory":false,"max_hp_per_floor":[75,75,75,75,75,75,75,75,75,75,75,75,75,75,75,75,75,75,75],"card_choices":[{"not_picked":["Double Energy","Leap"],"picked":"Conserve Battery","floor":1.0},{"not_picked":["Cold Snap","Redo"],"picked":"Consume","floor":4.0},{"not_picked":["Tempest","Gash"],"picked":"Rebound","floor":5.0},{"not_picked":["Thunder Strike","Steam","Hologram"],"picked":"SKIP","floor":6},{"not_picked":["Go for the Eyes","Cold Snap"],"picked":"Redo","floor":8},{"not_picked":["Stack","Gash"],"picked":"Genetic Algorithm","floor":12},{"not_picked":["Force Field","Compile Driver"],"picked":"Reinforced Body","floor":13},{"not_picked":["Fusion","Go for the Eyes"],"picked":"Redo","floor":14},{"not_picked":["Amplify","Thunder Strike"],"picked":"Echo Form","floor":16}],"player_experience":43548,"relics_obtained":[{"floor":6,"key":"Centennial Puzzle"},{"floor":9,"key":"MawBank"},{"floor":14,"key":"Matryoshka"}],"event_choices":[{"damage_healed":0.0,"max_hp_gain":0.0,"max_hp_loss":0.0,"gold_gain":0.0,"event_name":"Scrap Ooze","player_choice":"Success","floor":2.0,"gold_loss":0.0,"damage_taken":7.0,"relics_obtained":["Happy Flower"]},{"damage_healed":0.0,"max_hp_gain":0.0,"max_hp_loss":0.0,"gold_gain":0.0,"event_name":"The Woman in Blue","player_choice":"Bought 0 Potions","floor":3.0,"gold_loss":0.0,"damage_taken":0.0},{"cards_removed":["Strike_B"],"damage_healed":0,"gold_gain":0,"player_choice":"Card Removal","damage_taken":0,"max_hp_gain":0,"max_hp_loss":0,"event_name":"The Cleric","floor":10,"gold_loss":50}],"is_beta":false,"boss_relics":[{"not_picked":["Coffee Dripper","SlaversCollar"],"picked":"Busted Crown"}],"items_purged_floors":[],"is_endless":false,"potions_floor_spawned":[1,4,14,16],"killed_by":"3 Byrds","ascension_level":0}}