{"host":"k85tjwrh7mjrrc9a","time":1609726321,"event":{"mods":["AchievementEnabler","BaseMod","Colored Powertips","Highlight Path","Minty Spire (QoL Compilation)","Rare Cards Sparkle","StSLib"],"gold_per_floor":[110,110,123,143,196,196,49,49,49,75,75,108,132,145,145,250,250,260,185,199,199,199],"floor_reached":21,"playtime":1080,"items_purged":[],"score":234,"play_id":"e699bf3d-4fbb-4612-b17d-0a4305909804","local_time":"20210103211201","is_ascension_mode":true,"campfire_choices":[{"data":"Bash","floor":6,"key":"SMITH"},{"data":"Pommel Strike","floor":8,"key":"SMITH"},{"data":"Evolve","floor":11,"key":"SMITH"},{"floor":15,"key":"REST"}],"circlet_count":0,"master_deck":["Strike_R","Strike_R","Strike_R","Strike_R","Defend_R","Defend_R","Defend_R","Defend_R","Bash+1","Sword Boomerang","Pommel Strike+1","Shrug It Off","Evolve+1","Pommel Strike","Twin Strike","Body Slam+1","Iron Wave+1"],"relics":["Burning Blood","Orichalcum","Boot","Lantern","Matryoshka","Turnip","WingedGreaves","Odd Mushroom","SlaversCollar"],"acts_visited":["Exordium","TheCity"],"potions_floor_usage":[10,16,16,21],"damage_taken":[{"damage":0,"enemies":"Cultist","floor":1,"turns":3},{"damage":0,"enemies":"2 Louse","floor":3,"turns":2},{"damage":6,"enemies":"Jaw Worm","floor":4,"turns":2},{"damage":33,"enemies":"3 Sentries","floor":10,"turns":11},{"damage":46,"enemies":"Lagavulin","floor":12,"turns":7},{"damage":9,"enemies":"The Mushroom Lair","floor":13,"turns":5},{"damage":5,"enemies":"3 Louse","floor":14,"turns":4},{"damage":36,"enemies":"Hexaghost","floor":16,"turns":11},{"damage":37,"enemies":"2 Thieves","floor":18,"turns":5},{"damage":9,"enemies":"Spheric Guardian","floor":20,"turns":4},{"damage":35,"enemies":"Centurion and Healer","floor":21,"turns":8}],"seed_played":"9066732041752896154","potions_obtained":[{"floor":2,"key":"Block Potion"},{"floor":2,"key":"LiquidBronze"},{"floor":2,"key":"LiquidMemories"},{"floor":10,"key":"Fruit Juice"},{"floor":12,"key":"LiquidBronze"},{"floor":14,"key":"Dexterity Potion"}],"is_trial":false,"path_per_floor":["M","?","M","M","T","R","$","R","T","E","R","E","?","M","R","B",null,"M","?","M","M"],"character_chosen":"IRONCLAD","items_purchased":["Lantern"],"campfire_rested":1,"item_purchase_floors":[7],"current_hp_per_floor":[80,80,80,80,80,80,80,80,80,58,58,18,15,16,41,11,67,36,36,33,0,0],"gold":199,"neow_bonus":"RANDOM_COMMON_RELIC","is_daily":false,"chose_seed":false,"campfire_upgraded":3,"win_rate":0.0,"timestamp":1609726321,"path_taken":["M","?","M","?","?","R","$","R","T","E","R","E","?","M","R","BOSS","M","?","M","M"],"items_purchased_type":["Relic"],"build_version":"2020-12-22","purchased_purges":0,"victory":false,"max_hp_per_floor":[80,80,80,80,80,80,80,80,80,85,85,85,85,85,85,85,85,85,85,85,85,85],"card_choices":[{"not_picked":["True Grit","Dropkick"],"picked":"Sword Boomerang","floor":1},{"not_picked":["Seeing Red","Dark Embrace"],"picked":"Pommel Strike","floor":3},{"not_picked":["Feel No Pain","Uppercut"],"picked":"Shrug It Off","floor":4},{"not_picked":["Thunderclap","Spot Weakness"],"picked":"Evolve","floor":10},{"not_picked":["Flex","Body Slam"],"picked":"Pommel Strike","floor":12},{"not_picked":["Rampage","Anger"],"picked":"Twin Strike","floor":13},{"not_picked":["Second Wind","Bludgeon","Anger"],"picked":"SKIP","floor":14},{"not_picked":["Anger","True Grit"],"picked":"Body Slam+1","floor":18},{"not_picked":["Carnage","Intimidate"],"picked":"Iron Wave+1","floor":20}],"player_experience":134360,"relics_obtained":[{"floor":5,"key":"Boot"},{"floor":9,"key":"Matryoshka"},{"floor":10,"key":"Turnip"},{"floor":12,"key":"WingedGreaves"},{"floor":13,"key":"Odd Mushroom"}],"event_choices":[{"damage_healed":0,"gold_gain":0,"player_choice":"Got Potions","damage_taken":0,"max_hp_gain":0,"max_hp_loss":0,"event_name":"Lab","floor":2,"gold_loss":0},{"damage_healed":0,"gold_gain":0,"player_choice":"Fought Mushrooms","damage_taken":0,"max_hp_gain":0,"max_hp_loss":0,"event_name":"Mushrooms","floor":13,"gold_loss":0},{"cards_removed":["Strike_R"],"damage_healed":0,"gold_gain":0,"player_choice":"Gave Gold","damage_taken":0,"max_hp_gain":0,"max_hp_loss":0,"event_name":"Beggar","floor":19,"gold_loss":75}],"is_beta":false,"boss_relics":[{"not_picked":["Sozu","Black Star"],"picked":"SlaversCollar"}],"items_purged_floors":[],"is_endless":false,"potions_floor_spawned":[3,10,12,14],"killed_by":"Centurion and Healer","ascension_level":5}}