{"host":"kev6uqotw4tlyx8l","time":1609771709,"event":{"mods":["Act Like it!","Aspiration","BaseMod","Colored Powertips","Dota2Spire","Downfall","Hallownest","Infinite Spire","Marisa????????","Minty Spire (QoL Compilation)","Quick Restart","Remilia??????","Replay The Spire","StSLib","The Cursed","The Jungle","The Marked","The Mystic","The Servant 0.9.4"],"gold_per_floor":[111,111,111,127,147,147,96,113,166,166,166],"floor_reached":10,"playtime":221,"items_purged":[],"score":58,"play_id":"6b74471b-faa5-42ab-bb33-21ffdbc21554","local_time":"20210104214829","is_ascension_mode":false,"campfire_choices":[{"data":"MurderousAura","floor":6,"key":"SMITH"}],"circlet_count":0,"master_deck":["Strike_S","Strike_S","Strike_S","Strike_S","Defend_S","Defend_S","Defend_S","Defend_S","KidneyShot","Exchange","MurderousAura+1","BestPractice","Moonlight","Desolation","ShatteredReality","FastForward"],"relics":["Uniform","Replay:Rubber Ducky"],"acts_visited":["Exordium"],"potions_floor_usage":[4,10,10],"damage_taken":[{"damage":17,"enemies":"Jaw Worm","floor":1,"turns":4},{"damage":0,"enemies":"2 Louse","floor":4,"turns":1},{"damage":0,"enemies":"Cultist","floor":5,"turns":3},{"damage":11,"enemies":"2 Fungi Beasts","floor":8,"turns":3},{"damage":21,"enemies":"3 Sentries","floor":10,"turns":4}],"seed_played":"3673610011469447015","potions_obtained":[{"floor":1,"key":"Explosive Potion"},{"floor":5,"key":"SteroidPotion"},{"floor":8,"key":"ColorlessPotion"}],"is_trial":false,"path_per_floor":["M","?","?","M","M","R","$","M","T","E"],"character_chosen":"THE_SERVANT","items_purchased":["ShatteredReality"],"campfire_rested":0,"item_purchase_floors":[7],"current_hp_per_floor":[30,30,30,30,30,30,30,19,19,0,0],"gold":166,"neow_bonus":"THREE_RARE_CARDS","is_daily":false,"chose_seed":false,"campfire_upgraded":1,"win_rate":0.0,"timestamp":1609771709,"path_taken":["M","?","?","M","M","R","$","?","T","E"],"items_purchased_type":["Card"],"build_version":"2020-12-22","purchased_purges":0,"victory":false,"max_hp_per_floor":[65,65,65,65,65,65,65,65,65,65,65],"card_choices":[{"not_picked":["Embodiment","Sunlight"],"picked":"MurderousAura","floor":0},{"not_picked":["Comet","DualDimension"],"picked":"BestPractice","floor":1},{"not_picked":["FastForward","Ricochet"],"picked":"Moonlight","floor":4},{"not_picked":["Rewind","ShatteredReality"],"picked":"Desolation","floor":5},{"not_picked":["Spin","Unruled"],"picked":"FastForward","floor":8}],"player_experience":94431,"relics_obtained":[{"floor":9,"key":"Replay:Rubber Ducky"}],"event_choices":[{"damage_healed":0,"gold_gain":0,"player_choice":"Ignored","damage_taken":0,"max_hp_gain":0,"max_hp_loss":0,"event_name":"Golden Wing","floor":2,"gold_loss":0},{"damage_healed":0,"gold_gain":0,"player_choice":"Ignored","damage_taken":0,"max_hp_gain":0,"max_hp_loss":0,"event_name":"NoteForYourself","floor":3,"gold_loss":0}],"is_beta":false,"boss_relics":[],"items_purged_floors":[],"is_endless":false,"potions_floor_spawned":[1,5,8],"killed_by":"3 Sentries","ascension_level":0}}