{"host":"m5nzk5kedbsg0fp1","time":1609732442,"event":{"mods":["2.2 Compatiblity","Aspiration","BaseMod","Downfall","Glutton Mod","Hermit","Hubris","Infinite Spire","Minty Spire (QoL Compilation)","Random Character Button","Relic Sorter","Replay The Spire","StSLib","The Blackbeard","The Death Knight","The Jungle","The Necromancer","The Valiant","Treasure Hunter","vexMod"],"gold_per_floor":[117,117,117,134,99,99,116,116,163,198,198,198,224,234,234,339,339,351,351,166,184,201,201,227,227,227,227,11,11,31,31,31],"floor_reached":31,"playtime":1759,"items_purged":[],"score":251,"play_id":"21f8b9bb-09d2-4a3a-a9c9-9c1252546b86","local_time":"20210103225402","is_ascension_mode":false,"campfire_choices":[{"floor":6,"key":"RECALL"},{"data":"Storm of Steel","floor":8,"key":"SMITH"},{"floor":11,"key":"REST"},{"floor":23,"key":"REST"},{"floor":25,"key":"REST"}],"circlet_count":0,"master_deck":["hermit:Strike_Hermit","hermit:Strike_Hermit","hermit:Strike_Hermit","hermit:Strike_Hermit","hermit:Defend_Hermit","hermit:Defend_Hermit","hermit:Snapshot","hermit:Deadeye","Catalyst","hubris:TrickCloak","Storm of Steel+1","hermit:Glare","hermit:Determination","hermit:FlashPowder","TH:ArmorSpikes","TH:CursedSword","hermit:BigShot","TH:DeckOfManyThings","hermit:TrackingShot","TH:CursedSword","hermit:Adapt","Hallucinations","hermit:Snapshot","hermit:Purgatory","expansioncontent:Sear","infinitespire:Punishment","hermit:HoleUp","hermit:Ricochet","hermit:ItchyTrigger+1","TH:CursedSword","hermit:Deadeye+1","TH:CopperCoins","Writhe","hermit:ShadowCloak"],"relics":["blackbeard:LoadTheCannons","NeowsBlessing","FaceOfCleric","Replay:Towering Pillar of Hats","aspiration:VileToxins","infinitespire:Cubic Diamond","ReplayTheSpireMod:SealedPack","theJungle:Creamberry","Oddly Smooth Stone","hubris:DisguiseKit","Shovel","ReplayTheSpireMod:TigerMarble"],"acts_visited":["Exordium","Exordium"],"potions_floor_usage":[16,16,21],"damage_taken":[{"damage":0,"enemies":"Jaw Worm","floor":1,"turns":1},{"damage":0,"enemies":"Small Slimes","floor":4,"turns":1},{"damage":0,"enemies":"Cultist","floor":7,"turns":1},{"damage":59,"enemies":"Lagavulin","floor":10,"turns":7},{"damage":12,"enemies":"2 Fungi Beasts","floor":14,"turns":5},{"damage":36,"enemies":"Slime Boss","floor":16,"turns":5},{"damage":34,"enemies":"theJungle:GiantWrat","floor":18,"turns":6},{"damage":37,"enemies":"theJungle:Flameango_and_Byrd","floor":21,"turns":6},{"damage":18,"enemies":"theJungle:SlimyTreeVines","floor":22,"turns":5},{"damage":5,"enemies":"theJungle:2_Phrogs","floor":24,"turns":7},{"damage":18,"enemies":"theJungle:JungleHuntersEncounter","floor":30,"turns":8},{"damage":34,"enemies":"theJungle:2_Snecko_Cultists","floor":31,"turns":4}],"seed_played":"880178345486815576","potions_obtained":[{"floor":10,"key":"BlessingOfTheForge"},{"floor":14,"key":"FearPotion"},{"floor":18,"key":"Block Potion"}],"is_trial":false,"path_per_floor":["M","?","?","M","$","R","M","R","T","E","R","?","T","M","R","B",null,"M","?","?","M","M","R","E","R","T","?","$","$","M","M"],"character_chosen":"HERMIT","items_purchased":["hermit:Determination","ReplayTheSpireMod:TigerMarble","hermit:ShadowCloak"],"campfire_rested":3,"item_purchase_floors":[5,28,28],"current_hp_per_floor":[75,75,75,76,76,76,77,77,77,19,42,65,65,54,54,19,80,47,50,50,14,3,28,24,50,50,50,50,50,33,0,0],"gold":31,"neow_bonus":"THREE_ENEMY_KILL","is_daily":false,"chose_seed":false,"campfire_upgraded":1,"win_rate":0.0,"timestamp":1609732442,"path_taken":["M","?","?","?","$","R","M","R","T","E","R","?","?","?","R","BOSS","M","?","?","M","M","R","E","R","T","?","?","$","M","M"],"items_purchased_type":["Card","Relic","Card"],"build_version":"2020-12-22","purchased_purges":0,"victory":false,"max_hp_per_floor":[75,75,75,76,76,76,77,77,77,78,78,78,78,79,79,80,80,81,84,84,85,86,86,87,87,87,87,87,87,88,88,88],"card_choices":[{"not_picked":["hermit:Cheat","hermit:SprayPray"],"picked":"hermit:Deadeye","floor":1},{"not_picked":["hermit:WideOpen","hermit:FullyLoaded"],"picked":"hermit:Glare","floor":4},{"not_picked":["hermit:Glare","hermit:HoleUp"],"picked":"hermit:FlashPowder","floor":7},{"not_picked":["TH:TreasureMap"],"picked":"TH:ArmorSpikes","floor":9},{"not_picked":["TH:ElvenBoots"],"picked":"TH:CursedSword","floor":10},{"not_picked":["hermit:HighCaliber","hermit:FlashPowder"],"picked":"hermit:BigShot","floor":10},{"not_picked":["TH:TreasureMap"],"picked":"TH:DeckOfManyThings","floor":13},{"not_picked":["hermit:Maintenance","hermit:Dive"],"picked":"hermit:TrackingShot","floor":14},{"not_picked":["TH:BikiniMail"],"picked":"TH:CursedSword","floor":16},{"not_picked":["hermit:FromBeyond","hermit:OverwhelmingPower"],"picked":"hermit:Adapt","floor":16},{"not_picked":["DeathKnight:RuneTap","Slimebound:CorrosiveSpit"],"picked":"hermit:Snapshot","floor":17},{"not_picked":["hermit:DeadOrAlive","hermit:HeroicBravado"],"picked":"hermit:Purgatory","floor":17},{"not_picked":["expansioncontent:Hexaburn","Replay:Sssssssssshield"],"picked":"expansioncontent:Sear","floor":17},{"not_picked":["infinitespire:NeuralNetwork","Replay:Fractal Strike"],"picked":"infinitespire:Punishment","floor":17},{"not_picked":["hermit:WideOpen","hermit:Desperado"],"picked":"hermit:HoleUp","floor":18},{"not_picked":["hermit:CalledShot","hermit:Cheat+1"],"picked":"hermit:Ricochet","floor":21},{"not_picked":["hermit:Shortfuse+1","hermit:Quickdraw"],"picked":"hermit:ItchyTrigger+1","floor":22},{"not_picked":["TH:Mimic"],"picked":"TH:CursedSword","floor":24},{"not_picked":["hermit:HoleUp","hermit:NoHoldsBarred+1"],"picked":"hermit:Deadeye+1","floor":24},{"not_picked":["TH:BikiniMail"],"picked":"TH:CopperCoins","floor":26},{"not_picked":["hermit:HoleUp","hermit:Shortfuse+1","hermit:LowProfile","DeathKnight:HartStrike"],"picked":"SKIP","floor":30}],"player_experience":166048,"relics_obtained":[{"floor":10,"key":"Replay:Towering Pillar of Hats"},{"floor":13,"key":"aspiration:VileToxins"},{"floor":24,"key":"Oddly Smooth Stone"},{"floor":26,"key":"hubris:DisguiseKit"}],"event_choices":[{"damage_healed":0,"gold_gain":0,"player_choice":"Trade","damage_taken":0,"relics_obtained":["FaceOfCleric"],"max_hp_gain":0,"max_hp_loss":0,"event_name":"FaceTrader","floor":3,"gold_loss":0}],"is_beta":false,"boss_relics":[{"not_picked":["vexMod:ImprovementManual","hermit:DentedPlate"],"picked":"ReplayTheSpireMod:SealedPack"}],"items_purged_floors":[],"is_endless":false,"potions_floor_spawned":[10,14,18],"killed_by":"theJungle:2_Snecko_Cultists","ascension_level":0}}