{"host":"bf9sa99gaumonoeu","time":1609726784,"event":{"mods":["AchievementEnabler","Act Like it!","BaseMod","Better Sensory Stone","Colored Map","Colored Powertips","Downfall","Duelist Mod","Friendly Minions","Gensokyo","GifTheSpireLib","Hallownest","Hermit","Hubris","Jorbs\u0027s Wanderer Trilogy","KinomotoSakuraMod(????)","Koishi","Lobotomy","Marisa????????","Minty Spire (QoL Compilation)","Rare Cards Sparkle","Reimu??????","Remilia??????","Replay The Spire","Shop Mod","StSLib","The Administrix","The Animator","The Blue Laboratory","The Bug Knight","The Construct","The Cursed","The Disciple","The Hierophant","The Mystic","The Necromancer","The Poker Player","The Runesmith","The Senshi","The Servant 0.9.4","Waifu the Spire"],"gold_per_floor":[118,43,58,89,107,133,133,179,179,212,225,225,7,7,7,109,109,121,138,158,158,177,177,211,211,211,253,268,143,143,161,161,261,261,277,295,295,328,356,356,404,404,404,463,495,114,135,176,176,184],"floor_reached":51,"playtime":8484,"items_purged":["animator:Defend","animator:Strike","animator:Strike","Pain"],"score":1031,"play_id":"c68d7a96-3863-4a9e-9e4e-835a57db67d6","local_time":"20210104001944","is_ascension_mode":true,"campfire_choices":[{"data":"animator:DolaSchwi","floor":7.0,"key":"SMITH"},{"floor":15.0,"key":"REST"},{"data":"animator:Azriel","floor":23,"key":"SMITH"},{"floor":32,"key":"REST"},{"floor":40,"key":"REST"},{"data":"animator:Jibril","floor":42,"key":"SMITH"},{"data":"animator:Tet","floor":49,"key":"SMITH"}],"circlet_count":0,"master_deck":["animator:Strike_NoGameNoLife","animator:Defend_NoGameNoLife","animator:Strike","animator:Defend","animator:Defend","animator:DolaSchwi+1","animator:DolaCouronne","animator:DolaStephanie+1","animator:FielNirvalen","animator:DolaRiku","animator:CrowleyEusford","animator:Azriel+1","animator:FielNirvalen","animator:SwordMaiden","animator:HiiragiShinya","animator:EmiyaShirou","animator:Chung+1","animator:Tet+1","hubris:Greed","animator:Jibril+1","animator:Rider+1","animator:IzunaHatsuse","animator:Sora","animator:GuildGirl+1","animator:ChlammyZell","animator:Hitei+1","animator:DolaCouronne+1","animator:FielNirvalen","animator:Aisha"],"relics":["animator:LivingPicture","animator:TheMissingPiece","Onion Ring","hubris:SlimyHat","hubris:DeckOfHolding","animator:CursedGlyph","CultistMask","Replay:Grab Bag","Sozu","Velvet Choker","hubris:ScarierMask","WarpedTongs","Replay:Mystery Machine","hubris:Icosahedron","Pondfish Scales","hubris:Backtick","animator:OldCoffin","Orichalcum","ReplayTheSpireMod:Shallot","Replay:Towering Pillar of Hats","Lee\u0027s Waffle","Golden Egg"],"acts_visited":["Exordium","TheCity","TheBeyond"],"potions_floor_usage":[16,22,27,31],"damage_taken":[{"damage":1.0,"enemies":"Small Slimes","floor":1.0,"turns":4.0},{"damage":3.0,"enemies":"Jaw Worm","floor":3.0,"turns":4.0},{"damage":1.0,"enemies":"Cultist","floor":4.0,"turns":4.0},{"damage":2.0,"enemies":"Looter","floor":5.0,"turns":4.0},{"damage":0.0,"enemies":"HollowMod:MossKnight","floor":6.0,"turns":9.0},{"damage":14.0,"enemies":"Lagavulin","floor":8.0,"turns":7.0},{"damage":8.0,"enemies":"Blue Slaver","floor":10.0,"turns":5.0},{"damage":7.0,"enemies":"Red Slaver","floor":11.0,"turns":3.0},{"damage":0,"enemies":"Hexaghost","floor":16,"turns":9},{"damage":7,"enemies":"2 Thieves","floor":18,"turns":4},{"damage":5,"enemies":"Shell Parasite","floor":19,"turns":6},{"damage":5,"enemies":"Cultist and Chosen","floor":20,"turns":5},{"damage":2,"enemies":"Snake Plant","floor":22,"turns":5},{"damage":18,"enemies":"Replay:Snechameleon","floor":24,"turns":6},{"damage":1,"enemies":"Snecko","floor":27,"turns":9},{"damage":7,"enemies":"3 Cultists","floor":28,"turns":5},{"damage":9,"enemies":"Snake Plant","floor":31,"turns":5},{"damage":12,"enemies":"Champ","floor":33,"turns":13},{"damage":2,"enemies":"3 Shapes","floor":35,"turns":6},{"damage":0,"enemies":"3 Darklings","floor":36,"turns":7},{"damage":0,"enemies":"Sphere and 2 Shapes","floor":38,"turns":5},{"damage":24,"enemies":"Transient","floor":39,"turns":5},{"damage":0,"enemies":"HollowMod:StalkingDevout","floor":41,"turns":7},{"damage":3,"enemies":"Mind Bloom Boss Battle","floor":44,"turns":6},{"damage":0,"enemies":"Jaw Worm Horde","floor":45,"turns":5},{"damage":0,"enemies":"Maw","floor":47,"turns":7},{"damage":3,"enemies":"R_Hoarder","floor":48,"turns":10},{"damage":32,"enemies":"Donu and Deca","floor":50,"turns":10}],"seed_played":"-5306713340263304668","potions_obtained":[{"floor":0.0,"key":"Flashbang"},{"floor":0.0,"key":"EssenceOfSteel"},{"floor":0.0,"key":"LifebloodPotion"},{"floor":3.0,"key":"blueLaboratory:Moonshine"},{"floor":4.0,"key":"Elixir"},{"floor":5.0,"key":"AttackPotion"},{"floor":10.0,"key":"Dexterity Potion"},{"floor":16,"key":"Reflective Coating"}],"is_trial":false,"path_per_floor":["M","$","M","M","M","E","R","E","T","M","M","?","$","?","R","B",null,"M","M","M","?","M","R","E","?","T","M","M","$","?","M","R","B",null,"M","M","?","M","M","R","E","R","T","?","M","$","M","E","R","B",null],"character_chosen":"THE_ANIMATOR","items_purchased":["blueLaboratory:FruitPunch","animator:FielNirvalen","animator:FielNirvalen","Lee\u0027s Waffle"],"campfire_rested":3,"item_purchase_floors":[13,13,46,46],"current_hp_per_floor":[58,58,55,54,53,53,53,39,39,31,24,24,24,24,42,42,58,52,47,42,42,42,42,25,25,25,24,17,17,17,10,30,18,56,54,54,54,54,30,50,50,50,50,47,47,76,76,73,73,41],"gold":184,"neow_bonus":"THREE_SMALL_POTIONS","is_daily":false,"chose_seed":false,"campfire_upgraded":4,"win_rate":0.0,"timestamp":1609726784,"path_taken":["M","$","M","M","M","E","R","E","T","M","M","?","$","?","R","BOSS","M","M","M","?","?","R","E","?","T","M","M","$","?","?","R","BOSS","M","M","?","M","M","R","E","R","T","?","M","$","M","E","R","BOSS"],"items_purchased_type":["Potion","Card","Card","Relic"],"build_version":"2020-12-22","purchased_purges":4,"victory":true,"max_hp_per_floor":[66,66,66,66,67,67,67,67,67,67,63,63,63,63,63,63,63,64,64,64,64,66,66,67,67,67,67,67,67,67,69,69,69,69,69,69,69,69,69,69,69,69,69,69,69,76,76,76,76,76],"card_choices":[{"not_picked":["animator:Shigure","animator:Shinoa","animator:Hakurou"],"picked":"SKIP","floor":1.0},{"not_picked":["animator:Archer","animator:DwarfShaman","animator:IzunaHatsuse"],"picked":"SKIP","floor":3.0},{"not_picked":["animator:DolaSchwi","animator:Aisha"],"picked":"animator:DolaStephanie","floor":4.0},{"not_picked":["animator:Tet","animator:DolaCouronne"],"picked":"animator:FielNirvalen","floor":5.0},{"not_picked":["animator:TsurugaMeisai","animator:Rider","animator:Ciel"],"picked":"SKIP","floor":6.0},{"not_picked":["animator:Illya","animator:FeridBathory"],"picked":"animator:DolaRiku","floor":8.0},{"not_picked":["animator:Mitsuba","animator:DolaRiku"],"picked":"animator:CrowleyEusford","floor":10.0},{"not_picked":["animator:Jibril","animator:DolaSchwi"],"picked":"animator:Azriel","floor":11.0},{"not_picked":["animator:Guren","animator:HigakiRinne"],"picked":"animator:SwordMaiden","floor":16},{"not_picked":["animator:DolaRiku","animator:Rider"],"picked":"animator:HiiragiShinya","floor":18},{"not_picked":["animator:Emonzaemon","animator:Archer"],"picked":"animator:EmiyaShirou","floor":19},{"not_picked":["animator:Laby+1","animator:Yuuichirou+1"],"picked":"animator:Chung+1","floor":20},{"not_picked":["animator:LizardPriest","animator:Ciel+1"],"picked":"animator:Tet","floor":24},{"not_picked":["animator:Berserker+1","animator:EmiyaShirou"],"picked":"animator:Jibril","floor":27},{"not_picked":["animator:ShinjiMatou","animator:Rider+1","animator:Illya"],"picked":"SKIP","floor":28},{"not_picked":["animator:ShinjiMatou","animator:Illya"],"picked":"animator:Rider+1","floor":28},{"not_picked":["animator:DolaRiku","animator:DolaCouronne"],"picked":"animator:IzunaHatsuse","floor":31},{"not_picked":["animator:Elesis","animator:Eve"],"picked":"animator:Sora","floor":33},{"not_picked":["animator:Illya+1","animator:Add","animator:Archer+1"],"picked":"SKIP","floor":35},{"not_picked":["animator:DolaRiku+1","animator:Yuuichirou+1"],"picked":"animator:GuildGirl+1","floor":36},{"not_picked":["animator:Azekura+1","animator:ZankiKiguchi+1","animator:Souei+1"],"picked":"SKIP","floor":38},{"not_picked":["animator:FielNirvalen","animator:Jibril"],"picked":"animator:ChlammyZell","floor":39},{"not_picked":["animator:FeridBathory","animator:Shinoa+1"],"picked":"animator:Hitei+1","floor":41},{"not_picked":["animator:HighElfArcher+1","animator:Shuna"],"picked":"animator:DolaCouronne+1","floor":44},{"not_picked":["animator:Spearman+1","animator:Shuna","animator:Millim"],"picked":"SKIP","floor":45},{"not_picked":["animator:Spearman+1","animator:Shuna","animator:Millim"],"picked":"SKIP","floor":45},{"not_picked":["animator:Assassin","animator:CrowleyEusford"],"picked":"animator:Aisha","floor":47}],"player_experience":727511,"relics_obtained":[{"floor":6.0,"key":"Onion Ring"},{"floor":8.0,"key":"hubris:SlimyHat"},{"floor":9.0,"key":"hubris:DeckOfHolding"},{"floor":11.0,"key":"animator:CursedGlyph"},{"floor":24,"key":"Replay:Mystery Machine"},{"floor":26,"key":"Pondfish Scales"},{"floor":41,"key":"Orichalcum"},{"floor":43,"key":"ReplayTheSpireMod:Shallot"},{"floor":44,"key":"Replay:Towering Pillar of Hats"},{"floor":48,"key":"Golden Egg"}],"event_choices":[{"damage_healed":0.0,"max_hp_gain":0.0,"max_hp_loss":0.0,"gold_gain":0.0,"event_name":"Golden Idol","player_choice":"Ignored","floor":12.0,"gold_loss":0.0,"damage_taken":0.0},{"damage_healed":0.0,"max_hp_gain":0.0,"max_hp_loss":0.0,"gold_gain":0.0,"event_name":"FaceTrader","player_choice":"Trade","floor":14.0,"gold_loss":0.0,"damage_taken":0.0,"relics_obtained":["CultistMask"]},{"damage_healed":0,"gold_gain":0,"player_choice":"Rummage","damage_taken":0,"relics_obtained":["WarpedTongs"],"max_hp_gain":0,"max_hp_loss":0,"event_name":"Accursed Blacksmith","floor":21,"gold_loss":0,"cards_obtained":["Pain"]},{"damage_healed":0,"gold_gain":0,"player_choice":"Upgraded","damage_taken":0,"max_hp_gain":0,"max_hp_loss":0,"event_name":"Upgrade Shrine","floor":30,"gold_loss":0,"cards_upgraded":["animator:DolaStephanie"]},{"damage_healed":0,"gold_gain":0,"player_choice":"Ignored","damage_taken":0,"max_hp_gain":0,"max_hp_loss":0,"event_name":"Mysterious Sphere","floor":37,"gold_loss":0},{"damage_healed":0,"gold_gain":0,"player_choice":"Fight","damage_taken":0,"max_hp_gain":0,"max_hp_loss":0,"event_name":"MindBloom","floor":44,"gold_loss":0}],"is_beta":false,"boss_relics":[{"not_picked":["Astrolabe","animator:CursedBlade"],"picked":"Replay:Grab Bag"},{"not_picked":["Busted Crown","Ectoplasm"],"picked":"Sozu"},{"not_picked":["ReplayTheSpireMod:DimensionalGlitch","Fusion Hammer"],"picked":"Velvet Choker"},{"not_picked":["Calling Bell","RedLine:ReiMu"],"picked":"hubris:ScarierMask"},{"not_picked":["SacredBark","hubris:RunicObelisk"],"picked":"hubris:Backtick"}],"items_purged_floors":[2,13,29,46],"is_endless":false,"potions_floor_spawned":[3,4,5,10,16,19,20,24,27,36,39,41,47],"ascension_level":6}}