{"host":"x3lqeik2a5qeoft8","time":1609725110,"event":{"mods":["AchievementEnabler","BaseMod","Minty Spire (QoL Compilation)","SuperFastMode"],"gold_per_floor":[115,134,148,223,29,29,49,62,62,62,62],"floor_reached":10,"playtime":274,"items_purged":["Defend_R"],"score":72,"play_id":"3f421b97-aaee-46c0-99ba-7d22395e3651","local_time":"20210104025150","is_ascension_mode":true,"campfire_choices":[{"data":"Enlightenment","floor":6,"key":"SMITH"}],"circlet_count":0,"master_deck":["Strike_R","Strike_R","Strike_R","Defend_R","Defend_R","Defend_R","Bash","Feel No Pain","Wild Strike","Burning Pact","Carnage","Enlightenment+1","Sentinel","Wild Strike"],"relics":["Burning Blood","Question Card"],"acts_visited":["Exordium"],"potions_floor_usage":[],"damage_taken":[{"damage":2,"enemies":"Jaw Worm","floor":1,"turns":6},{"damage":5,"enemies":"2 Louse","floor":2,"turns":4},{"damage":6,"enemies":"Cultist","floor":3,"turns":3},{"damage":13,"enemies":"Blue Slaver","floor":7,"turns":2},{"damage":34,"enemies":"Gremlin Gang","floor":8,"turns":7},{"damage":37,"enemies":"Lagavulin","floor":10,"turns":3}],"seed_played":"-1067926497727794409","potions_obtained":[{"floor":1,"key":"Dexterity Potion"},{"floor":8,"key":"FearPotion"}],"is_trial":false,"path_per_floor":["M","M","M","?","$","R","M","M","T","E"],"character_chosen":"IRONCLAD","items_purchased":["Carnage","Enlightenment"],"campfire_rested":0,"item_purchase_floors":[5,5],"current_hp_per_floor":[72,72,72,61,61,61,54,26,26,0,0],"gold":62,"neow_bonus":"REMOVE_TWO","is_daily":false,"chose_seed":false,"campfire_upgraded":1,"win_rate":0.0,"timestamp":1609725110,"path_taken":["M","M","M","?","$","R","M","M","T","E"],"items_purchased_type":["Card","Card"],"build_version":"2020-12-22","purchased_purges":1,"victory":false,"max_hp_per_floor":[72,72,72,72,72,72,72,72,72,72,72],"card_choices":[{"not_picked":["Shockwave","Body Slam"],"picked":"Feel No Pain","floor":1},{"not_picked":["Thunderclap","Dual Wield"],"picked":"Wild Strike","floor":2},{"not_picked":["Dual Wield","Thunderclap"],"picked":"Burning Pact","floor":3},{"not_picked":["Heavy Blade","Twin Strike"],"picked":"Sentinel","floor":7},{"not_picked":["Havoc","Pommel Strike"],"picked":"Wild Strike","floor":8}],"player_experience":110233,"relics_obtained":[{"floor":9,"key":"Question Card"}],"event_choices":[{"damage_healed":0,"gold_gain":75,"player_choice":"Gather Gold","damage_taken":11,"max_hp_gain":0,"max_hp_loss":0,"event_name":"World of Goop","floor":4,"gold_loss":0}],"is_beta":false,"boss_relics":[],"items_purged_floors":[5],"is_endless":false,"potions_floor_spawned":[1,8],"killed_by":"Lagavulin","ascension_level":4}}