{"host":"0qlrtuw7bw78ucw4","time":1609765923,"event":{"mods":["BaseMod","Downfall","Minty Spire (QoL Compilation)","StSLib"],"gold_per_floor":[99,109,19,19,119,119,169,198,216,216,232,251,251,276,295,372,372,297,309,324,324,336,336,360,94,125,125,125,62,62,90,109,183,183,183,199,209,225,225,225,225,75,86,97,114,114,141,151,164,164,164,196,71,71,71],"floor_reached":56,"playtime":4247,"items_purged":["Guardian:Defend_Guardian","Guardian:Strike_Guardian","Parasite"],"score":1923,"play_id":"52fba4b6-33a4-4101-a10f-8346fab82a2e","local_time":"20210105001203","is_ascension_mode":true,"campfire_choices":[{"data":"Guardian:CompilePackage","floor":1.0,"key":"SMITH"},{"data":"Guardian:DecasProtection","floor":10.0,"key":"SMITH"},{"data":"Guardian:ChargeUp","floor":13.0,"key":"SMITH"},{"data":"Guardian:CurlUp","floor":18.0,"key":"SMITH"},{"data":"Guardian:PiercingHide","floor":23.0,"key":"SMITH"},{"data":"Guardian:FuturePlans","floor":28.0,"key":"SMITH"},{"data":"Guardian:SentryBeam","floor":30.0,"key":"SMITH"},{"floor":35.0,"key":"RECALL"},{"floor":42.0,"key":"REST"},{"floor":54,"key":"REST"}],"circlet_count":0,"master_deck":["AscendersBane","Guardian:Defend_Guardian","Guardian:Defend_Guardian","Guardian:Defend_Guardian","Guardian:CurlUp+1","Guardian:TwinSlam","Guardian:CompilePackage+1","Guardian:ShieldCharger","Guardian:FuturePlans+1","Guardian:DecasProtection+1","Guardian:FloatingOrbs+1","Guardian:SentryBeam+1","Guardian:ChargeUp+1","Guardian:PolyBeam","Guardian:FierceBash","Guardian:StasisEngine+1","Guardian:PiercingHide+1","Guardian:TimeSifter+1","Guardian:Repulse+1","Guardian:Orbwalk+1","Guardian:EvasiveProtocol+1","Guardian:BronzeArmor+1","expansioncontent:DefensiveStance+1","Guardian:BronzeOrb","Guardian:BronzeOrb"],"relics":["Guardian:ModeShifter","Dream Catcher","Frozen Egg 2","Oddly Smooth Stone","Empty Cage","downfall:HeartBlessingGreen","PreservedInsect","Happy Flower","Shuriken","Bottled Flame","Guardian:StasisUpgradeRelic","Regal Pillow","SlaversCollar","downfall:HeartBlessingRed","downfall:HeartBlessingBlue","Bronze Scales","Boot"],"acts_visited":["Exordium","TheCity","TheBeyond","TheEnding"],"potions_floor_usage":[48,49],"damage_taken":[{"damage":6.0,"enemies":"Jaw Worm","floor":2.0,"turns":3.0},{"damage":0.0,"enemies":"downfall:FleeingMerchant","floor":3.0,"turns":4.0},{"damage":0.0,"enemies":"Cultist","floor":6.0,"turns":1.0},{"damage":1.0,"enemies":"Lagavulin","floor":8.0,"turns":9.0},{"damage":0.0,"enemies":"Small Slimes","floor":9.0,"turns":2.0},{"damage":6.0,"enemies":"Large Slime","floor":11.0,"turns":6.0},{"damage":1.0,"enemies":"2 Fungi Beasts","floor":12.0,"turns":3.0},{"damage":2.0,"enemies":"3 Sentries","floor":14.0,"turns":4.0},{"damage":0.0,"enemies":"3 Louse","floor":15.0,"turns":4.0},{"damage":7.0,"enemies":"downfall:Silent","floor":16.0,"turns":6.0},{"damage":0.0,"enemies":"3 Byrds","floor":19.0,"turns":3.0},{"damage":12.0,"enemies":"Chosen","floor":20.0,"turns":3.0},{"damage":0.0,"enemies":"Centurion and Healer","floor":22.0,"turns":5.0},{"damage":0.0,"enemies":"downfall:FleeingMerchant","floor":25.0,"turns":4.0},{"damage":11.0,"enemies":"Slavers","floor":26.0,"turns":4.0},{"damage":0.0,"enemies":"downfall:FleeingMerchant","floor":29.0,"turns":4.0},{"damage":18.0,"enemies":"Gremlin Leader","floor":31.0,"turns":4.0},{"damage":0.0,"enemies":"Snake Plant","floor":32.0,"turns":4.0},{"damage":3.0,"enemies":"downfall:Watcher","floor":33.0,"turns":6.0},{"damage":10.0,"enemies":"3 Darklings","floor":36.0,"turns":4.0},{"damage":16.0,"enemies":"Orb Walker","floor":37.0,"turns":4.0},{"damage":23.0,"enemies":"Sphere and 2 Shapes","floor":38.0,"turns":4.0},{"damage":34.0,"enemies":"4 Shapes","floor":43.0,"turns":2.0},{"damage":18.0,"enemies":"Spire Growth","floor":44.0,"turns":4.0},{"damage":14.0,"enemies":"Jaw Worm Horde","floor":45.0,"turns":2.0},{"damage":0,"enemies":"Writhing Mass","floor":48,"turns":4},{"damage":2,"enemies":"3 Darklings","floor":49,"turns":2},{"damage":0,"enemies":"downfall:Ironclad","floor":50,"turns":5},{"damage":8,"enemies":"downfall:CharBossMerchant","floor":52,"turns":5},{"damage":0,"enemies":"downfall:NeowBoss","floor":55,"turns":14}],"seed_played":"6703801229600563793","potions_obtained":[{"floor":8.0,"key":"EntropicBrew"},{"floor":11.0,"key":"Block Potion"},{"floor":12.0,"key":"Slimebound:ThreeZeroPotion"},{"floor":14.0,"key":"Guardian:BlockOnCardUsePotion"},{"floor":19.0,"key":"ColorlessPotion"},{"floor":20.0,"key":"DuplicationPotion"},{"floor":31.0,"key":"Swift Potion"},{"floor":38.0,"key":"PowerPotion"},{"floor":43.0,"key":"Guardian:AcceleratePotion"},{"floor":45.0,"key":"Regen Potion"},{"floor":48,"key":"Block Potion"},{"floor":52,"key":"Weak Potion"}],"is_trial":false,"path_per_floor":["R","M","$","?","?","M","T","E","M","R","M","M","R","E","M","B",null,"R","M","M","?","M","R","T","$","E","?","R","$","R","E","M","B",null,"R","M","M","M","?","?","T","R","M","M","M","$","?","M","M","B",null,"E","$","R","B",null],"character_chosen":"GUARDIAN","items_purchased":["Happy Flower","Bottled Flame","Guardian:StasisUpgradeRelic"],"campfire_rested":2,"item_purchase_floors":[25,29,29],"current_hp_per_floor":[72,66,66,66,66,66,66,65,65,65,59,58,58,56,56,49,72,72,72,60,60,60,60,60,60,49,49,49,49,49,31,31,28,67,67,57,41,18,18,18,18,70,36,18,4,4,4,16,14,14,71,63,63,87,87],"gold":71,"neow_bonus":"ONE_RANDOM_RARE_CARD","is_daily":false,"chose_seed":false,"campfire_upgraded":7,"win_rate":0.0,"timestamp":1609765923,"path_taken":["R","M","$","?","?","M","T","E","?","R","M","M","R","E","M","BOSS","R","M","M","?","M","R","T","$","E","?","R","$","R","E","M","BOSS","R","M","M","M","?","?","T","R","M","M","M","$","?","M","M","BOSS","E","$","R","BOSS"],"items_purchased_type":["Relic","Relic","Relic"],"build_version":"2020-12-22","purchased_purges":3,"victory":true,"max_hp_per_floor":[80,80,80,80,80,80,80,80,80,80,80,80,80,80,80,80,80,80,80,80,80,80,80,80,80,80,80,80,80,80,80,80,80,80,80,80,80,80,80,80,80,90,90,90,90,90,90,90,90,90,90,90,87,87,87],"card_choices":[{"not_picked":["Guardian:Gem_Lightblue","Guardian:RollAttack"],"picked":"Guardian:ShieldCharger","floor":2.0},{"not_picked":["Guardian:Orbwalk","Guardian:Gem_Green"],"picked":"Guardian:FuturePlans","floor":3.0},{"not_picked":["Guardian:Emergency","Guardian:FloatingOrbs"],"picked":"Guardian:DecasProtection","floor":6.0},{"not_picked":["Guardian:Gem_Red","Guardian:TemporalShield"],"picked":"Guardian:FloatingOrbs+1","floor":8.0},{"not_picked":["Guardian:PrimingBeam","Guardian:VentSteam"],"picked":"Guardian:SentryBeam","floor":9.0},{"not_picked":["Guardian:CrystalBeam","Guardian:HyperBeam_Guardian"],"picked":"Guardian:ChargeUp","floor":11.0},{"not_picked":["Guardian:Reroute","Guardian:Gem_Cyan"],"picked":"Guardian:PolyBeam","floor":12.0},{"not_picked":["Guardian:FloatingOrbs+1","Guardian:Gem_Fragmented"],"picked":"Guardian:FierceBash","floor":14.0},{"not_picked":["Guardian:TemporalStrike","Guardian:PolyBeam"],"picked":"Guardian:Gem_White","floor":15.0},{"not_picked":["Guardian:TimeSifter+1","Guardian:GemFire"],"picked":"Guardian:StasisEngine+1","floor":16.0},{"not_picked":["Guardian:MultiBeam","Guardian:Suspension"],"picked":"Guardian:Gem_Fragmented","floor":19.0},{"not_picked":["Guardian:ChargeUp","Guardian:Recover"],"picked":"Guardian:PiercingHide","floor":20.0},{"not_picked":["Guardian:Planning","Guardian:Suspension+1"],"picked":"Guardian:Gem_Crimson","floor":22.0},{"not_picked":["Guardian:PiercingHide","Guardian:Gem_Fragmented"],"picked":"Guardian:TimeSifter+1","floor":25.0},{"not_picked":["Guardian:ArmoredProtocol+1","Guardian:Gem_Green"],"picked":"Guardian:Repulse+1","floor":26.0},{"not_picked":["Guardian:PrimingBeam","Guardian:Gem_Yellow","Guardian:FuturePlans+1"],"picked":"SKIP","floor":29.0},{"not_picked":["Guardian:FuturePlans+1","Guardian:MultiBeam"],"picked":"Guardian:EvasiveProtocol+1","floor":31.0},{"not_picked":["Guardian:Gem_Yellow","Guardian:RefractedBeam","Guardian:TimeBomb"],"picked":"SKIP","floor":32.0},{"not_picked":["Guardian:Gem_Fragmented","Guardian:WalkerClaw","Guardian:RefractedBeam"],"picked":"SKIP","floor":36.0},{"not_picked":["Guardian:TemporalShield","Guardian:ChargeCore","Guardian:PrimingBeam"],"picked":"SKIP","floor":37.0},{"not_picked":["Guardian:TimeCapacitor+1","Guardian:Reroute"],"picked":"Guardian:BronzeArmor+1","floor":38.0},{"not_picked":["expansioncontent:BronzeBeam","expansioncontent:ManipulateTime"],"picked":"expansioncontent:DefensiveStance+1","floor":39.0},{"not_picked":["Guardian:TemporalStrike+1","Guardian:PrismaticBarrier+1","Guardian:Incinerate"],"picked":"SKIP","floor":43.0},{"not_picked":["Guardian:Gem_Cyan","Guardian:Gem_Yellow"],"picked":"Guardian:BronzeOrb","floor":44.0},{"not_picked":["Guardian:FloatingOrbs+1","Guardian:CrystalBeam","Guardian:PiercingHide"],"picked":"SKIP","floor":45.0},{"not_picked":["Guardian:DecasProtection","Guardian:FloatingOrbs+1","Guardian:Recover+1"],"picked":"SKIP","floor":48},{"not_picked":["Guardian:Preprogram","Guardian:TemporalStrike","Guardian:ExploitGems"],"picked":"SKIP","floor":49},{"not_picked":["Guardian:RollAttack","Guardian:FuturePlans+1","Guardian:Gem_Purple"],"picked":"SKIP","floor":52},{"not_picked":["Guardian:CrystalBeam","Guardian:Reroute"],"picked":"Guardian:BronzeOrb","floor":54}],"player_experience":781879,"relics_obtained":[{"floor":7.0,"key":"Dream Catcher"},{"floor":8.0,"key":"Frozen Egg 2"},{"floor":14.0,"key":"Oddly Smooth Stone"},{"floor":24.0,"key":"PreservedInsect"},{"floor":26.0,"key":"Shuriken"},{"floor":31.0,"key":"Regal Pillow"},{"floor":47,"key":"Bronze Scales"},{"floor":52,"key":"Boot"}],"event_choices":[{"damage_healed":0.0,"max_hp_gain":0.0,"max_hp_loss":0.0,"gold_gain":0.0,"event_name":"The Library","player_choice":"Read","floor":27.0,"gold_loss":0.0,"damage_taken":0.0,"cards_obtained":["Guardian:Orbwalk"]},{"damage_healed":0.0,"max_hp_gain":0.0,"max_hp_loss":0.0,"gold_gain":0.0,"event_name":"Mysterious Sphere","player_choice":"Ignored","floor":40.0,"gold_loss":0.0,"damage_taken":0.0}],"is_beta":false,"boss_relics":[{"not_picked":["Velvet Choker","Pandora\u0027s Box"],"picked":"Empty Cage"},{"not_picked":["Black Star","Snecko Eye"],"picked":"SlaversCollar"}],"items_purged_floors":[3,25,53],"is_endless":false,"potions_floor_spawned":[8,11,12,14,15,19,20,31,38,43,45,48,52],"ascension_level":13}}