{"host":"y8lj6eu4rxnc2qvr","time":1609768580,"event":{"mods":["BaseMod","Minty Spire (QoL Compilation)","StSLib"],"gold_per_floor":[111,127,127,147,166,193,193,219,219,219,230,155,120,130,130,225,225,244,519,529,529,548,548,548],"floor_reached":23,"playtime":738,"items_purged":["Intimidate"],"score":228,"play_id":"8740766c-f0f9-405c-9284-cbb74e3be457","local_time":"20210104085620","is_ascension_mode":false,"campfire_choices":[{"data":"Thunderclap","floor":7,"key":"SMITH"},{"data":"Reaper","floor":10,"key":"SMITH"},{"floor":15,"key":"REST"}],"circlet_count":0,"master_deck":["Strike_R","Strike_R","Strike_R","Strike_R","Strike_R","Defend_R","Defend_R","Defend_R","Defend_R","Bash","Ghostly Armor","Thunderclap+1","Sword Boomerang","Reaper+1","Clash+1","Inflame","Feed+1","Regret","Clash+1"],"relics":["Burning Blood","Centennial Puzzle","Molten Egg 2","Singing Bowl","Busted Crown","CultistMask"],"acts_visited":["Exordium","TheCity"],"potions_floor_usage":[6,8,23,23],"damage_taken":[{"damage":8,"enemies":"Small Slimes","floor":1,"turns":3},{"damage":6,"enemies":"Cultist","floor":2,"turns":4},{"damage":3,"enemies":"Jaw Worm","floor":4,"turns":4},{"damage":2,"enemies":"2 Fungi Beasts","floor":5,"turns":3},{"damage":34,"enemies":"Gremlin Nob","floor":6,"turns":5},{"damage":57,"enemies":"Lagavulin","floor":8,"turns":10},{"damage":23,"enemies":"Red Slaver","floor":11,"turns":4},{"damage":0,"enemies":"Large Slime","floor":14,"turns":5},{"damage":41,"enemies":"The Guardian","floor":16,"turns":12},{"damage":36,"enemies":"3 Byrds","floor":18,"turns":6},{"damage":16,"enemies":"Chosen","floor":20,"turns":5},{"damage":37,"enemies":"3 Cultists","floor":22,"turns":6},{"damage":60,"enemies":"Book of Stabbing","floor":23,"turns":5}],"seed_played":"4381953058631104205","potions_obtained":[{"floor":1,"key":"LiquidBronze"},{"floor":4,"key":"BloodPotion"},{"floor":8,"key":"Swift Potion"},{"floor":16,"key":"PowerPotion"},{"floor":18,"key":"Dexterity Potion"}],"is_trial":false,"path_per_floor":["M","M","?","M","M","E","R","E","T","R","M","$","?","M","R","B",null,"M","?","M","?","M","E"],"character_chosen":"IRONCLAD","items_purchased":[],"campfire_rested":1,"item_purchase_floors":[],"current_hp_per_floor":[86,86,86,88,88,60,60,28,28,28,16,16,38,58,84,49,88,67,67,71,71,60,0,0],"gold":548,"neow_bonus":"TEN_PERCENT_HP_BONUS","is_daily":false,"chose_seed":false,"campfire_upgraded":2,"win_rate":0.0,"timestamp":1609768580,"path_taken":["M","M","?","?","M","E","R","E","T","R","M","?","?","M","R","BOSS","M","?","?","?","M","E"],"items_purchased_type":[],"build_version":"2020-12-22","purchased_purges":1,"victory":false,"max_hp_per_floor":[88,88,88,88,88,88,88,88,88,88,88,88,88,88,88,88,88,94,94,98,98,104,104,104],"card_choices":[{"not_picked":["Warcry","Body Slam"],"picked":"Ghostly Armor","floor":1},{"not_picked":["Second Wind","Dark Embrace"],"picked":"Thunderclap","floor":2},{"not_picked":["Pommel Strike","Warcry"],"picked":"Sword Boomerang","floor":4},{"not_picked":["Infernal Blade","Twin Strike"],"picked":"Reaper","floor":5},{"not_picked":["Body Slam","Ghostly Armor"],"picked":"Intimidate","floor":6},{"not_picked":["Flame Barrier","Anger+1","Blood for Blood+1"],"picked":"SKIP","floor":8},{"not_picked":["Heavy Blade+1","Dual Wield"],"picked":"Clash+1","floor":11},{"not_picked":["Body Slam+1","Flex"],"picked":"Inflame","floor":14},{"not_picked":["Double Tap","Reaper+1"],"picked":"Feed+1","floor":16},{"not_picked":["Iron Wave+1"],"picked":"Singing Bowl","floor":18},{"not_picked":[],"picked":"Clash+1","floor":20},{"not_picked":["Infernal Blade"],"picked":"Singing Bowl","floor":22}],"player_experience":44901,"relics_obtained":[{"floor":6,"key":"Centennial Puzzle"},{"floor":8,"key":"Molten Egg 2"},{"floor":9,"key":"Singing Bowl"}],"event_choices":[{"damage_healed":0,"gold_gain":0,"player_choice":"Ignored","damage_taken":0,"max_hp_gain":0,"max_hp_loss":0,"event_name":"NoteForYourself","floor":3,"gold_loss":0},{"damage_healed":22,"gold_gain":0,"player_choice":"Healed","damage_taken":0,"max_hp_gain":0,"max_hp_loss":0,"event_name":"The Cleric","floor":13,"gold_loss":35},{"damage_healed":0,"gold_gain":275,"player_choice":"Desecrate","damage_taken":0,"max_hp_gain":0,"max_hp_loss":0,"event_name":"Golden Shrine","floor":19,"gold_loss":0,"cards_obtained":["Regret"]},{"damage_healed":0,"gold_gain":0,"player_choice":"Trade","damage_taken":0,"relics_obtained":["CultistMask"],"max_hp_gain":0,"max_hp_loss":0,"event_name":"FaceTrader","floor":21,"gold_loss":0}],"is_beta":false,"boss_relics":[{"not_picked":["Philosopher\u0027s Stone","Runic Dome"],"picked":"Busted Crown"}],"items_purged_floors":[12],"is_endless":false,"potions_floor_spawned":[1,4,8,16,18],"killed_by":"Book of Stabbing","ascension_level":0}}