{"host":"2he95iptrbxkejc1","time":1609786335,"event":{"mods":["AchievementEnabler","BaseMod","Minty Spire (QoL Compilation)"],"gold_per_floor":[115,115,115,139,159,192,192,215,215,215,229,273,298,316,316,439,439,454,472,89,89,108,149,149,164,164,164,164],"floor_reached":27,"playtime":1309,"items_purged":["Intimidate"],"score":272,"play_id":"beefaacd-d053-412a-a2ed-e7c7ed84a1a7","local_time":"20210104185215","is_ascension_mode":false,"campfire_choices":[{"data":"Heavy Blade","floor":7,"key":"SMITH"},{"data":"Bash","floor":10,"key":"SMITH"},{"data":"Battle Trance","floor":15,"key":"SMITH"},{"data":"Double Tap","floor":24,"key":"SMITH"}],"circlet_count":0,"master_deck":["Strike_R","Strike_R","Strike_R","Strike_R","Strike_R","Defend_R","Defend_R","Defend_R","Defend_R","Bash+1","Heavy Blade+1","Hemokinesis","Clash","Anger","Battle Trance+1","Dropkick","Double Tap+1","Combust","Heavy Blade+1","Rage","Blind","Warcry+1","Warcry","Juggernaut"],"relics":["Black Blood","Potion Belt","Pear","Golden Idol","Vajra","Kunai","FossilizedHelix","Omamori","Strawberry","Bag of Marbles"],"acts_visited":["Exordium","TheCity"],"potions_floor_usage":[4,12,12,16,16,19,19,25,27],"damage_taken":[{"damage":0,"enemies":"2 Louse","floor":1,"turns":2},{"damage":10,"enemies":"Small Slimes","floor":4,"turns":3},{"damage":15,"enemies":"Jaw Worm","floor":5,"turns":4},{"damage":17,"enemies":"Gremlin Nob","floor":6,"turns":4},{"damage":5,"enemies":"Looter","floor":8,"turns":2},{"damage":0,"enemies":"Large Slime","floor":11,"turns":4},{"damage":11,"enemies":"3 Sentries","floor":12,"turns":3},{"damage":8,"enemies":"Exordium Wildlife","floor":13,"turns":3},{"damage":5,"enemies":"Looter","floor":14,"turns":2},{"damage":53,"enemies":"The Guardian","floor":16,"turns":6},{"damage":10,"enemies":"Shell Parasite","floor":18,"turns":3},{"damage":2,"enemies":"Spheric Guardian","floor":19,"turns":2},{"damage":22,"enemies":"Shelled Parasite and Fungi","floor":22,"turns":6},{"damage":48,"enemies":"Book of Stabbing","floor":23,"turns":6},{"damage":30,"enemies":"Snake Plant","floor":25,"turns":4},{"damage":33,"enemies":"3 Cultists","floor":27,"turns":4}],"seed_played":"-315083481100554453","potions_obtained":[{"floor":4,"key":"Fruit Juice"},{"floor":8,"key":"DuplicationPotion"},{"floor":11,"key":"SkillPotion"},{"floor":12,"key":"Dexterity Potion"},{"floor":14,"key":"SkillPotion"},{"floor":16,"key":"DistilledChaos"},{"floor":18,"key":"BlessingOfTheForge"},{"floor":23,"key":"SkillPotion"},{"floor":25,"key":"Dexterity Potion"}],"is_trial":false,"path_per_floor":["M","?","?","M","M","E","R","M","T","R","M","E","M","M","R","B",null,"M","M","$","?","M","E","R","M","T","M"],"character_chosen":"IRONCLAD","items_purchased":["Rage","Blind","Omamori"],"campfire_rested":0,"item_purchase_floors":[20,20,20],"current_hp_per_floor":[80,72,72,73,64,53,53,54,54,54,60,55,53,54,54,7,88,88,88,88,88,78,49,49,31,31,0,0],"gold":164,"neow_bonus":"RANDOM_COMMON_RELIC","is_daily":false,"chose_seed":false,"campfire_upgraded":4,"win_rate":0.0,"timestamp":1609786335,"path_taken":["M","?","?","M","M","E","R","M","T","R","M","E","M","M","R","BOSS","M","M","$","?","M","E","R","M","T","M"],"items_purchased_type":["Card","Card","Relic"],"build_version":"2020-12-22","purchased_purges":1,"victory":false,"max_hp_per_floor":[80,90,83,88,88,88,88,88,88,88,88,88,88,88,88,88,88,88,88,88,88,88,95,95,95,95,95,95],"card_choices":[{"not_picked":["Flex","Dark Embrace"],"picked":"Heavy Blade","floor":1},{"not_picked":["Perfected Strike","Clothesline","Whirlwind"],"picked":"SKIP","floor":4},{"not_picked":["Pummel","Twin Strike"],"picked":"Hemokinesis","floor":5},{"not_picked":["Dark Embrace","Wild Strike"],"picked":"Clash","floor":6},{"not_picked":["Clothesline","Evolve"],"picked":"Anger","floor":8},{"not_picked":["Whirlwind","Disarm"],"picked":"Battle Trance","floor":11},{"not_picked":["Metallicize","Pommel Strike","Carnage"],"picked":"SKIP","floor":12},{"not_picked":["Headbutt","Thunderclap"],"picked":"Dropkick","floor":13},{"not_picked":["True Grit","Power Through"],"picked":"Intimidate","floor":14},{"not_picked":["Berserk","Juggernaut"],"picked":"Double Tap","floor":16},{"not_picked":["Disarm","Twin Strike"],"picked":"Combust","floor":18},{"not_picked":["Sever Soul","Headbutt"],"picked":"Heavy Blade+1","floor":19},{"not_picked":["True Grit+1","Body Slam"],"picked":"Warcry+1","floor":22},{"not_picked":["Perfected Strike","Power Through"],"picked":"Warcry","floor":23},{"not_picked":["Sever Soul+1","Body Slam"],"picked":"Juggernaut","floor":25}],"player_experience":49258,"relics_obtained":[{"floor":6,"key":"Vajra"},{"floor":9,"key":"Kunai"},{"floor":12,"key":"FossilizedHelix"},{"floor":23,"key":"Strawberry"},{"floor":26,"key":"Bag of Marbles"}],"event_choices":[{"damage_healed":0,"gold_gain":0,"player_choice":"Success","damage_taken":18,"relics_obtained":["Pear"],"max_hp_gain":0,"max_hp_loss":0,"event_name":"Scrap Ooze","floor":2,"gold_loss":0},{"damage_healed":0,"gold_gain":0,"player_choice":"Lose Max HP","damage_taken":0,"relics_obtained":["Golden Idol"],"max_hp_gain":0,"max_hp_loss":7,"event_name":"Golden Idol","floor":3,"gold_loss":0},{"damage_healed":0,"gold_gain":0,"player_choice":"Ignored","damage_taken":0,"max_hp_gain":0,"max_hp_loss":0,"event_name":"Vampires","floor":21,"gold_loss":0}],"is_beta":false,"boss_relics":[{"not_picked":["Coffee Dripper","Tiny House"],"picked":"Black Blood"}],"items_purged_floors":[20],"is_endless":false,"potions_floor_spawned":[4,8,11,12,14,16,18,23,25],"killed_by":"3 Cultists","ascension_level":0}}