{"host":"j0vzbnzm6n2ctevn","time":1609742659,"event":{"mods":["AchievementEnabler","BaseMod","Better Note","Dota2Spire","Minty Spire (QoL Compilation)","Quick Restart","Shop Mod","Spicy Shops","StSLib"],"gold_per_floor":[119,119,139,153,103,103,116,116,169,169,205,50,50,73,73,194,194,214,214,214,229,229,229,275,287,314,341,353,378,110,127,127,127,127],"floor_reached":33,"playtime":1188,"items_purged":["Havoc","Defend_R"],"score":247,"play_id":"bde4611d-acaf-4f2d-96ad-530166683cd4","local_time":"20210104144419","is_ascension_mode":false,"campfire_choices":[{"data":"Searing Blow","floor":6,"key":"SMITH"},{"data":"Searing Blow+1","floor":8,"key":"SMITH"},{"data":"Searing Blow+2","floor":10,"key":"SMITH"},{"floor":15,"key":"REST"},{"data":"Armaments","floor":23,"key":"SMITH"},{"data":"Armaments","floor":32,"key":"SMITH"}],"circlet_count":0,"master_deck":["Strike_R","Defend_R","Defend_R","Defend_R","Headbutt","Searing Blow+3","Headbutt","Spot Weakness","Twin Strike","Armaments+1","Fiend Fire","Shrug It Off+1","Hemokinesis","Armaments","Writhe","Armaments+1","Headbutt"],"relics":["Burning Blood","Bloody Idol","Dota2Spire:UrnOfShadows","Dota2Spire:MaskOfMadness","Dota2Spire:EchoSabre","Mark of Pain","Dota2Spire:MantaStyle","GremlinMask","MerchantsRug"],"acts_visited":["Exordium","TheCity"],"potions_floor_usage":[16,16,16,33],"damage_taken":[{"damage":9,"enemies":"Small Slimes","floor":1,"turns":3},{"damage":7,"enemies":"2 Louse","floor":3,"turns":4},{"damage":10,"enemies":"Cultist","floor":4,"turns":4},{"damage":7,"enemies":"3 Louse","floor":7,"turns":3},{"damage":20,"enemies":"Gremlin Nob","floor":11,"turns":4},{"damage":6,"enemies":"Exordium Wildlife","floor":14,"turns":3},{"damage":36,"enemies":"Hexaghost","floor":16,"turns":4},{"damage":22,"enemies":"Shell Parasite","floor":18,"turns":4},{"damage":12,"enemies":"Chosen","floor":21,"turns":2},{"damage":39,"enemies":"Snecko","floor":25,"turns":6},{"damage":25,"enemies":"Chosen and Byrds","floor":27,"turns":7},{"damage":25,"enemies":"Sentry and Sphere","floor":29,"turns":4},{"damage":14,"enemies":"Snake Plant","floor":31,"turns":4},{"damage":73,"enemies":"Automaton","floor":33,"turns":6}],"seed_played":"-2070220851353505747","potions_obtained":[{"floor":7,"key":"FearPotion"},{"floor":11,"key":"DuplicationPotion"},{"floor":14,"key":"Strength Potion"},{"floor":21,"key":"Swift Potion"}],"is_trial":false,"path_per_floor":["M","?","M","M","?","R","M","R","T","R","E","$","?","M","R","B",null,"M","?","?","M","?","R","T","M","T","M","?","M","$","M","R","B"],"character_chosen":"IRONCLAD","items_purchased":["Dota2Spire:EchoSabre","MerchantsRug"],"campfire_rested":1,"item_purchase_floors":[12,30],"current_hp_per_floor":[69,51,50,46,46,46,45,45,45,45,31,31,31,31,52,22,72,56,56,56,55,55,55,60,35,40,31,36,27,37,34,34,0,0],"gold":127,"neow_bonus":"REMOVE_TWO","is_daily":false,"chose_seed":false,"campfire_upgraded":5,"win_rate":0.0,"timestamp":1609742659,"path_taken":["M","?","M","M","?","R","M","R","T","R","E","$","?","?","R","BOSS","M","?","?","M","?","R","?","M","T","?","?","M","$","?","R","BOSS"],"items_purchased_type":["Relic","Relic"],"build_version":"2020-12-22","purchased_purges":2,"victory":false,"max_hp_per_floor":[72,72,72,72,72,72,72,72,72,72,72,72,72,72,72,72,72,72,72,72,72,72,72,72,72,72,72,72,72,72,72,72,72,72],"card_choices":[{"not_picked":["Wild Strike","Thunderclap"],"picked":"Headbutt","floor":1},{"not_picked":["Rage","Clothesline"],"picked":"Searing Blow","floor":3},{"not_picked":["Cleave","Dropkick"],"picked":"Headbutt","floor":4},{"not_picked":["Pummel","Anger"],"picked":"Spot Weakness","floor":7},{"not_picked":["Anger","Perfected Strike"],"picked":"Twin Strike","floor":11},{"not_picked":["Ghostly Armor","Pommel Strike"],"picked":"Armaments","floor":14},{"not_picked":["Brutality","Exhume"],"picked":"Fiend Fire","floor":16},{"not_picked":["Flame Barrier","Headbutt"],"picked":"Shrug It Off+1","floor":18},{"not_picked":["Disarm","True Grit"],"picked":"Armaments","floor":21},{"not_picked":["Flex","Havoc+1"],"picked":"Armaments","floor":25},{"not_picked":["Thunderclap","Twin Strike"],"picked":"Headbutt","floor":27},{"not_picked":["Cleave+1","Twin Strike","Body Slam"],"picked":"SKIP","floor":29},{"not_picked":["Perfected Strike","Infernal Blade","Body Slam"],"picked":"SKIP","floor":31}],"player_experience":120891,"relics_obtained":[{"floor":9,"key":"Dota2Spire:UrnOfShadows"},{"floor":11,"key":"Dota2Spire:MaskOfMadness"},{"floor":26,"key":"MawBank"}],"event_choices":[{"damage_healed":0,"gold_gain":0,"player_choice":"Take Damage","damage_taken":18,"relics_obtained":["Golden Idol"],"max_hp_gain":0,"max_hp_loss":0,"event_name":"Golden Idol","floor":2,"gold_loss":0},{"cards_removed":["Bash"],"damage_healed":0,"gold_gain":0,"player_choice":"Card Removal","damage_taken":0,"max_hp_gain":0,"max_hp_loss":0,"event_name":"The Cleric","floor":5,"gold_loss":50},{"cards_removed":["Searing Blow"],"damage_healed":0,"gold_gain":0,"player_choice":"Give","damage_taken":0,"max_hp_gain":0,"max_hp_loss":0,"event_name":"betterNote:BetterNote","floor":13,"gold_loss":0,"cards_obtained":["Strike_R"]},{"damage_healed":0,"gold_gain":0,"player_choice":"Gave Idol","damage_taken":0,"relics_obtained":["Bloody Idol"],"max_hp_gain":0,"max_hp_loss":0,"event_name":"Forgotten Altar","floor":19,"relics_lost":["Golden Idol"],"gold_loss":0},{"damage_healed":0,"gold_gain":0,"cards_transformed":["Strike_R","Strike_R"],"player_choice":"Became Test Subject","damage_taken":0,"max_hp_gain":0,"max_hp_loss":0,"event_name":"Drug Dealer","floor":20,"gold_loss":0,"cards_obtained":["Havoc","Hemokinesis"]},{"damage_healed":0,"gold_gain":0,"player_choice":"Opened","damage_taken":0,"relics_obtained":["Dota2Spire:MantaStyle"],"max_hp_gain":0,"max_hp_loss":0,"event_name":"The Mausoleum","floor":22,"gold_loss":0,"cards_obtained":["Writhe"]},{"damage_healed":0,"gold_gain":0,"player_choice":"Trade","damage_taken":0,"relics_obtained":["GremlinMask"],"max_hp_gain":0,"max_hp_loss":0,"event_name":"FaceTrader","floor":28,"gold_loss":0}],"is_beta":false,"boss_relics":[{"not_picked":["SlaversCollar","Busted Crown"],"picked":"Mark of Pain"}],"items_purged_floors":[30,30],"is_endless":false,"potions_floor_spawned":[7,11,14,21],"killed_by":"Automaton","ascension_level":0}}