{"host":"867cnhxguf2bzj4x","time":1609784144,"event":{"mods":["BaseMod","BetterRewards","GifTheSpireLib","Minty Spire (QoL Compilation)","Replay The Spire","StSLib","The Bug Knight","The Cursed","The Necromancer"],"gold_per_floor":[119,138,138,138,138,138,150,150,150,98,172,188,202,49,124,140,140,242,242,253,253,38,64,64,64,79,4,28,44,44,64,4,4,4],"floor_reached":33,"playtime":1070,"items_purged":["HollowMod:NailStrikeStart"],"score":335,"play_id":"1405bcec-de56-4a4b-88f7-bb6c04c80330","local_time":"20210104191544","is_ascension_mode":false,"campfire_choices":[{"data":"HollowMod:InfectedAttack","floor":8,"key":"SMITH"},{"data":"HollowMod:InfectionAssault","floor":8,"key":"SMITH"},{"data":"HollowMod:BrokenVessel","floor":17,"key":"SMITH"},{"data":"HollowMod:NewJinnsSoul","floor":17,"key":"SMITH"},{"data":"HollowMod:NewGlowingWomb","floor":25,"key":"SMITH"},{"data":"HollowMod:HerrahsAnger","floor":25,"key":"SMITH"},{"floor":30,"key":"REST"}],"circlet_count":0,"master_deck":["HollowMod:NailStrikeStart","HollowMod:NailStrikeStart","HollowMod:NailStrikeStart","HollowMod:QuickDashStart","HollowMod:QuickDashStart","HollowMod:QuickDashStart","HollowMod:QuickDashStart","HollowMod:FocusHealStart","HollowMod:PogoStrike","HollowMod:InfectedCysts","HollowMod:InfectionAssault+1","HollowMod:InfectedCysts","HollowMod:InfectedAttack+1","Pain","HollowMod:NewJinnsSoul+1","HollowMod:BrokenVessel+1","HollowMod:HerrahsAnger+1","HollowMod:NewGlowingWomb+1","HollowMod:NewInfectedGuardian"],"relics":["HollowMod:VoidIdolRelic","Replay:Arrowhead","WarpedTongs","Orichalcum","Nloth\u0027s Gift","HollowMod:KingsBrand","Happy Flower"],"acts_visited":["Exordium","TheCity"],"potions_floor_usage":[29,33,33,33],"damage_taken":[{"damage":11,"enemies":"Cultist","floor":1,"turns":4},{"damage":5,"enemies":"Jaw Worm","floor":2,"turns":2},{"damage":0,"enemies":"Small Slimes","floor":7,"turns":2},{"damage":6,"enemies":"Exordium Thugs","floor":12,"turns":3},{"damage":2,"enemies":"2 Fungi Beasts","floor":13,"turns":2},{"damage":0,"enemies":"Blue Slaver","floor":16,"turns":3},{"damage":29,"enemies":"Hexaghost","floor":18,"turns":11},{"damage":32,"enemies":"Spheric Guardian","floor":20,"turns":4},{"damage":38,"enemies":"2 Thieves","floor":26,"turns":4},{"damage":10,"enemies":"Cultist and Chosen","floor":29,"turns":4},{"damage":21,"enemies":"Snecko","floor":31,"turns":4},{"damage":29,"enemies":"Centurion and Healer","floor":33,"turns":2}],"seed_played":"452355635585263368","potions_obtained":[{"floor":2,"key":"Block Potion"},{"floor":16,"key":"Block Potion"},{"floor":20,"key":"Adrenaline Potion"},{"floor":29,"key":"Fire Potion"}],"is_trial":false,"path_per_floor":["M","M","PTL","PTL","?","?","M","R","?","$","T","M","M","$","?","M","R","B",null,"M","?","$","T","?","R","M","?","T","M","R","M","?","M"],"character_chosen":"THE_BUGKNIGHT","items_purchased":["Replay:Arrowhead","HollowMod:InfectedCysts","HollowMod:NewJinnsSoul","Orichalcum","HollowMod:KingsBrand","HollowMod:NewGlowingWomb"],"campfire_rested":1,"item_purchase_floors":[0,0,10,14,22,22],"current_hp_per_floor":[55,50,50,50,55,55,55,55,55,55,55,49,47,47,36,36,36,17,80,48,48,48,48,48,48,16,21,21,11,36,15,15,0,0],"gold":4,"neow_bonus":"","is_daily":false,"chose_seed":false,"campfire_upgraded":6,"win_rate":0.0,"timestamp":1609784144,"path_taken":["M","M","PTL","PTL","?","?","M","R","?","$","T","?","M","$","?","M","R","BOSS","M","?","$","?","?","R","M","?","T","M","R","M","?","M"],"items_purchased_type":["Relic","Card","Card","Relic","Relic","Card"],"build_version":"2020-12-22","purchased_purges":1,"victory":false,"max_hp_per_floor":[75,75,75,75,80,80,80,80,80,80,80,80,80,80,80,80,80,80,80,80,80,80,80,80,80,80,85,85,85,85,85,85,85,85],"card_choices":[{"not_picked":["HollowMod:SoulShaman","HollowMod:VengefulSpirit"],"picked":"HollowMod:InfectionAssault","floor":1},{"not_picked":["HollowMod:ChannelNail","HollowMod:CycloneSlash"],"picked":"HollowMod:InfectedCysts","floor":2},{"not_picked":["HollowMod:MonarchWings","HollowMod:GreatSlash"],"picked":"HollowMod:InfectedAttack","floor":7},{"not_picked":["HollowMod:SlysStrikes","HollowMod:LifebloodCocoon"],"picked":"HollowMod:BrokenVessel","floor":12},{"not_picked":["HollowMod:ChannelNail","HollowMod:DashSlash","HollowMod:HowlingWraiths"],"picked":"SKIP","floor":13},{"not_picked":["HollowMod:PerfectDash","HollowMod:CornifersMapStart","HollowMod:GreatSlash"],"picked":"SKIP","floor":16},{"not_picked":["HollowMod:VoidDash","HollowMod:ElderbugsWisdom"],"picked":"HollowMod:HerrahsAnger","floor":18},{"not_picked":["HollowMod:SoulEater+1","HollowMod:Grubsong","HollowMod:SiblingsSouls"],"picked":"SKIP","floor":20},{"not_picked":["HollowMod:PureVessel","HollowMod:WraithStrike","HollowMod:ChannelNail+1"],"picked":"SKIP","floor":26},{"not_picked":["HollowMod:HowlingWraiths","HollowMod:LifebloodCocoon+1"],"picked":"HollowMod:NewInfectedGuardian","floor":29},{"not_picked":["HollowMod:CycloneSlash+1","HollowMod:DescendingDark","HollowMod:VengefulVoid"],"picked":"SKIP","floor":31}],"player_experience":92281,"relics_obtained":[{"floor":11,"key":"HollowMod:MantisClawRelic"},{"floor":23,"key":"Happy Flower"}],"event_choices":[{"damage_healed":0,"gold_gain":0,"player_choice":"Donut","damage_taken":0,"max_hp_gain":5,"max_hp_loss":0,"event_name":"Big Fish","floor":5,"gold_loss":0},{"damage_healed":0,"gold_gain":0,"player_choice":"Rummage","damage_taken":0,"relics_obtained":["WarpedTongs"],"max_hp_gain":0,"max_hp_loss":0,"event_name":"Accursed Blacksmith","floor":9,"gold_loss":0,"cards_obtained":["Pain"]},{"damage_healed":0,"gold_gain":75,"player_choice":"Gather Gold","damage_taken":11,"max_hp_gain":0,"max_hp_loss":0,"event_name":"World of Goop","floor":15,"gold_loss":0},{"damage_healed":0,"gold_gain":0,"player_choice":"Traded Relic","damage_taken":0,"relics_obtained":["Nloth\u0027s Gift"],"max_hp_gain":0,"max_hp_loss":0,"event_name":"N\u0027loth","floor":21,"relics_lost":["HollowMod:MantisClawRelic"],"gold_loss":0},{"damage_healed":0,"gold_gain":0,"player_choice":"Ignored","damage_taken":0,"max_hp_gain":0,"max_hp_loss":0,"event_name":"Ghosts","floor":24,"gold_loss":0}],"is_beta":false,"boss_relics":[{"not_picked":["SacredBark","Snecko Eye"],"picked":"HollowMod:VoidIdolRelic"}],"items_purged_floors":[0],"is_endless":false,"potions_floor_spawned":[2,16,20,26,29],"killed_by":"Centurion and Healer","ascension_level":0}}