{"host":"4q6g5wn1adpnm0z5","time":1609786390,"event":{"mods":["2.2 Compatiblity","Aspiration","Astrologer","BaseMod","Hermit","Hubris","Minty Spire (QoL Compilation)","Replay The Spire","StSLib","The Cursed","The Hierophant","The Jungle"],"gold_per_floor":[114,128,128,147,147,177,177,291,291,326,338,368,149,171,171,266,266,298,298,448,486,513,513,561,608,608,642,642,691,748,760,772,877,889,928,967,735,764,806,857,857,892,942,976,671,712,742,782,782,800,800],"floor_reached":50,"playtime":4273,"items_purged":["ReplayTheSpireMod:System Scan","ReplaySort","Replay:ManipulateFuture"],"score":1479,"play_id":"bf0ef128-b3aa-4ca6-8a08-a15186975a83","local_time":"20210104195310","daily_mods":["Insanity","Purple Cards","DeadlyEvents"],"is_ascension_mode":true,"campfire_choices":[{"data":"Go for the Eyes","floor":7.0,"key":"SMITH"},{"data":"CrushJoints","floor":15.0,"key":"SMITH"},{"floor":23.0,"key":"REST"},{"data":"Panic Button","floor":28.0,"key":"SMITH"},{"data":"Loop","floor":32.0,"key":"SMITH"},{"data":"hubris:PowerSurge","floor":49.0,"key":"SMITH"}],"circlet_count":0,"master_deck":["AscendersBane","BowlingBash","SandsOfTime","EmptyFist","Protect","Cold Snap","Loop+1","Steam Power+1","BootSequence","Sweeping Beam","Steam","Storm","Leap","WindmillStrike","Go for the Eyes+1","ReplayGash","Prostrate","JustLucky","Panic Button","CutThroughFate","Crescendo","ThirdEye","Tantrum","JustLucky","CrushJoints+1","JustLucky","Stack","hubris:PowerSurge+1","Study","Force Field","Perseverance","Pray","Pray","Worship","ReplayTheSpireMod:System Scan","Lockon","ClearTheMind","Meditate","Self Repair","Panic Button+1","Turbo","CutThroughFate","Replay:ManipulateFuture","FlyingSleeves","Protect","FTL","ClearTheMind","FollowUp","FTL","ReplayTheSpireMod:Stacked","Stack","Ghostly Armor","FTL+1","Metallicize","FlurryOfBlows+1","Shrug It Off","Glacier"],"relics":["Cracked Core","hubris:Icosahedron","hubris:DisguiseKit","hubris:BottledRain","Letter Opener","Replay:Bandana","Busted Crown","Molten Egg 2","Symbiotic Virus","Orichalcum","Centennial Puzzle","Oddly Smooth Stone","MawBank","hubris:Towel","hubris:Stopwatch","ReplayTheSpireMod:TigerMarble","Lantern","Strawberry","Pen Nib","Pantograph"],"acts_visited":["Exordium","TheCity","TheBeyond"],"potions_floor_usage":[50],"damage_taken":[{"damage":4.0,"enemies":"Jaw Worm","floor":1.0,"turns":3.0},{"damage":10.0,"enemies":"Small Slimes","floor":2.0,"turns":4.0},{"damage":0.0,"enemies":"2 Louse","floor":4.0,"turns":3.0},{"damage":6.0,"enemies":"3 Sentries","floor":6.0,"turns":6.0},{"damage":3.0,"enemies":"Lots of Slimes","floor":8.0,"turns":4.0},{"damage":0.0,"enemies":"Lagavulin","floor":10.0,"turns":4.0},{"damage":0.0,"enemies":"Gremlin Gang","floor":11.0,"turns":5.0},{"damage":15.0,"enemies":"Replay:BlueRogue","floor":12.0,"turns":7.0},{"damage":16.0,"enemies":"2 Fungi Beasts","floor":14.0,"turns":4.0},{"damage":29.0,"enemies":"Slime Boss","floor":16.0,"turns":9.0},{"damage":0.0,"enemies":"Chosen","floor":18.0,"turns":4.0},{"damage":15.0,"enemies":"Slavers","floor":20.0,"turns":4.0},{"damage":21.0,"enemies":"Shell Parasite","floor":21.0,"turns":5.0},{"damage":12.0,"enemies":"Snake Plant","floor":22.0,"turns":4.0},{"damage":11.0,"enemies":"Book of Stabbing","floor":24.0,"turns":4.0},{"damage":6.0,"enemies":"Gremlin Leader","floor":25.0,"turns":7.0},{"damage":16.0,"enemies":"Cultist and Chosen","floor":27.0,"turns":8.0},{"damage":11.0,"enemies":"Replay:Snechameleon","floor":29.0,"turns":8.0},{"damage":0.0,"enemies":"Gremlin Leader","floor":30.0,"turns":9.0},{"damage":40.0,"enemies":"Pondfish","floor":33.0,"turns":11.0},{"damage":0.0,"enemies":"Orb Walker","floor":35.0,"turns":6.0},{"damage":24.0,"enemies":"3 Darklings","floor":36.0,"turns":6.0},{"damage":0.0,"enemies":"4 Shapes","floor":38.0,"turns":5.0},{"damage":7.0,"enemies":"Spire Growth","floor":39.0,"turns":4.0},{"damage":2.0,"enemies":"Reptomancer","floor":40.0,"turns":12.0},{"damage":10.0,"enemies":"3 Darklings","floor":42.0,"turns":5.0},{"damage":1.0,"enemies":"Jaw Worm Horde","floor":44.0,"turns":4.0},{"damage":4.0,"enemies":"Giant Head","floor":46.0,"turns":6.0},{"damage":0.0,"enemies":"Maw","floor":47.0,"turns":5.0},{"damage":22.0,"enemies":"Transient","floor":48.0,"turns":5.0},{"damage":80,"enemies":"Time Eater","floor":50,"turns":9}],"seed_played":"8762328408809399178","potions_obtained":[{"floor":6.0,"key":"Fruit Juice"},{"floor":8.0,"key":"Adrenaline Potion"},{"floor":10.0,"key":"Strength Potion"},{"floor":14.0,"key":"Languid Potion"},{"floor":16.0,"key":"Fire Potion"},{"floor":24.0,"key":"Swift Potion"},{"floor":25.0,"key":"SmokeBomb"},{"floor":27.0,"key":"DuplicationPotion"},{"floor":30.0,"key":"DuplicationPotion"},{"floor":36.0,"key":"Adrenaline Potion"},{"floor":44.0,"key":"Swift Potion"}],"is_trial":true,"path_per_floor":["M","M","?","M","?","E","R","M","T","E","M","E","$","M","R","B",null,"M","?","E","M","M","R","E","E","T","M","R","E","E","?","R","B",null,"M","M","$","M","M","E","?","M","T","M","$","E","M","M","R","B"],"character_chosen":"DEFECT","items_purchased":["Replay:Bandana","ReplayTheSpireMod:TigerMarble","Pen Nib","Glacier"],"campfire_rested":1,"item_purchase_floors":[13,37,45,45],"current_hp_per_floor":[67,57,57,57,57,56,56,60,60,60,67,59,59,50,50,28,64,64,76,61,47,35,57,46,47,47,38,38,34,41,41,41,8,59,66,49,49,49,42,47,47,44,51,50,50,53,60,45,45,0,0],"gold":800,"neow_bonus":"","is_daily":false,"chose_seed":false,"campfire_upgraded":5,"win_rate":0.0,"timestamp":1609786390,"path_taken":["M","M","?","?","?","E","R","M","T","E","M","E","?","?","R","BOSS","M","?","?","M","?","R","E","?","T","M","R","?","E","?","R","BOSS","M","M","$","M","M","E","?","M","T","M","$","E","M","M","R","BOSS"],"items_purchased_type":["Relic","Relic","Relic","Card"],"build_version":"2020-12-22","purchased_purges":3,"victory":false,"max_hp_per_floor":[71,71,71,71,71,76,76,76,76,76,76,76,76,76,76,76,76,76,76,76,76,76,76,76,76,76,76,76,76,76,76,76,76,76,76,76,76,76,76,76,76,76,83,83,83,83,83,83,83,83,83],"card_choices":[{"not_picked":["ReachHeaven","Streamline","BowlingBash"],"picked":"SKIP","floor":1.0},{"not_picked":["Replay:BluntJabs","Protect","FlyingSleeves"],"picked":"SKIP","floor":2.0},{"not_picked":["Gash","Replay:AtTheReady","Glacier"],"picked":"SKIP","floor":4.0},{"not_picked":["Melter","Steam Power","Replay:ManipulateFuture"],"picked":"SKIP","floor":6.0},{"not_picked":["CutThroughFate","SashWhip","Wireheading","ReplayTheSpireMod:Strike From Hell"],"picked":"SKIP","floor":8.0},{"not_picked":["DevaForm","Melter","Iron Wave"],"picked":"FollowUp","floor":10.0},{"not_picked":["Scrape","FollowUp","hubris:ReadiedAction"],"picked":"FTL","floor":11.0},{"not_picked":["BasicCrystalCard","Cold Snap","Storm"],"picked":"ReplayTheSpireMod:Stacked","floor":12.0},{"not_picked":["Crystallizer","Conclude","Stack","Whirlwind"],"picked":"SKIP","floor":14.0},{"not_picked":["Replay:ManipulateFuture","Clash"],"picked":"SKIP","floor":18.0},{"not_picked":["Meditate","Wild Strike+1"],"picked":"SKIP","floor":20.0},{"not_picked":["ReplayTheSpireMod:Strike From Hell"],"picked":"Stack","floor":21.0},{"not_picked":["Leap","Hemokinesis"],"picked":"SKIP","floor":22.0},{"not_picked":["EmptyFist+1"],"picked":"Ghostly Armor","floor":24.0},{"not_picked":["ClearTheMind","Rampage"],"picked":"SKIP","floor":25.0},{"not_picked":["Fusion","Heavy Blade"],"picked":"SKIP","floor":27.0},{"not_picked":["Sanctity","Flex"],"picked":"SKIP","floor":29.0},{"not_picked":["Streamline+1","Havoc"],"picked":"SKIP","floor":30.0},{"not_picked":["ClearTheMind","Anger"],"picked":"SKIP","floor":35.0},{"not_picked":["Panic Button","Run Through"],"picked":"SKIP","floor":36.0},{"not_picked":["Reckless Charge"],"picked":"FTL+1","floor":38.0},{"not_picked":["White Noise"],"picked":"Metallicize","floor":39.0},{"not_picked":["Barrage+1","Pummel"],"picked":"SKIP","floor":40.0},{"not_picked":["Twin Strike"],"picked":"FlurryOfBlows+1","floor":42.0},{"not_picked":["Replay:LoomingThreat"],"picked":"Shrug It Off","floor":44.0},{"not_picked":["Rebound+1","Clothesline"],"picked":"SKIP","floor":46.0},{"not_picked":["Force Field","Clash"],"picked":"SKIP","floor":47.0},{"not_picked":["JustLucky+1","ReplayTheSpireMod:Stacked"],"picked":"SKIP","floor":48.0}],"player_experience":2365671,"relics_obtained":[{"floor":6.0,"key":"hubris:DisguiseKit"},{"floor":9.0,"key":"hubris:BottledRain"},{"floor":12.0,"key":"Letter Opener"},{"floor":20.0,"key":"Molten Egg 2"},{"floor":24.0,"key":"Symbiotic Virus"},{"floor":25.0,"key":"Orichalcum"},{"floor":26.0,"key":"Centennial Puzzle"},{"floor":29.0,"key":"Oddly Smooth Stone"},{"floor":30.0,"key":"MawBank"},{"floor":40.0,"key":"Lantern"},{"floor":43.0,"key":"Strawberry"},{"floor":46.0,"key":"Pantograph"}],"event_choices":[{"damage_healed":0.0,"max_hp_gain":0.0,"max_hp_loss":0.0,"gold_gain":0.0,"event_name":"NoteForYourself","player_choice":"Ignored","floor":3.0,"gold_loss":0.0,"damage_taken":0.0},{"cards_removed":["Consume"],"damage_healed":12.0,"max_hp_gain":0.0,"max_hp_loss":0.0,"gold_gain":0.0,"event_name":"Bonfire Elementals","player_choice":"Offered Uncommon","floor":19.0,"gold_loss":0.0,"damage_taken":0.0},{"damage_healed":0.0,"max_hp_gain":0.0,"max_hp_loss":0.0,"gold_gain":0.0,"event_name":"Accursed Blacksmith","player_choice":"Forge","floor":41.0,"gold_loss":0.0,"damage_taken":0.0,"cards_upgraded":["Steam Power"]}],"is_beta":false,"boss_relics":[{"not_picked":["hubris:RunicObelisk","Cursed Key"],"picked":"Busted Crown"},{"not_picked":["aspiration:WatcherSkillbook","Black Star"],"picked":"hubris:Stopwatch"}],"items_purged_floors":[13,37,45],"is_endless":false,"potions_floor_spawned":[6,8,10,14,16,24,25,27,29,30,35,36,44],"killed_by":"Time Eater","ascension_level":14}}