{"host":"d2y4rmbezebiv8aj","time":1609746801,"event":{"mods":["AchievementEnabler","BaseMod","BetterRewards","Colored Map","Colored Powertips","Custom Start","Highlight Path","Minty Spire (QoL Compilation)","Rare Cards Sparkle","Shop Mod","StSLib","SuperFastMode","Synergy Search"],"gold_per_floor":[112,132,207,207,207,248,269,300,300,300,341,83,101,119,119,238,238,257,171,191,215,33,71,71,71,71,111,31,54,54,54,54,184,184,205,60,60,85,108,108,148,168,192,225,241,26,44,62,62,62,62],"floor_reached":50,"playtime":2063,"items_purged":["Injury"],"score":754,"play_id":"6a533ba5-d024-4aff-8b96-8bd845acf0f3","local_time":"20210104085321","is_ascension_mode":true,"campfire_choices":[{"data":"Envenom","floor":10,"key":"SMITH"},{"floor":15,"key":"REST"},{"floor":32,"key":"REST"},{"floor":40,"key":"REST"},{"floor":49,"key":"REST"}],"circlet_count":0,"master_deck":["Strike_G","Strike_G","Strike_G","Strike_G","Strike_G","Defend_G","Defend_G","Defend_G+1","Defend_G","Defend_G","Survivor","Neutralize","Bane","Slice","All Out Attack","Envenom+1","Storm of Steel+1","Blade Dance","Backstab","Quick Slash","Deflect","Cloak And Dagger","A Thousand Cuts","Blade Dance","Infinite Blades","Slice","Blade Dance","Bane","Dramatic Entrance","PiercingWail","Sucker Punch+1","Prepared+1","Envenom","Envenom+1","Die Die Die","Footwork","Slice","Blur+1","Parasite","Backstab+1","Bandage Up","Footwork+1"],"relics":["Ring of the Snake","NeowsBlessing","Golden Idol","Snake Skull","Lizard Tail","Singing Bowl","Centennial Puzzle","Bag of Preparation","WristBlade","War Paint","Ninja Scroll","StoneCalendar","Nilry\u0027s Codex","Black Star","Membership Card","Pen Nib","Letter Opener","Bronze Scales","Pear","Frozen Egg 2","ClockworkSouvenir"],"acts_visited":["Exordium","TheCity","TheBeyond"],"potions_floor_usage":[11,16,16,23,33,33,44,47,50,50,50],"damage_taken":[{"damage":0,"enemies":"Small Slimes","floor":1,"turns":1},{"damage":0,"enemies":"2 Louse","floor":2,"turns":1},{"damage":0,"enemies":"Gremlin Nob","floor":6,"turns":1},{"damage":0,"enemies":"Cultist","floor":7,"turns":4},{"damage":17,"enemies":"3 Sentries","floor":8,"turns":5},{"damage":20,"enemies":"Lagavulin","floor":11,"turns":6},{"damage":9,"enemies":"Red Slaver","floor":13,"turns":2},{"damage":0,"enemies":"2 Fungi Beasts","floor":14,"turns":2},{"damage":12,"enemies":"The Guardian","floor":16,"turns":11},{"damage":17,"enemies":"Shell Parasite","floor":18,"turns":5},{"damage":0,"enemies":"3 Byrds","floor":20,"turns":4},{"damage":4,"enemies":"Snecko","floor":21,"turns":3},{"damage":8,"enemies":"Book of Stabbing","floor":23,"turns":3},{"damage":13,"enemies":"Gremlin Leader","floor":27,"turns":3},{"damage":0,"enemies":"3 Cultists","floor":29,"turns":2},{"damage":46,"enemies":"Automaton","floor":33,"turns":7},{"damage":4,"enemies":"3 Darklings","floor":35,"turns":3},{"damage":0,"enemies":"Orb Walker","floor":38,"turns":1},{"damage":23,"enemies":"Spire Growth","floor":39,"turns":4},{"damage":19,"enemies":"Reptomancer","floor":41,"turns":5},{"damage":7,"enemies":"4 Shapes","floor":42,"turns":2},{"damage":23,"enemies":"Nemesis","floor":44,"turns":3},{"damage":19,"enemies":"Writhing Mass","floor":45,"turns":6},{"damage":30,"enemies":"Transient","floor":47,"turns":5},{"damage":0,"enemies":"Jaw Worm Horde","floor":48,"turns":2},{"damage":78,"enemies":"Donu and Deca","floor":50,"turns":5}],"seed_played":"8440848695356348124","potions_obtained":[{"floor":6,"key":"Swift Potion"},{"floor":8,"key":"SteroidPotion"},{"floor":13,"key":"Dexterity Potion"},{"floor":14,"key":"EssenceOfSteel"},{"floor":18,"key":"CunningPotion"},{"floor":29,"key":"Dexterity Potion"},{"floor":33,"key":"Strength Potion"},{"floor":35,"key":"BlessingOfTheForge"},{"floor":42,"key":"Strength Potion"},{"floor":45,"key":"SkillPotion"},{"floor":47,"key":"Energy Potion"}],"is_trial":false,"path_per_floor":["M","M","?","?","?","E","M","E","T","R","E","$","M","M","R","B",null,"M","$","M","M","$","E","?","?","T","E","$","M","?","?","R","B",null,"M","$","?","M","M","R","E","M","T","E","M","$","M","M","R","B"],"character_chosen":"THE_SILENT","items_purchased":["Backstab","Bag of Preparation","Quick Slash","Infinite Blades","Slice","Dramatic Entrance","PiercingWail","SteroidPotion","Envenom","Membership Card","GhostInAJar","Bandage Up","ClockworkSouvenir"],"campfire_rested":4,"item_purchase_floors":[12,12,12,19,19,22,22,22,28,36,46,46,46],"current_hp_per_floor":[70,70,59,59,59,59,59,42,42,42,22,22,13,13,34,22,70,53,53,53,49,49,41,64,64,64,51,51,53,37,37,58,12,72,68,68,68,70,49,71,52,47,47,34,15,15,37,39,66,0,0],"gold":62,"neow_bonus":"THREE_ENEMY_KILL","is_daily":false,"chose_seed":false,"campfire_upgraded":1,"win_rate":0.0,"timestamp":1609746801,"path_taken":["M","M","?","?","?","E","M","E","T","R","E","$","?","M","R","BOSS","M","$","M","M","?","E","?","?","T","E","$","?","?","?","R","BOSS","M","?","?","M","M","R","E","M","T","E","M","$","M","?","R","BOSS"],"items_purchased_type":["Card","Relic","Card","Card","Card","Card","Card","Potion","Card","Relic","Potion","Card","Relic"],"build_version":"2020-12-22","purchased_purges":1,"victory":false,"max_hp_per_floor":[70,70,70,70,70,70,70,70,70,70,70,70,70,70,70,70,70,70,70,70,70,70,70,70,70,70,70,70,72,72,72,72,72,72,72,72,72,74,76,76,76,78,78,88,88,88,88,90,90,90,90],"card_choices":[{"not_picked":["Dodge and Roll","PiercingWail"],"picked":"Bane","floor":1},{"not_picked":["Underhanded Strike","PiercingWail"],"picked":"Slice","floor":2},{"not_picked":["Expertise","Concentrate"],"picked":"All Out Attack","floor":6},{"not_picked":["Blade Dance","Escape Plan"],"picked":"Envenom","floor":7},{"not_picked":["Leg Sweep","Footwork"],"picked":"Storm of Steel","floor":8},{"not_picked":["Dodge and Roll","Endless Agony"],"picked":"Blade Dance","floor":11},{"not_picked":["Poisoned Stab","Outmaneuver"],"picked":"Deflect","floor":13},{"not_picked":["Caltrops","Eviscerate"],"picked":"Cloak And Dagger","floor":14},{"not_picked":["Glass Knife","Tools of the Trade"],"picked":"A Thousand Cuts","floor":16},{"not_picked":["Poisoned Stab","Crippling Poison"],"picked":"Blade Dance","floor":18},{"not_picked":["Acrobatics+1","Quick Slash"],"picked":"Blade Dance","floor":20},{"not_picked":["Reflex","Sucker Punch+1"],"picked":"Bane","floor":21},{"not_picked":["Quick Slash+1","Prepared"],"picked":"Sucker Punch+1","floor":23},{"not_picked":["Dagger Throw","Skewer+1"],"picked":"Prepared+1","floor":27},{"not_picked":["Caltrops+1","Calculated Gamble","Finisher"],"picked":"Singing Bowl","floor":29},{"not_picked":["Doppelganger","Malaise"],"picked":"Die Die Die","floor":33},{"not_picked":["Underhanded Strike","Sucker Punch"],"picked":"Footwork","floor":35},{"not_picked":["Underhanded Strike","Flying Knee+1","Dash"],"picked":"Singing Bowl","floor":38},{"not_picked":["Endless Agony","Escape Plan","Dagger Throw+1"],"picked":"Singing Bowl","floor":39},{"not_picked":["Underhanded Strike","Storm of Steel"],"picked":"Slice","floor":41},{"not_picked":["Bane","Quick Slash","Prepared"],"picked":"Singing Bowl","floor":42},{"not_picked":["Glass Knife","Dodge and Roll"],"picked":"Blur+1","floor":44},{"not_picked":["Deflect","Blade Dance"],"picked":"Backstab+1","floor":45},{"not_picked":["Dodge and Roll+1","Poisoned Stab+1"],"picked":"Footwork+1","floor":47},{"not_picked":["Dagger Spray","Deflect","Cloak And Dagger+1"],"picked":"Singing Bowl","floor":48}],"player_experience":336175,"relics_obtained":[{"floor":6,"key":"Snake Skull"},{"floor":8,"key":"Lizard Tail"},{"floor":9,"key":"Singing Bowl"},{"floor":11,"key":"Centennial Puzzle"},{"floor":23,"key":"War Paint"},{"floor":26,"key":"Ninja Scroll"},{"floor":27,"key":"StoneCalendar"},{"floor":30,"key":"Nilry\u0027s Codex"},{"floor":41,"key":"Pen Nib"},{"floor":41,"key":"Letter Opener"},{"floor":43,"key":"Bronze Scales"},{"floor":44,"key":"Pear"},{"floor":44,"key":"Frozen Egg 2"}],"event_choices":[{"damage_healed":0,"gold_gain":75,"player_choice":"Gather Gold","damage_taken":11,"max_hp_gain":0,"max_hp_loss":0,"event_name":"World of Goop","floor":3,"gold_loss":0},{"damage_healed":0,"gold_gain":0,"player_choice":"Take Wound","damage_taken":0,"relics_obtained":["Golden Idol"],"max_hp_gain":0,"max_hp_loss":0,"event_name":"Golden Idol","floor":4,"gold_loss":0,"cards_obtained":["Injury"]},{"damage_healed":0,"gold_gain":0,"player_choice":"0 cards matched","damage_taken":0,"max_hp_gain":0,"max_hp_loss":0,"event_name":"Match and Keep!","floor":5,"gold_loss":0,"cards_obtained":[]},{"damage_healed":23,"gold_gain":0,"player_choice":"Heal","damage_taken":0,"max_hp_gain":0,"max_hp_loss":0,"event_name":"The Library","floor":24,"gold_loss":0},{"damage_healed":0,"gold_gain":0,"player_choice":"Ignored","damage_taken":0,"max_hp_gain":0,"max_hp_loss":0,"event_name":"Ghosts","floor":25,"gold_loss":0},{"damage_healed":0,"gold_gain":0,"player_choice":"Obtained Book","damage_taken":16,"max_hp_gain":0,"max_hp_loss":0,"event_name":"Cursed Tome","floor":30,"gold_loss":0},{"damage_healed":0,"gold_gain":0,"player_choice":"Copied","damage_taken":0,"max_hp_gain":0,"max_hp_loss":0,"event_name":"Duplicator","floor":31,"gold_loss":0,"cards_obtained":["Envenom"]},{"damage_healed":0,"gold_gain":0,"player_choice":"Bought 0 Potions","damage_taken":0,"max_hp_gain":0,"max_hp_loss":0,"event_name":"The Woman in Blue","floor":37,"gold_loss":0}],"is_beta":false,"boss_relics":[{"not_picked":["Pandora\u0027s Box","SacredBark"],"picked":"WristBlade"},{"not_picked":["Runic Pyramid","HoveringKite"],"picked":"Black Star"}],"items_purged_floors":[46],"is_endless":false,"potions_floor_spawned":[6,8,13,14,18,29,33,35,42,45,47,48],"killed_by":"Donu and Deca","ascension_level":4}}