{"host":"iyvjjqtjrywxqc57","time":1609760919,"event":{"mods":["AchievementEnabler","BaseMod","Bestiary","Better Altar","Better Match","Better Note","Better Sensory Stone","Better Skull","Better Third Choice","Colored Map","Colored Powertips","Displayed Cursed Tome","Downfall","Jorbs\u0027s Wanderer Trilogy","Minty Spire (QoL Compilation)","Quick Restart","Rare Cards Sparkle","Relic Stats","StSLib"],"gold_per_floor":[116,27,127,141,153,181,181,197,222,241,241,241,241,270,270,375,425,445,445,458,470,470,470,480,500,525,537,537,537],"floor_reached":28,"playtime":2581,"items_purged":[],"score":257,"play_id":"76e6a74e-9f13-4fb7-95e2-1616b249b9aa","local_time":"20210104054839","is_ascension_mode":false,"campfire_choices":[{"data":"Blur","floor":7,"key":"SMITH"},{"data":"Blade Dance","floor":13,"key":"SMITH"},{"data":"Deadly Poison","floor":15,"key":"SMITH"},{"data":"expansioncontent:SuperHexaguard","floor":23,"key":"SMITH"}],"circlet_count":0,"master_deck":["Strike_G","Strike_G","Strike_G","Strike_G","Strike_G","Defend_G","Defend_G","Defend_G","Defend_G","Defend_G","Survivor","Neutralize+1","Deadly Poison+1","expansioncontent:SuperHexaguard+1","Finisher","Blur+1","Expertise","Blade Dance+1","Parasite","Sucker Punch","Burst","Acrobatics","Dagger Spray+1","Heel Hook+1","Infinite Blades","Blade Dance","Cloak And Dagger"],"relics":["Busted Crown","Pen Nib","PreservedInsect","Smiling Mask","Tiny House","Snake Skull"],"acts_visited":["Exordium","TheCity"],"potions_floor_usage":[6,16,16,16,21,28,28],"damage_taken":[{"damage":0,"enemies":"2 Louse","floor":1,"turns":2},{"damage":0,"enemies":"Cultist","floor":4,"turns":4},{"damage":0,"enemies":"Small Slimes","floor":5,"turns":4},{"damage":24,"enemies":"3 Sentries","floor":6,"turns":13},{"damage":0,"enemies":"3 Louse","floor":8,"turns":5},{"damage":0,"enemies":"Blue Slaver","floor":10,"turns":5},{"damage":0,"enemies":"Lagavulin","floor":14,"turns":4},{"damage":40,"enemies":"Slime Boss","floor":16,"turns":13},{"damage":0,"enemies":"Chosen","floor":18,"turns":3},{"damage":21,"enemies":"2 Thieves","floor":20,"turns":4},{"damage":6,"enemies":"Snecko","floor":21,"turns":5},{"damage":10,"enemies":"Snake Plant","floor":24,"turns":5},{"damage":0,"enemies":"3 Cultists","floor":25,"turns":3},{"damage":26,"enemies":"Centurion and Healer","floor":27,"turns":6},{"damage":13,"enemies":"Snake Plant","floor":28,"turns":1}],"seed_played":"1849898971293856824","potions_obtained":[{"floor":4,"key":"Dexterity Potion"},{"floor":6,"key":"Strength Potion"},{"floor":10,"key":"LiquidBronze"},{"floor":14,"key":"sneckomod:MuddlingPotion"},{"floor":17,"key":"GamblersBrew"},{"floor":20,"key":"Guardian:BlockOnCardUsePotion"},{"floor":24,"key":"Strength Potion"},{"floor":27,"key":"LiquidBronze"}],"is_trial":false,"path_per_floor":["M","$","?","M","M","E","R","M","T","M","?","?","R","E","R","B",null,"M","?","M","M","?","R","M","M","T","M","M"],"character_chosen":"THE_SILENT","items_purchased":["expansioncontent:SuperHexaguard"],"campfire_rested":0,"item_purchase_floors":[2],"current_hp_per_floor":[70,70,70,70,70,46,46,46,46,46,51,69,69,69,69,29,80,80,80,59,53,45,45,35,35,35,9,0,0],"gold":537,"neow_bonus":"BOSS_RELIC","is_daily":false,"chose_seed":false,"campfire_upgraded":4,"win_rate":0.0,"timestamp":1609760919,"path_taken":["M","$","?","M","?","E","R","M","T","M","?","?","R","E","R","BOSS","M","?","M","?","?","R","?","?","T","M","M"],"items_purchased_type":["Card"],"build_version":"2020-12-22","purchased_purges":0,"victory":false,"max_hp_per_floor":[70,70,70,70,70,70,70,70,70,70,75,75,75,75,75,75,80,80,80,80,80,80,80,80,80,80,80,80,80],"relic_stats":{"Busted Crown":30,"counters":[15,77],"Pen Nib":[14],"PreservedInsect":28,"Snake Skull":[1],"Smiling Mask":0,"obtain_stats":[{"Busted Crown":0,"Tiny House":17,"Pen Nib":6,"PreservedInsect":9,"Snake Skull":26,"Smiling Mask":14,"Ring of the Snake":0},{"Busted Crown":0,"Tiny House":8,"Pen Nib":4,"PreservedInsect":5,"Snake Skull":13,"Smiling Mask":7,"Ring of the Snake":0},{"Busted Crown":0,"Tiny House":50,"Pen Nib":23,"PreservedInsect":28,"Snake Skull":70,"Smiling Mask":37,"Ring of the Snake":0}]},"card_choices":[{"not_picked":[],"picked":"Deadly Poison","floor":1},{"not_picked":[],"picked":"Finisher","floor":4},{"not_picked":[],"picked":"Blur","floor":5},{"not_picked":[],"picked":"Expertise","floor":6},{"not_picked":["Flechettes"],"picked":"SKIP","floor":8},{"not_picked":[],"picked":"Blade Dance","floor":10},{"not_picked":[],"picked":"Sucker Punch","floor":14},{"not_picked":[],"picked":"Burst","floor":16},{"not_picked":[],"picked":"Acrobatics","floor":17},{"not_picked":[],"picked":"Dagger Spray","floor":18},{"not_picked":[],"picked":"Heel Hook+1","floor":20},{"not_picked":["Dagger Throw"],"picked":"SKIP","floor":21},{"not_picked":[],"picked":"Infinite Blades","floor":24},{"not_picked":[],"picked":"Blade Dance","floor":25},{"not_picked":[],"picked":"Cloak And Dagger","floor":27}],"player_experience":70637,"relics_obtained":[{"floor":6,"key":"Pen Nib"},{"floor":9,"key":"PreservedInsect"},{"floor":14,"key":"Smiling Mask"},{"floor":26,"key":"Snake Skull"}],"event_choices":[{"damage_healed":0,"gold_gain":100,"player_choice":"Pray","damage_taken":0,"max_hp_gain":0,"max_hp_loss":0,"event_name":"Golden Shrine","floor":3,"gold_loss":0},{"damage_healed":0,"gold_gain":0,"player_choice":"Donut","damage_taken":0,"max_hp_gain":5,"max_hp_loss":0,"event_name":"Big Fish","floor":11,"gold_loss":0},{"damage_healed":18,"gold_gain":0,"player_choice":"Healed and dodged fight","damage_taken":0,"max_hp_gain":0,"max_hp_loss":0,"event_name":"Mushrooms","floor":12,"gold_loss":0,"cards_obtained":["Parasite"]},{"damage_healed":0,"gold_gain":0,"player_choice":"Forge","damage_taken":0,"max_hp_gain":0,"max_hp_loss":0,"event_name":"Accursed Blacksmith","floor":19,"gold_loss":0,"cards_upgraded":["Dagger Spray"]},{"damage_healed":0,"gold_gain":0,"player_choice":"Damaged","damage_taken":8,"max_hp_gain":0,"max_hp_loss":0,"event_name":"Wheel of Change","floor":22,"gold_loss":0}],"is_beta":false,"boss_relics":[{"not_picked":["Calling Bell","Coffee Dripper"],"picked":"Tiny House"}],"items_purged_floors":[],"is_endless":false,"potions_floor_spawned":[4,6,10,14,20,24,27],"killed_by":"Snake Plant","ascension_level":0}}