{"host":"ayh4nqhr0ddw4ozv","time":1609735656,"event":{"mods":["BaseMod","Minty Spire (QoL Compilation)","Relic Stats","Replay The Spire","Robot Space Explorer","StSLib"],"gold_per_floor":[116,116,135,19,19,54,77,113,113,133,133,169,282,298,298,392,392,413,338,338,359,378,378,378,398,398,438,438,215,236,254,254,349,349,363,382,257,272,272,272,311,335,381,170,170,201,201,222,305,305,305,305,7,46,46,46],"floor_reached":55,"playtime":3199,"items_purged":["Pain","RobotSpaceExplorer:Strike","RobotSpaceExplorer:ShovelStrike","RobotSpaceExplorer:ToxicBomb","RobotSpaceExplorer:Multitool"],"score":1721,"play_id":"c1dea8cb-29f5-48a8-a5bd-87f8c51e1814","local_time":"20210103204736","is_ascension_mode":true,"campfire_choices":[{"data":"1","floor":11,"key":"LIFT"},{"floor":15,"key":"REST"},{"data":"2","floor":23,"key":"LIFT"},{"data":"3","floor":40,"key":"LIFT"},{"data":"RobotSpaceExplorer:Scanner","floor":45,"key":"SMITH"},{"floor":47,"key":"RECALL"},{"data":"RobotSpaceExplorer:Scan","floor":52,"key":"SMITH"}],"circlet_count":0,"master_deck":["AscendersBane","RobotSpaceExplorer:Defend+1","RobotSpaceExplorer:Scan+1","RobotSpaceExplorer:PlasmaMissile+1","RobotSpaceExplorer:ChargingLaser+1","RobotSpaceExplorer:FranticSearch+1","RobotSpaceExplorer:Jetpack+1","RobotSpaceExplorer:ChargingLaser+1","RobotSpaceExplorer:Counterblock+1","RobotSpaceExplorer:IronShell+1","RobotSpaceExplorer:SurgingStrike+1","RobotSpaceExplorer:FranticSearch+1","RobotSpaceExplorer:FranticSearch+1","RobotSpaceExplorer:Scanner+1","RobotSpaceExplorer:Accelerator"],"relics":["RobotSpaceExplorer:RoboCore","Golden Idol","Mercury Hourglass","FossilizedHelix","Girya","Replay:Bottled Eggs","Strawberry","Coffee Dripper","Incense Burner","Omamori","War Paint","Ring of Fangs","Ring of Misfortune","Kintsugi","Smiling Mask","Medical Kit","CeramicFish","Blood Vial"],"acts_visited":["Exordium","TheCity","TheBeyond","TheEnding"],"potions_floor_usage":[6,8,12,16,18,27,27,55,55],"damage_taken":[{"damage":0.0,"enemies":"Small Slimes","floor":1.0,"turns":4.0},{"damage":0.0,"enemies":"Jaw Worm","floor":3.0,"turns":3.0},{"damage":16,"enemies":"Gremlin Nob","floor":6,"turns":3},{"damage":5,"enemies":"2 Louse","floor":7,"turns":2},{"damage":22,"enemies":"Replay:BlueRogue","floor":8,"turns":5},{"damage":2,"enemies":"Large Slime","floor":10,"turns":5},{"damage":0,"enemies":"3 Sentries","floor":12,"turns":6},{"damage":9,"enemies":"Lots of Slimes","floor":14,"turns":2},{"damage":5,"enemies":"Slime Boss","floor":16,"turns":8},{"damage":24,"enemies":"Chosen","floor":18,"turns":5},{"damage":0,"enemies":"Spheric Guardian","floor":21,"turns":3},{"damage":13,"enemies":"Shelled Parasite and Fungi","floor":22,"turns":4},{"damage":16,"enemies":"Snake Plant","floor":25,"turns":5},{"damage":0,"enemies":"Slavers","floor":27,"turns":5},{"damage":0,"enemies":"Chosen and Byrds","floor":30,"turns":5},{"damage":0,"enemies":"Cultist and Chosen","floor":31,"turns":4},{"damage":1,"enemies":"Automaton","floor":33,"turns":11},{"damage":0,"enemies":"Orb Walker","floor":35,"turns":3},{"damage":0,"enemies":"3 Shapes","floor":36,"turns":4},{"damage":0,"enemies":"3 Darklings","floor":38,"turns":4},{"damage":0,"enemies":"Giant Head","floor":41,"turns":5},{"damage":0,"enemies":"Sphere and 2 Shapes","floor":42,"turns":4},{"damage":0,"enemies":"Reptomancer","floor":46,"turns":4},{"damage":0,"enemies":"Writhing Mass","floor":48,"turns":4},{"damage":0,"enemies":"Donu and Deca","floor":50,"turns":5},{"damage":0,"enemies":"Shield and Spear","floor":54,"turns":4},{"damage":73,"enemies":"The Heart","floor":55,"turns":6}],"seed_played":"3891961221971189163","potions_obtained":[{"floor":6,"key":"AttackPotion"},{"floor":8,"key":"EssenceOfSteel"},{"floor":12,"key":"Adrenaline Potion"},{"floor":14,"key":"Swift Potion"},{"floor":21,"key":"SkillPotion"},{"floor":22,"key":"FearPotion"},{"floor":31,"key":"Flashbang"}],"is_trial":false,"path_per_floor":["M","?","M","$","?","E","M","E","T","M","R","E","?","M","R","B",null,"M","$","?","M","M","R","T","M","T","E","?","$","M","M","R","B",null,"M","M","$","M","?","R","E","M","T","$","R","E","R","M","R","B",null,"R","$","E","B"],"character_chosen":"RobotSpaceExplorer","items_purchased":["RobotSpaceExplorer:PlasmaMissile+1","SteroidPotion","RobotSpaceExplorer:SurgingStrike+1","Toxic Potion","Medical Kit","RobotSpaceExplorer:Accelerator","Doom Potion"],"campfire_rested":1,"item_purchase_floors":[4,4,29,29,44,53,53],"current_hp_per_floor":[64,64,64,64,64,48,43,21,21,19,19,19,26,17,38,33,62,38,38,38,38,25,25,25,9,9,9,9,9,9,9,30,29,61,61,61,61,61,61,61,61,61,61,61,61,61,61,61,61,61,69,69,69,69,0,0],"gold":46,"neow_bonus":"RANDOM_EVENT","is_daily":false,"chose_seed":false,"campfire_upgraded":2,"win_rate":0.0,"timestamp":1609735656,"path_taken":["M","?","M","$","?","E","M","E","T","M","R","E","?","M","R","BOSS","M","$","?","M","M","R","?","M","T","E","?","$","?","M","R","BOSS","M","M","$","M","?","R","E","M","T","$","R","E","R","M","R","BOSS","R","$","E","BOSS"],"items_purchased_type":["Card","Potion","Card","Potion","Relic","Card","Potion"],"build_version":"2020-12-22","purchased_purges":5,"victory":false,"max_hp_per_floor":[71,64,64,64,64,64,64,64,64,64,64,64,71,71,71,71,71,71,71,71,71,71,71,71,71,71,71,71,71,71,71,71,71,71,71,71,71,71,71,71,71,71,71,71,71,71,71,71,71,71,71,71,71,71,71,71],"relic_stats":{"Blood Vial":2,"counters":[27,122],"Golden Idol":207,"CeramicFish":9,"War Paint":["RobotSpaceExplorer:Jetpack","RobotSpaceExplorer:IronShell"],"Smiling Mask":225,"Medical Kit":[7],"obtain_stats":[{"Girya":9,"Golden Idol":2,"CeramicFish":46,"RobotSpaceExplorer:RoboCore":0,"Incense Burner":24,"Omamori":26,"War Paint":27,"Smiling Mask":41,"Medical Kit":44,"Mercury Hourglass":6,"Blood Vial":54,"Ring of Fangs":28,"Strawberry":13,"Ring of Misfortune":28,"Coffee Dripper":17,"Replay:Bottled Eggs":12,"Kintsugi":34,"FossilizedHelix":8},{"Girya":5,"Golden Idol":1,"CeramicFish":23,"RobotSpaceExplorer:RoboCore":0,"Incense Burner":12,"Omamori":13,"War Paint":14,"Smiling Mask":21,"Medical Kit":22,"Mercury Hourglass":3,"Blood Vial":26,"Ring of Fangs":14,"Strawberry":7,"Ring of Misfortune":14,"Coffee Dripper":9,"Replay:Bottled Eggs":7,"Kintsugi":17,"FossilizedHelix":5},{"Girya":17,"Golden Idol":4,"CeramicFish":103,"RobotSpaceExplorer:RoboCore":0,"Incense Burner":49,"Omamori":54,"War Paint":59,"Smiling Mask":95,"Medical Kit":99,"Mercury Hourglass":10,"Blood Vial":116,"Ring of Fangs":59,"Strawberry":28,"Ring of Misfortune":59,"Coffee Dripper":37,"Replay:Bottled Eggs":28,"Kintsugi":79,"FossilizedHelix":17}],"Mercury Hourglass":[466]},"card_choices":[{"not_picked":["RobotSpaceExplorer:MetalStrike","RobotSpaceExplorer:PowerGlove"],"picked":"RobotSpaceExplorer:ShovelStrike","floor":1.0},{"not_picked":["RobotSpaceExplorer:MiniDrones","RobotSpaceExplorer:MakeshiftVolley"],"picked":"RobotSpaceExplorer:ToxicBomb","floor":3.0},{"not_picked":["RobotSpaceExplorer:GlueShot","RobotSpaceExplorer:ShockKick","RobotSpaceExplorer:MiniDrones"],"picked":"SKIP","floor":6},{"not_picked":["RobotSpaceExplorer:Pulsar","RobotSpaceExplorer:LaserBurst","RobotSpaceExplorer:ShovelStrike"],"picked":"SKIP","floor":7},{"not_picked":["RobotSpaceExplorer:ScrapShield","RobotSpaceExplorer:ScrapToss"],"picked":"RobotSpaceExplorer:ChargingLaser","floor":8},{"not_picked":["RobotSpaceExplorer:Probe","RobotSpaceExplorer:MiniDrones","RobotSpaceExplorer:MiniBoosters"],"picked":"SKIP","floor":10},{"not_picked":["RobotSpaceExplorer:MetalStrike","RobotSpaceExplorer:GearShield","RobotSpaceExplorer:TurboDodge"],"picked":"SKIP","floor":12},{"not_picked":["RobotSpaceExplorer:FrostMissile","RobotSpaceExplorer:LaserBurst"],"picked":"RobotSpaceExplorer:FranticSearch","floor":13},{"not_picked":["RobotSpaceExplorer:MiniBoosters","RobotSpaceExplorer:GlueShot"],"picked":"RobotSpaceExplorer:Jetpack","floor":14},{"not_picked":["RobotSpaceExplorer:Comet","RobotSpaceExplorer:DroneSwarm"],"picked":"RobotSpaceExplorer:Multitool","floor":16},{"not_picked":["RobotSpaceExplorer:FreezeRay","RobotSpaceExplorer:Pulsar","RobotSpaceExplorer:Counterblock"],"picked":"SKIP","floor":18},{"not_picked":["RobotSpaceExplorer:Pulsar","RobotSpaceExplorer:SlimeMissile"],"picked":"RobotSpaceExplorer:Counterblock+1","floor":21},{"not_picked":["RobotSpaceExplorer:SurgingStrike","RobotSpaceExplorer:GlueSpray","RobotSpaceExplorer:Reload"],"picked":"SKIP","floor":22},{"not_picked":["RobotSpaceExplorer:Blitz+1","RobotSpaceExplorer:Ammunition","RobotSpaceExplorer:ToxicBomb"],"picked":"SKIP","floor":25},{"not_picked":["RobotSpaceExplorer:ScrapMissile+1","RobotSpaceExplorer:DoubleFind"],"picked":"RobotSpaceExplorer:IronShell","floor":27},{"not_picked":["RobotSpaceExplorer:MetalStrike+1","RobotSpaceExplorer:ScrapMissile","RobotSpaceExplorer:PowerGlove"],"picked":"SKIP","floor":30},{"not_picked":["RobotSpaceExplorer:ShockKick","RobotSpaceExplorer:RigExplosive"],"picked":"RobotSpaceExplorer:FranticSearch+1","floor":31},{"not_picked":["RobotSpaceExplorer:Asteroid","RobotSpaceExplorer:Multitool"],"picked":"RobotSpaceExplorer:Wormhole","floor":33},{"not_picked":["RobotSpaceExplorer:ShockKick","RobotSpaceExplorer:Probe"],"picked":"RobotSpaceExplorer:FranticSearch+1","floor":35},{"not_picked":["RobotSpaceExplorer:ShockKick","RobotSpaceExplorer:Discharger","RobotSpaceExplorer:SwiftStep+1"],"picked":"SKIP","floor":36},{"not_picked":["RobotSpaceExplorer:MiniDrones","RobotSpaceExplorer:ImprovisedAttack","RobotSpaceExplorer:LuckyStrike"],"picked":"SKIP","floor":38},{"not_picked":["RobotSpaceExplorer:Counterblock","RobotSpaceExplorer:FrostMissile+1","RobotSpaceExplorer:PlasmaMissile"],"picked":"SKIP","floor":41},{"not_picked":["RobotSpaceExplorer:TurboDodge","RobotSpaceExplorer:SlimeMissile+1"],"picked":"RobotSpaceExplorer:Scanner","floor":42},{"not_picked":["RobotSpaceExplorer:ShockKick","RobotSpaceExplorer:SurgingShield","RobotSpaceExplorer:Counterblock"],"picked":"SKIP","floor":46},{"not_picked":["RobotSpaceExplorer:Pulsar","RobotSpaceExplorer:IronShell+1","RobotSpaceExplorer:ShovelStrike"],"picked":"SKIP","floor":48},{"not_picked":["RobotSpaceExplorer:PowerCollector","RobotSpaceExplorer:BigMissile+1","RobotSpaceExplorer:Pulsar+1"],"picked":"SKIP","floor":54}],"player_experience":285336,"relics_obtained":[{"floor":6,"key":"Mercury Hourglass"},{"floor":8,"key":"FossilizedHelix"},{"floor":9,"key":"Girya"},{"floor":12,"key":"Replay:Bottled Eggs"},{"floor":13,"key":"Strawberry"},{"floor":24,"key":"Incense Burner"},{"floor":26,"key":"Omamori"},{"floor":27,"key":"War Paint"},{"floor":28,"key":"Ring of Fangs"},{"floor":28,"key":"Ring of Misfortune"},{"floor":41,"key":"Smiling Mask"},{"floor":46,"key":"CeramicFish"},{"floor":54,"key":"Blood Vial"}],"event_choices":[{"damage_healed":0.0,"max_hp_gain":0.0,"max_hp_loss":7.0,"gold_gain":0.0,"event_name":"Golden Idol","player_choice":"Lose Max HP","floor":2.0,"gold_loss":0.0,"damage_taken":0.0,"relics_obtained":["Golden Idol"]},{"damage_healed":0,"gold_gain":0,"cards_transformed":["RobotSpaceExplorer:Strike","RobotSpaceExplorer:Defend"],"player_choice":"Became Test Subject","damage_taken":0,"max_hp_gain":0,"max_hp_loss":0,"event_name":"Drug Dealer","floor":20,"gold_loss":0,"cards_obtained":["RobotSpaceExplorer:Discharger","RobotSpaceExplorer:ChargingLaser"]},{"damage_healed":0,"gold_gain":0,"player_choice":"Ignored","damage_taken":0,"max_hp_gain":0,"max_hp_loss":0,"event_name":"Tomb of Lord Red Mask","floor":39,"gold_loss":0}],"is_beta":false,"boss_relics":[{"not_picked":["SlaversCollar","Sozu"],"picked":"Coffee Dripper"},{"not_picked":["Ring of Chaos","Fusion Hammer"],"picked":"Kintsugi"}],"items_purged_floors":[19,29,37,44,53],"is_endless":false,"potions_floor_spawned":[6,8,12,14,21,22,31,35,36,38],"killed_by":"The Heart","ascension_level":16}}