{"host":"8hy8aczuekhxmmq8","time":1609742445,"event":{"mods":["Act Like it!","BaseMod","Colored Map","Colored Powertips","DeckTracker","FoggyMod","Gensokyo","Minty Spire (QoL Compilation)","Quick Restart","StSLib","SuperFastMode","Yakumo Yukari mod"],"gold_per_floor":[134,34,44,44,44,44,76,76,76,176,195,211,135,154,154,154,154],"floor_reached":16,"playtime":503,"items_purged":[],"score":175,"play_id":"71802737-6325-44ff-9fa2-d911c6cf5207","local_time":"20210104154045","is_ascension_mode":false,"campfire_choices":[{"data":"ButterflyHabitatTemple_purple","floor":6,"key":"SMITH"},{"data":"WeekHit_purple","floor":8,"key":"SMITH"},{"data":"SfantasyHide_purple","floor":15,"key":"SMITH"}],"circlet_count":0,"master_deck":["AT_purpleEX","AT_purpleEX","AT_purpleEX","AT_purpleEX","Defend_purpleEX","Defend_purpleEX","Defend_purpleEX","Defend_purpleEX","Observe_purple_1","Observe_purple_2","ButterflyHabitatTemple_purple+1","WeekHit_purple+1","PurpleNeedle_purple","SharpContractionReality_purple","SfantasyHide_purple+1"],"relics":["Boundary_crack","Memoryfragments_purpleEX","NeowsBlessing","Pear","Happy Flower","Strawberry","Singing Bowl","Ornamental Fan"],"acts_visited":["Exordium"],"potions_floor_usage":[],"damage_taken":[{"damage":0,"enemies":"Gensokyo:3_Fairies","floor":1,"turns":2},{"damage":0,"enemies":"Gensokyo:Gryphon","floor":3,"turns":1},{"damage":21,"enemies":"Gensokyo:Cirno","floor":7,"turns":2},{"damage":4,"enemies":"Gensokyo:2_Kodama","floor":11,"turns":5},{"damage":2,"enemies":"Gensokyo:5_Fairies","floor":12,"turns":5},{"damage":8,"enemies":"Gensokyo:Python_and_Kodama","floor":14,"turns":5},{"damage":46,"enemies":"Gensokyo:Yukari","floor":16,"turns":12}],"seed_played":"2506578042527045405","potions_obtained":[{"floor":1,"key":"Energy Potion"},{"floor":7,"key":"Dexterity Potion"},{"floor":12,"key":"DistilledChaos"}],"is_trial":false,"path_per_floor":["M","?","M","?","?","R","E","R","T","?","M","M","$","M","R","B"],"character_chosen":"Youkari","items_purchased":["SharpContractionReality_purple","SfantasyHide_purple"],"campfire_rested":0,"item_purchase_floors":[13,13],"current_hp_per_floor":[70,80,80,80,71,71,51,51,51,51,49,50,50,45,45,0,0],"gold":154,"neow_bonus":"THREE_ENEMY_KILL","is_daily":false,"chose_seed":false,"campfire_upgraded":3,"win_rate":0.0,"timestamp":1609742445,"path_taken":["M","?","?","?","?","R","E","R","T","?","?","?","?","?","R","BOSS"],"items_purchased_type":["Card","Card"],"build_version":"2020-12-22","purchased_purges":0,"victory":false,"max_hp_per_floor":[70,80,80,80,87,87,87,87,87,87,87,89,89,91,91,91,91],"card_choices":[{"not_picked":["WingOfChimera_purple","DimensionStaggered_purple"],"picked":"ButterflyHabitatTemple_purple","floor":1},{"not_picked":["Mirror_Drifter_purple","StateDuplicate_purple"],"picked":"SharpContractionReality_purple","floor":3},{"not_picked":["StretchesForeverDream_purple","AdvanceAttack_purple"],"picked":"WeekHit_purple","floor":7},{"not_picked":["Line_surface_state_purple","Umbrella_purple"],"picked":"PurpleNeedle_purple","floor":11},{"not_picked":["MNeedle_purple","StateErode_purple","MonsterNeedle_purple"],"picked":"Singing Bowl","floor":12},{"not_picked":["StateErode_purple","AdvanceAttack_purple","Erosivefilter_purple"],"picked":"Singing Bowl","floor":14}],"player_experience":44023,"relics_obtained":[{"floor":7,"key":"Singing Bowl"},{"floor":9,"key":"Ornamental Fan"}],"event_choices":[],"is_beta":false,"boss_relics":[],"items_purged_floors":[],"is_endless":false,"potions_floor_spawned":[1,7,12,14],"killed_by":"Gensokyo:Yukari","ascension_level":0}}