{"host":"cv77zuuuekizn3ic","time":1609748922,"event":{"mods":["AchievementEnabler","BaseMod","Marisa£®ÏF”Í°°ƒß¿Ì…≥£©","Minty Spire (QoL Compilation)","StSLib","Waifu the Spire","everything is the same but u backflip on backflip","slay the spire mod where everything is the same but ironclad has a cowboy hat"],"gold_per_floor":[117,134,134,134,134,170,194,238,238,238,252,87,87,163,163,286,286,310,324,324,324,85,85,85,85],"floor_reached":24,"playtime":646,"items_purged":["Strike_B","Strike_B"],"score":329,"play_id":"b43bca7f-5a4e-44b3-ae66-927996b974bf","local_time":"20210104162842","is_ascension_mode":true,"campfire_choices":[{"data":"Zap","floor":10.0,"key":"SMITH"},{"data":"Dualcast","floor":15.0,"key":"SMITH"},{"data":"Buffer","floor":23,"key":"SMITH"}],"circlet_count":0,"master_deck":["Strike_B+1","Strike_B","Defend_B","Defend_B","Defend_B","Zap+1","Dualcast+1","Sweeping Beam","Ball Lightning+1","Turbo","All For One","Impatience+1","Loop","Buffer+1","Steam Power+1","RitualDagger","Amplify+1"],"relics":["Cracked Core","NeowsBlessing","Golden Idol","InkBottle","Toxic Egg 2","Matryoshka","Tiny Chest","Cables","Letter Opener","Runic Pyramid"],"acts_visited":["Exordium","TheCity"],"potions_floor_usage":[18],"damage_taken":[{"damage":0.0,"enemies":"Jaw Worm","floor":1.0,"turns":1.0},{"damage":0.0,"enemies":"Small Slimes","floor":2.0,"turns":1.0},{"damage":0.0,"enemies":"Lagavulin","floor":6.0,"turns":1.0},{"damage":1.0,"enemies":"Cultist","floor":7.0,"turns":3.0},{"damage":18.0,"enemies":"Gremlin Nob","floor":8.0,"turns":3.0},{"damage":0.0,"enemies":"Red Slaver","floor":11.0,"turns":2.0},{"damage":10.0,"enemies":"3 Sentries","floor":14.0,"turns":3.0},{"damage":13.0,"enemies":"The Guardian","floor":16.0,"turns":6.0},{"damage":23,"enemies":"Shell Parasite","floor":18,"turns":3},{"damage":0,"enemies":"Spheric Guardian","floor":19,"turns":2},{"damage":34,"enemies":"Slavers","floor":24,"turns":1}],"seed_played":"-4113770575836945329","potions_obtained":[{"floor":2.0,"key":"Ancient Potion"},{"floor":11.0,"key":"Weak Potion"},{"floor":14.0,"key":"EssenceOfSteel"},{"floor":16.0,"key":"LiquidMemories"},{"floor":18,"key":"Strength Potion"}],"is_trial":false,"path_per_floor":["M","M","?","?","?","E","M","E","T","R","M","$","T","?","R","B",null,"M","M","?","?","$","R","E"],"character_chosen":"DEFECT","items_purchased":["Impatience+1","Amplify+1"],"campfire_rested":0,"item_purchase_floors":[12,22],"current_hp_per_floor":[68,68,53,53,53,53,52,34,34,34,34,34,34,24,24,11,55,32,32,26,26,26,26,0,0],"gold":85,"neow_bonus":"THREE_ENEMY_KILL","is_daily":false,"chose_seed":false,"campfire_upgraded":3,"win_rate":0.0,"timestamp":1609748922,"path_taken":["M","M","?","?","?","E","?","E","T","R","M","$","?","?","R","BOSS","M","M","?","?","$","R","E"],"items_purchased_type":["Card","Card"],"build_version":"2020-12-22","purchased_purges":2,"victory":false,"max_hp_per_floor":[75,75,75,69,69,69,69,69,69,69,69,69,69,69,69,69,69,69,69,69,69,69,69,69,69],"card_choices":[{"not_picked":["Rebound","Conserve Battery"],"picked":"Sweeping Beam","floor":1.0},{"not_picked":["Static Discharge","Cold Snap"],"picked":"Ball Lightning","floor":2.0},{"not_picked":["Go for the Eyes","Self Repair"],"picked":"All For One","floor":6.0},{"not_picked":["Conserve Battery","Aggregate","Rebound"],"picked":"SKIP","floor":7.0},{"not_picked":["Blizzard","Conserve Battery+1","Doom and Gloom"],"picked":"SKIP","floor":8.0},{"not_picked":["Storm","Steam+1","Ball Lightning"],"picked":"SKIP","floor":11.0},{"not_picked":["Rebound","Compile Driver"],"picked":"Loop","floor":14.0},{"not_picked":["Meteor Strike","Fission+1"],"picked":"Buffer","floor":16.0},{"not_picked":["Rebound+1","Chill+1"],"picked":"Steam Power+1","floor":18},{"not_picked":["Coolheaded+1","FTL","Hologram+1"],"picked":"SKIP","floor":19}],"player_experience":708617,"relics_obtained":[{"floor":6.0,"key":"InkBottle"},{"floor":8.0,"key":"Toxic Egg 2"},{"floor":9.0,"key":"Matryoshka"},{"floor":13.0,"key":"Tiny Chest"},{"floor":13.0,"key":"Cables"},{"floor":14.0,"key":"Letter Opener"}],"event_choices":[{"damage_healed":0.0,"max_hp_gain":0.0,"max_hp_loss":0.0,"gold_gain":0.0,"event_name":"Shining Light","player_choice":"Entered Light","floor":3.0,"gold_loss":0.0,"damage_taken":15.0,"cards_upgraded":["Strike_B","Ball Lightning"]},{"damage_healed":0.0,"max_hp_gain":0.0,"max_hp_loss":6.0,"gold_gain":0.0,"event_name":"Golden Idol","player_choice":"Lose Max HP","floor":4.0,"gold_loss":0.0,"damage_taken":0.0,"relics_obtained":["Golden Idol"]},{"damage_healed":0.0,"max_hp_gain":0.0,"max_hp_loss":0.0,"gold_gain":0.0,"cards_transformed":["Defend_B"],"event_name":"Transmorgrifier","player_choice":"Transformed","floor":5.0,"gold_loss":0.0,"damage_taken":0.0,"cards_obtained":["Turbo"]},{"damage_healed":0.0,"max_hp_gain":0.0,"max_hp_loss":0.0,"gold_gain":0.0,"event_name":"Dead Adventurer","player_choice":"Searched \u00272\u0027 times","floor":14.0,"gold_loss":0.0,"damage_taken":0.0},{"damage_healed":0,"gold_gain":0,"player_choice":"Joined the Cult","damage_taken":6,"max_hp_gain":0,"max_hp_loss":0,"event_name":"Nest","floor":20,"gold_loss":0,"cards_obtained":["RitualDagger"]},{"damage_healed":0,"gold_gain":0,"player_choice":"Ignored","damage_taken":0,"max_hp_gain":0,"max_hp_loss":0,"event_name":"Vampires","floor":21,"gold_loss":0}],"is_beta":false,"boss_relics":[{"not_picked":["Velvet Choker","FrozenCore"],"picked":"Runic Pyramid"}],"items_purged_floors":[12,22],"is_endless":false,"potions_floor_spawned":[2,11,14,16,18],"killed_by":"Slavers","ascension_level":9}}