{"host":"8i4doyxqctgl5qb0","time":1609774877,"event":{"mods":["AchievementEnabler","BaseMod","Block Reminder","Colored Powertips","Downfall","Marisa£®ÏF”Í°°ƒß¿Ì…≥£©","Minty Spire (QoL Compilation)","Permanent Neow","Potion Indicator Mod","Rare Cards Sparkle","StSLib","SuperFastMode"],"gold_per_floor":[16,16,35,52,52,52,85,10,10,10,40,58,58,33,33,138,138,156,167,167,167,185,185,196,196,196,196,196,196,196,211,211,312,362,381,381,436,436,35,69,69,69,144,144,44,56,68,82,82,82],"floor_reached":51,"playtime":1612,"items_purged":["Strike_G","Wraith"],"score":857,"play_id":"739a8fcc-7055-4887-9a73-d929002dd255","local_time":"20210104234117","is_ascension_mode":true,"campfire_choices":[{"data":"Neutralize","floor":6.0,"key":"SMITH"},{"data":"Sucker Punch","floor":10.0,"key":"SMITH"},{"data":"Malaise","floor":13.0,"key":"SMITH"},{"data":"Dash","floor":15.0,"key":"SMITH"},{"data":"J.A.X.","floor":23.0,"key":"SMITH"},{"floor":25.0,"key":"REST"},{"data":"Footwork","floor":28.0,"key":"SMITH"},{"data":"Footwork","floor":32.0,"key":"SMITH"},{"data":"1","floor":44.0,"key":"LIFT"},{"data":"2","floor":49.0,"key":"LIFT"}],"circlet_count":0,"master_deck":["Strike_G+1","Strike_G+1","Strike_G+1","Strike_G+1","Defend_G+1","Defend_G+1","Defend_G+1","Survivor","Neutralize+1","Caltrops","Sucker Punch+1","Dagger Spray","Dash+1","All Out Attack","Malaise+1","Dagger Spray","After Image","Footwork+1","Footwork+1","Slimebound:CheckThePlaybook","Slimebound:Icky","J.A.X.+1","Distraction+1","Dagger Spray","Cloak And Dagger+1","Venomology","Well Laid Plans","Blade Dance"],"relics":["Ring of the Snake","Lizard Tail","Paper Crane","Centennial Puzzle","Pantograph","Strawberry","Busted Crown","Shuriken","Tiny House","FossilizedHelix","Eternal Feather","Boot","Girya","Bottled Lightning"],"acts_visited":["Exordium","TheCity","TheBeyond"],"potions_floor_usage":[50,50,50,50],"damage_taken":[{"damage":0.0,"enemies":"2 Louse","floor":1.0,"turns":4.0},{"damage":1.0,"enemies":"Cultist","floor":3.0,"turns":4.0},{"damage":5.0,"enemies":"Small Slimes","floor":4.0,"turns":4.0},{"damage":14.0,"enemies":"Gremlin Nob","floor":7.0,"turns":5.0},{"damage":15.0,"enemies":"3 Sentries","floor":11.0,"turns":5.0},{"damage":0.0,"enemies":"Blue Slaver","floor":12.0,"turns":4.0},{"damage":13.0,"enemies":"Hexaghost","floor":16.0,"turns":11.0},{"damage":0.0,"enemies":"3 Byrds","floor":18.0,"turns":4.0},{"damage":6.0,"enemies":"2 Thieves","floor":19.0,"turns":4.0},{"damage":8.0,"enemies":"Shelled Parasite and Fungi","floor":22.0,"turns":6.0},{"damage":24.0,"enemies":"Snake Plant","floor":24.0,"turns":3.0},{"damage":0.0,"enemies":"Snecko","floor":31.0,"turns":5.0},{"damage":59.0,"enemies":"Automaton","floor":33.0,"turns":9.0},{"damage":9.0,"enemies":"Orb Walker","floor":35.0,"turns":4.0},{"damage":26.0,"enemies":"2 Orb Walkers","floor":37.0,"turns":6.0},{"damage":16.0,"enemies":"Giant Head","floor":40.0,"turns":8.0},{"damage":6.0,"enemies":"3 Shapes","floor":46.0,"turns":3.0},{"damage":7.0,"enemies":"Spire Growth","floor":47.0,"turns":7.0},{"damage":0.0,"enemies":"Jaw Worm Horde","floor":48.0,"turns":4.0},{"damage":77,"enemies":"Donu and Deca","floor":50,"turns":10}],"seed_played":"6780974387735358120","potions_obtained":[{"floor":1.0,"key":"Poison Potion"},{"floor":4.0,"key":"Swift Potion"},{"floor":7.0,"key":"Fire Potion"},{"floor":24.0,"key":"LiquidMemories"},{"floor":34.0,"key":"PowerPotion"},{"floor":35.0,"key":"LiquidMemories"},{"floor":48.0,"key":"Block Potion"}],"is_trial":false,"path_per_floor":["M","?","M","M","T","R","E","$","T","R","E","M","R","$","R","B",null,"M","M","?","?","M","R","M","R","T","?","R","?","?","M","R","B",null,"M","?","?","?","$","E","$","?","T","R","$","M","M","M","R","B",null],"character_chosen":"THE_SILENT","items_purchased":["Dagger Spray","Eternal Feather","Boot"],"campfire_rested":1,"item_purchase_floors":[14,39,39],"current_hp_per_floor":[70,70,69,64,64,64,50,50,50,50,42,42,42,42,42,54,77,77,71,71,71,63,63,39,62,62,62,62,48,48,48,48,14,87,78,78,52,52,52,36,36,36,36,51,51,45,38,38,53,1],"gold":82,"neow_bonus":"ONE_RARE_RELIC","is_daily":false,"chose_seed":false,"campfire_upgraded":7,"win_rate":0.0,"timestamp":1609774877,"path_taken":["M","?","M","?","?","R","E","$","T","R","E","M","R","$","R","BOSS","M","M","?","?","M","R","M","R","T","?","R","?","?","?","R","BOSS","M","?","?","?","$","E","$","?","T","R","?","M","M","?","R","BOSS"],"items_purchased_type":["Card","Relic","Relic"],"build_version":"2020-12-22","purchased_purges":2,"victory":true,"max_hp_per_floor":[70,70,70,70,70,70,70,70,70,70,77,77,77,77,77,77,77,77,77,77,77,77,77,77,77,77,77,77,82,82,82,82,82,87,87,87,87,87,87,87,87,87,87,87,87,87,87,87,87,87],"card_choices":[{"not_picked":["Quick Slash","Prepared"],"picked":"Caltrops","floor":1.0},{"not_picked":["Distraction","Acrobatics"],"picked":"Sucker Punch","floor":3.0},{"not_picked":["Blade Dance","Noxious Fumes"],"picked":"Dagger Spray","floor":4.0},{"not_picked":["Acrobatics","Terror"],"picked":"Dash","floor":7.0},{"not_picked":["Bane","Deadly Poison"],"picked":"All Out Attack","floor":11.0},{"not_picked":["Outmaneuver","Slice"],"picked":"Malaise","floor":12.0},{"not_picked":["Envenom","Unload"],"picked":"After Image","floor":16.0},{"not_picked":[],"picked":"Footwork","floor":18.0},{"not_picked":[],"picked":"Footwork","floor":19.0},{"not_picked":["Quick Slash"],"picked":"SKIP","floor":22.0},{"not_picked":[],"picked":"Distraction+1","floor":24.0},{"not_picked":[],"picked":"Cloak And Dagger","floor":31.0},{"not_picked":[],"picked":"Venomology","floor":33.0},{"not_picked":[],"picked":"Well Laid Plans","floor":35.0},{"not_picked":["Underhanded Strike"],"picked":"SKIP","floor":40.0},{"not_picked":["Dagger Throw"],"picked":"SKIP","floor":46.0},{"not_picked":[],"picked":"Blade Dance","floor":47.0},{"not_picked":["Well Laid Plans"],"picked":"SKIP","floor":48.0}],"player_experience":65037,"relics_obtained":[{"floor":5.0,"key":"Paper Crane"},{"floor":7.0,"key":"Centennial Puzzle"},{"floor":9.0,"key":"Pantograph"},{"floor":11.0,"key":"Strawberry"},{"floor":26.0,"key":"Shuriken"},{"floor":37.0,"key":"FossilizedHelix"},{"floor":40.0,"key":"Girya"},{"floor":43.0,"key":"Bottled Lightning"}],"event_choices":[{"cards_removed":["Defend_G"],"damage_healed":0.0,"max_hp_gain":0.0,"max_hp_loss":0.0,"gold_gain":0.0,"event_name":"Bonfire Elementals","player_choice":"Offered Basic","floor":2.0,"gold_loss":0.0,"damage_taken":0.0},{"damage_healed":0.0,"max_hp_gain":0.0,"max_hp_loss":0.0,"gold_gain":0.0,"event_name":"Drug Dealer","player_choice":"Obtain J.A.X.","floor":21.0,"gold_loss":0.0,"damage_taken":0.0,"cards_obtained":["J.A.X."]},{"damage_healed":0.0,"max_hp_gain":0.0,"max_hp_loss":0.0,"gold_gain":0.0,"event_name":"The Library","player_choice":"Read","floor":27.0,"gold_loss":0.0,"damage_taken":0.0,"cards_obtained":["Dagger Spray"]},{"damage_healed":0.0,"max_hp_gain":5.0,"max_hp_loss":0.0,"gold_gain":0.0,"event_name":"Forgotten Altar","player_choice":"Shed Blood","floor":29.0,"gold_loss":0.0,"damage_taken":19.0},{"damage_healed":0.0,"max_hp_gain":0.0,"max_hp_loss":0.0,"gold_gain":0.0,"event_name":"Back to Basics","player_choice":"Simplicity","floor":30.0,"gold_loss":0.0,"damage_taken":0.0,"cards_upgraded":["Strike_G","Strike_G","Strike_G","Strike_G","Defend_G","Defend_G","Defend_G","Defend_G"]},{"damage_healed":0.0,"max_hp_gain":0.0,"max_hp_loss":0.0,"gold_gain":0.0,"event_name":"Tomb of Lord Red Mask","player_choice":"Ignored","floor":36.0,"gold_loss":0.0,"damage_taken":0.0},{"damage_healed":0.0,"max_hp_gain":0.0,"max_hp_loss":0.0,"gold_gain":0.0,"event_name":"Mysterious Sphere","player_choice":"Fight","floor":37.0,"gold_loss":0.0,"damage_taken":0.0},{"cards_removed":["Defend_G"],"damage_healed":0.0,"max_hp_gain":0.0,"max_hp_loss":0.0,"gold_gain":0.0,"event_name":"Falling","player_choice":"Removed Skill","floor":38.0,"gold_loss":0.0,"damage_taken":0.0},{"damage_healed":0.0,"max_hp_gain":0.0,"max_hp_loss":0.0,"gold_gain":0.0,"event_name":"OrinTheCat","player_choice":"Ignored","floor":42.0,"gold_loss":0.0,"damage_taken":0.0}],"is_beta":false,"boss_relics":[{"not_picked":["Runic Pyramid","HoveringKite"],"picked":"Busted Crown"},{"not_picked":["Velvet Choker","Runic Dome"],"picked":"Tiny House"}],"items_purged_floors":[8,45],"is_endless":false,"potions_floor_spawned":[1,4,7,24,31,35,48],"ascension_level":4}}