{"host":"0e0lo445kffy4sr5","time":1609804320,"event":{"mods":["BaseMod","Minty Spire (QoL Compilation)","StSLib"],"gold_per_floor":[119,130,130,130,130,165,165,184,184,209,229,240,17,36,36,141,141,155,169,169,22,33,33,45,45,116,146,159,159,159],"floor_reached":29,"playtime":2014,"items_purged":[],"score":332,"play_id":"05d3d196-296c-4c82-8fc9-3618cdb0e5c3","local_time":"20210104185200","is_ascension_mode":false,"campfire_choices":[{"floor":7,"key":"REST"},{"data":"White Noise","floor":15,"key":"SMITH"},{"floor":23,"key":"REST"},{"data":"Double Energy","floor":25,"key":"SMITH"}],"circlet_count":0,"master_deck":["Strike_B","Strike_B","Strike_B+1","Strike_B","Defend_B+1","Defend_B","Defend_B","Defend_B","Zap","Dualcast","Double Energy+1","Beam Cell","Amplify","Chaos","Coolheaded","Force Field","White Noise+1","Scrape","Buffer","Beam Cell","Loop+1","Forethought","Blur+1","Capacitor"],"relics":["SacredBark","Vajra","Mummified Hand","Pear","Lee\u0027s Waffle","SlaversCollar","PrismaticShard","Ornamental Fan","Letter Opener"],"acts_visited":["Exordium","TheCity"],"potions_floor_usage":[11,16,16,19,24],"damage_taken":[{"damage":6,"enemies":"2 Louse","floor":1,"turns":2},{"damage":1,"enemies":"Jaw Worm","floor":2,"turns":3},{"damage":48,"enemies":"Lagavulin","floor":6,"turns":7},{"damage":0,"enemies":"Cultist","floor":8,"turns":3},{"damage":47,"enemies":"Gremlin Nob","floor":10,"turns":5},{"damage":4,"enemies":"Large Slime","floor":11,"turns":6},{"damage":7,"enemies":"Red Slaver","floor":12,"turns":4},{"damage":2,"enemies":"Looter","floor":14,"turns":4},{"damage":0,"enemies":"Slime Boss","floor":16,"turns":6},{"damage":15,"enemies":"3 Byrds","floor":18,"turns":7},{"damage":12,"enemies":"2 Thieves","floor":19,"turns":4},{"damage":39,"enemies":"Centurion and Healer","floor":22,"turns":8},{"damage":10,"enemies":"Snake Plant","floor":24,"turns":6},{"damage":71,"enemies":"Gremlin Leader","floor":27,"turns":7},{"damage":0,"enemies":"Snecko","floor":28,"turns":5},{"damage":8,"enemies":"Book of Stabbing","floor":29,"turns":2}],"seed_played":"2052576987151391572","potions_obtained":[{"floor":1,"key":"Swift Potion"},{"floor":10,"key":"EssenceOfSteel"},{"floor":11,"key":"Explosive Potion"},{"floor":12,"key":"DuplicationPotion"},{"floor":18,"key":"SkillPotion"},{"floor":27,"key":"SkillPotion"},{"floor":28,"key":"Weak Potion"}],"is_trial":false,"path_per_floor":["M","M","?","?","?","E","R","M","T","E","M","M","$","M","R","B",null,"M","M","?","$","M","R","M","R","T","E","M","E"],"character_chosen":"DEFECT","items_purchased":["Lee\u0027s Waffle","White Noise","PrismaticShard"],"campfire_rested":2,"item_purchase_floors":[13,13,21],"current_hp_per_floor":[69,68,73,57,80,32,56,56,56,19,15,8,97,95,95,95,97,82,70,97,97,58,87,77,77,77,6,6,0,0],"gold":159,"neow_bonus":"BOSS_RELIC","is_daily":false,"chose_seed":false,"campfire_upgraded":2,"win_rate":0.0,"timestamp":1609804320,"path_taken":["M","M","?","?","?","E","R","M","T","E","M","?","$","M","R","BOSS","M","M","?","$","?","R","M","R","T","E","M","E"],"items_purchased_type":["Relic","Card","Relic"],"build_version":"2020-12-13","purchased_purges":0,"victory":false,"max_hp_per_floor":[75,75,80,80,80,80,80,80,80,90,90,90,97,97,97,97,97,97,97,97,97,97,97,97,97,97,97,97,97,97],"card_choices":[{"not_picked":["Beam Cell","Redo"],"picked":"Double Energy","floor":1},{"not_picked":["Cold Snap","Stack"],"picked":"Beam Cell","floor":2},{"not_picked":["Rip and Tear","Steam"],"picked":"Amplify","floor":6},{"not_picked":["Leap","Rebound"],"picked":"Chaos","floor":8},{"not_picked":["Streamline","Fission"],"picked":"Coolheaded","floor":10},{"not_picked":["Beam Cell","Conserve Battery"],"picked":"Force Field","floor":11},{"not_picked":["Barrage","Ball Lightning","Stack"],"picked":"SKIP","floor":12},{"not_picked":["Coolheaded","Steam"],"picked":"Scrape","floor":14},{"not_picked":["Fission","Biased Cognition"],"picked":"Buffer","floor":16},{"not_picked":["Heatsinks","Hologram"],"picked":"Beam Cell","floor":18},{"not_picked":["Streamline+1","Conserve Battery"],"picked":"Loop+1","floor":19},{"not_picked":["True Grit+1","PathToVictory"],"picked":"Forethought","floor":22},{"not_picked":["FlyingSleeves+1","ClearTheMind","SashWhip+1"],"picked":"SKIP","floor":24},{"not_picked":["Impatience","Body Slam"],"picked":"Blur+1","floor":27},{"not_picked":["Quick Slash","Evaluate"],"picked":"Capacitor","floor":28}],"player_experience":16190,"relics_obtained":[{"floor":6,"key":"Vajra"},{"floor":9,"key":"Mummified Hand"},{"floor":10,"key":"Pear"},{"floor":26,"key":"Ornamental Fan"},{"floor":27,"key":"Letter Opener"}],"event_choices":[{"damage_healed":0,"gold_gain":0,"player_choice":"Donut","damage_taken":0,"max_hp_gain":5,"max_hp_loss":0,"event_name":"Big Fish","floor":3,"gold_loss":0},{"damage_healed":0,"gold_gain":0,"player_choice":"Entered Light","damage_taken":16,"max_hp_gain":0,"max_hp_loss":0,"event_name":"Shining Light","floor":4,"gold_loss":0,"cards_upgraded":["Defend_B","Strike_B"]},{"damage_healed":23,"gold_gain":0,"player_choice":"Full Heal","damage_taken":0,"max_hp_gain":0,"max_hp_loss":0,"event_name":"Wheel of Change","floor":5,"gold_loss":0},{"damage_healed":27,"gold_gain":0,"player_choice":"Full Heal","damage_taken":0,"max_hp_gain":0,"max_hp_loss":0,"event_name":"Wheel of Change","floor":20,"gold_loss":0}],"is_beta":false,"boss_relics":[{"not_picked":["Runic Dome","Ectoplasm"],"picked":"SlaversCollar"}],"items_purged_floors":[],"is_endless":false,"potions_floor_spawned":[1,10,11,12,18,27,28],"killed_by":"Book of Stabbing","ascension_level":0}}