{"host":"ta9mufxydm4vkknf","time":1609795050,"event":{"mods":["AchievementEnabler","BaseMod","Minty Spire (QoL Compilation)","Quick Restart"],"gold_per_floor":[117,117,42,142,159,191,204,204,204,238,238,238,267,282,282,282,282],"floor_reached":16,"playtime":658,"items_purged":["Decay"],"score":157,"play_id":"2b77a35c-7695-4be8-8ebd-4ac4132b041b","local_time":"20210104221730","is_ascension_mode":true,"campfire_choices":[{"data":"Quick Slash","floor":12,"key":"SMITH"},{"floor":15,"key":"REST"}],"circlet_count":0,"master_deck":["Strike_G","Strike_G","Strike_G","Strike_G","Strike_G","Defend_G","Defend_G","Defend_G","Defend_G","Survivor","Neutralize","Backflip","Quick Slash+1","Backflip","Deflect","Escape Plan","PiercingWail","Tools of the Trade"],"relics":["Ring of the Snake","NeowsBlessing","Mummified Hand","Toy Ornithopter","Strawberry","Tiny Chest"],"acts_visited":["Exordium"],"potions_floor_usage":[10],"damage_taken":[{"damage":0,"enemies":"Jaw Worm","floor":1,"turns":1},{"damage":0,"enemies":"Cultist","floor":5,"turns":1},{"damage":0,"enemies":"3 Sentries","floor":6,"turns":2},{"damage":0,"enemies":"Small Slimes","floor":7,"turns":5},{"damage":47,"enemies":"Gremlin Nob","floor":10,"turns":6},{"damage":6,"enemies":"3 Sentries","floor":13,"turns":11},{"damage":1,"enemies":"Red Slaver","floor":14,"turns":4},{"damage":45,"enemies":"The Guardian","floor":16,"turns":14}],"seed_played":"7026418491272512884","potions_obtained":[{"floor":1,"key":"DistilledChaos"},{"floor":5,"key":"Poison Potion"},{"floor":13,"key":"SteroidPotion"},{"floor":14,"key":"SteroidPotion"}],"is_trial":false,"path_per_floor":["M","?","$","?","M","E","M","?","T","E","?","R","E","M","R","B"],"character_chosen":"THE_SILENT","items_purchased":[],"campfire_rested":1,"item_purchase_floors":[],"current_hp_per_floor":[70,70,70,70,70,70,70,67,67,32,25,25,19,18,41,0,0],"gold":282,"neow_bonus":"THREE_ENEMY_KILL","is_daily":false,"chose_seed":false,"campfire_upgraded":1,"win_rate":0.0,"timestamp":1609795050,"path_taken":["M","?","?","?","?","E","M","?","T","E","?","R","E","M","R","BOSS"],"items_purchased_type":[],"build_version":"2020-12-22","purchased_purges":1,"victory":false,"max_hp_per_floor":[70,70,70,70,70,70,70,70,70,77,77,77,77,77,77,77,77],"card_choices":[{"not_picked":["Noxious Fumes","Well Laid Plans"],"picked":"Backflip","floor":1},{"not_picked":["Underhanded Strike","Bane"],"picked":"Quick Slash","floor":5},{"not_picked":["Eviscerate","Sucker Punch"],"picked":"Backflip","floor":6},{"not_picked":["Prepared","Backflip"],"picked":"Deflect","floor":7},{"not_picked":["Blade Dance","Choke"],"picked":"Escape Plan","floor":10},{"not_picked":["Dodge and Roll","Heel Hook"],"picked":"PiercingWail","floor":13},{"not_picked":["Dagger Spray","Deflect"],"picked":"Tools of the Trade","floor":14}],"player_experience":207733,"relics_obtained":[{"floor":6,"key":"Mummified Hand"},{"floor":10,"key":"Strawberry"},{"floor":13,"key":"Tiny Chest"}],"event_choices":[{"damage_healed":0,"gold_gain":0,"player_choice":"Cursed","damage_taken":0,"max_hp_gain":0,"max_hp_loss":0,"event_name":"Wheel of Change","floor":2,"gold_loss":0,"cards_obtained":["Decay"]},{"damage_healed":0,"gold_gain":100,"player_choice":"Pray","damage_taken":0,"max_hp_gain":0,"max_hp_loss":0,"event_name":"Golden Shrine","floor":4,"gold_loss":0},{"damage_healed":0,"gold_gain":0,"player_choice":"Success","damage_taken":3,"relics_obtained":["Toy Ornithopter"],"max_hp_gain":0,"max_hp_loss":0,"event_name":"Scrap Ooze","floor":8,"gold_loss":0},{"cards_removed":["Defend_G"],"damage_healed":0,"gold_gain":0,"player_choice":"Card Removal","damage_taken":7,"max_hp_gain":0,"max_hp_loss":0,"event_name":"Golden Wing","floor":11,"gold_loss":0}],"is_beta":false,"boss_relics":[],"items_purged_floors":[3],"is_endless":false,"potions_floor_spawned":[1,5,13,14],"killed_by":"The Guardian","ascension_level":2}}