{"host":"91blwi3hgehj6ch9","time":1609728415,"event":{"mods":["2.2 Compatiblity","AchievementEnabler","BaseMod","Colored Map","DeckTracker","Keyboard Shortcuts","Minty Spire (QoL Compilation)","Permanent Neow","Quick Restart","StSLib","SuperFastMode"],"gold_per_floor":[99,49,124,143,155,189,189,204,285,285,98,116,116,116,116,211,211,230,230,329,347,359,359,359],"floor_reached":23,"playtime":1302,"items_purged":["Strike_G"],"score":267,"play_id":"0955e0fb-6e45-4df5-bf07-a45e6d02c394","local_time":"20210104114655","is_ascension_mode":true,"campfire_choices":[{"floor":7.0,"key":"REST"},{"data":"Tactician","floor":10,"key":"SMITH"},{"data":"Well Laid Plans","floor":15,"key":"SMITH"}],"circlet_count":0,"master_deck":["Strike_G","Strike_G","Strike_G","Defend_G","Defend_G","Defend_G","Defend_G","Survivor","Neutralize","Deadly Poison","Tactician+1","Envenom","Backstab","Reflex","Well Laid Plans+1","Acrobatics","Adrenaline","Backflip","Footwork"],"relics":["Ring of the Snake","Pocketwatch","Paper Crane","CaptainsWheel","Philosopher\u0027s Stone"],"acts_visited":["Exordium","TheCity"],"potions_floor_usage":[16,22],"damage_taken":[{"damage":5.0,"enemies":"Jaw Worm","floor":1.0,"turns":7.0},{"damage":2.0,"enemies":"Small Slimes","floor":4.0,"turns":4.0},{"damage":3.0,"enemies":"2 Louse","floor":5.0,"turns":3.0},{"damage":39.0,"enemies":"3 Sentries","floor":6.0,"turns":14.0},{"damage":0,"enemies":"Blue Slaver","floor":8,"turns":4},{"damage":2,"enemies":"Looter","floor":12,"turns":4},{"damage":15,"enemies":"The Guardian","floor":16,"turns":12},{"damage":8,"enemies":"Chosen","floor":18,"turns":6},{"damage":10,"enemies":"Spheric Guardian","floor":21,"turns":6},{"damage":34,"enemies":"Chosen and Byrds","floor":22,"turns":8},{"damage":0,"enemies":"Slavers","floor":23,"turns":1}],"seed_played":"-6385128519035299419","potions_obtained":[{"floor":4.0,"key":"DistilledChaos"},{"floor":6.0,"key":"Block Potion"},{"floor":21,"key":"PowerPotion"}],"is_trial":false,"path_per_floor":["M","?","?","M","M","E","R","M","T","R","$","M","?","T","R","B",null,"M","?","?","M","M","E"],"character_chosen":"THE_SILENT","items_purchased":["Reflex","Well Laid Plans"],"campfire_rested":1,"item_purchase_floors":[11,11],"current_hp_per_floor":[58,58,47,45,42,3,24,24,24,24,24,22,27,27,27,12,59,51,51,51,41,7,7,7],"gold":359,"neow_bonus":"REMOVE_CARD","is_daily":false,"chose_seed":false,"campfire_upgraded":2,"win_rate":0.0,"timestamp":1609728415,"path_taken":["M","?","?","M","M","E","R","M","T","R","?","M","?","?","R","BOSS","M","?","?","M","M","E"],"items_purchased_type":["Card","Card"],"build_version":"2020-12-22","purchased_purges":1,"victory":false,"max_hp_per_floor":[70,70,70,70,70,70,70,70,70,70,70,70,75,75,75,75,75,75,75,75,75,75,75,75],"card_choices":[{"not_picked":["Prepared","Acrobatics","Caltrops"],"picked":"SKIP","floor":1.0},{"not_picked":["Deflect","Infinite Blades","Deadly Poison"],"picked":"SKIP","floor":4.0},{"not_picked":["Deflect","Infinite Blades"],"picked":"Deadly Poison","floor":4.0},{"not_picked":["Underhanded Strike","Eviscerate","Tactician"],"picked":"SKIP","floor":5.0},{"not_picked":["Underhanded Strike","Eviscerate"],"picked":"Tactician","floor":5.0},{"not_picked":["Predator","Setup"],"picked":"Envenom","floor":6.0},{"not_picked":["Dagger Spray","Deflect"],"picked":"Backstab","floor":8},{"not_picked":["Slice","Doppelganger"],"picked":"Acrobatics","floor":12},{"not_picked":["Die Die Die","Wraith Form v2"],"picked":"Adrenaline","floor":16},{"not_picked":["Predator","Finisher+1"],"picked":"Backflip","floor":18},{"not_picked":["Slice","Poisoned Stab","Dodge and Roll"],"picked":"SKIP","floor":21},{"not_picked":["Blur","Venomology"],"picked":"Footwork","floor":22}],"player_experience":147285,"relics_obtained":[{"floor":6.0,"key":"Pocketwatch"},{"floor":9,"key":"Paper Crane"},{"floor":14,"key":"CaptainsWheel"}],"event_choices":[{"cards_removed":["Strike_G"],"damage_healed":0.0,"max_hp_gain":0.0,"max_hp_loss":0.0,"gold_gain":0.0,"event_name":"The Cleric","player_choice":"Card Removal","floor":2.0,"gold_loss":50.0,"damage_taken":0.0},{"damage_healed":0.0,"max_hp_gain":0.0,"max_hp_loss":0.0,"gold_gain":75.0,"event_name":"World of Goop","player_choice":"Gather Gold","floor":3.0,"gold_loss":0.0,"damage_taken":11.0},{"damage_healed":0,"gold_gain":0,"player_choice":"Donut","damage_taken":0,"max_hp_gain":5,"max_hp_loss":0,"event_name":"Big Fish","floor":13,"gold_loss":0},{"damage_healed":0,"gold_gain":0,"player_choice":"Ignored","damage_taken":0,"max_hp_gain":0,"max_hp_loss":0,"event_name":"Vampires","floor":19,"gold_loss":0},{"damage_healed":0,"gold_gain":99,"player_choice":"Stole From Cult","damage_taken":0,"max_hp_gain":0,"max_hp_loss":0,"event_name":"Nest","floor":20,"gold_loss":0}],"is_beta":false,"boss_relics":[{"not_picked":["Cursed Key","Calling Bell"],"picked":"Philosopher\u0027s Stone"}],"items_purged_floors":[11],"is_endless":false,"potions_floor_spawned":[4,6,21],"killed_by":"Slavers","ascension_level":8}}