{"host":"2he95iptrbxkejc1","time":1609797584,"event":{"mods":["AchievementEnabler","BaseMod","Colored Powertips","Hermit","Infinite Spire","Marisa????????","Minty Spire (QoL Compilation)","Random Character Mod","Replay The Spire","StSLib","The Cursed","The Hierophant","The Marked","The Mystic","The Poker Player","The Runesmith","The Servant 0.9.4"],"gold_per_floor":[118,127,127,140,149,143,129,134,188,40,40,41,41,41,41,0,0],"floor_reached":16,"playtime":1070,"items_purged":["hierophant:Defend_Hierophant"],"score":137,"play_id":"c679cfef-2ed5-4db3-bd3a-c3dae4e04e4e","local_time":"20210104215944","is_ascension_mode":false,"campfire_choices":[{"data":"hierophant:ChurchCoffers","floor":11,"key":"SMITH"},{"data":"hierophant:Charity","floor":13,"key":"SMITH"},{"data":"hierophant:RecallFunds","floor":15,"key":"PURGE"}],"circlet_count":0,"master_deck":["hierophant:Strike_Hierophant","hierophant:Strike_Hierophant","hierophant:Strike_Hierophant","hierophant:Punish","hierophant:Defend_Hierophant","hierophant:Defend_Hierophant","hierophant:Defend_Hierophant","hierophant:ChurchCoffers+1","hierophant:Smite","hierophant:RustyCrate","hierophant:Doubloon","hierophant:Doubloon","hierophant:Doubloon","hierophant:Charity+1","hierophant:Encroach","hierophant:Encroach","hierophant:Doubloon","hierophant:CursedGold","hierophant:Doubloon","hierophant:PassingBell"],"relics":["hierophant:PropheticMaskRelic","Toy Ornithopter","Thread and Needle","infinitespire:FocusingShard","Orichalcum"],"acts_visited":["Exordium"],"potions_floor_usage":[6,8],"damage_taken":[{"damage":0,"enemies":"2 Louse","floor":1,"turns":1},{"damage":1,"enemies":"Cultist","floor":2,"turns":3},{"damage":1,"enemies":"Jaw Worm","floor":4,"turns":2},{"damage":3,"enemies":"Exordium Thugs","floor":5,"turns":3},{"damage":34,"enemies":"Lagavulin","floor":6,"turns":7},{"damage":0,"enemies":"Exordium Wildlife","floor":7,"turns":3},{"damage":12,"enemies":"Gremlin Nob","floor":8,"turns":4},{"damage":3,"enemies":"Blue Slaver","floor":12,"turns":3},{"damage":39,"enemies":"Slime Boss","floor":16,"turns":6}],"seed_played":"-4022343884009810194","potions_obtained":[{"floor":1,"key":"Explosive Potion"},{"floor":5,"key":"SkillPotion"},{"floor":7,"key":"Strength Potion"}],"is_trial":false,"path_per_floor":["M","M","?","M","M","E","M","E","T","$","R","M","R","?","R","B"],"character_chosen":"HIEROPHANT","items_purchased":["hierophant:CursedGold"],"campfire_rested":0,"item_purchase_floors":[10],"current_hp_per_floor":[82,81,81,80,77,48,48,41,41,41,41,38,38,38,38,0,0],"gold":0,"neow_bonus":"TEN_PERCENT_HP_BONUS","is_daily":false,"chose_seed":false,"campfire_upgraded":2,"win_rate":0.0,"timestamp":1609797584,"path_taken":["M","M","?","M","?","E","M","E","T","$","R","M","R","?","R","BOSS"],"items_purchased_type":["Card"],"build_version":"2020-12-22","purchased_purges":1,"victory":false,"max_hp_per_floor":[82,82,82,82,82,82,82,82,82,82,82,82,82,82,82,82,82],"card_choices":[{"not_picked":["hierophant:DisplayOfPower","hierophant:HammerAndAnvil"],"picked":"hierophant:Smite","floor":1},{"not_picked":["hierophant:Prophecy","hierophant:Anathema"],"picked":"hierophant:RustyCrate","floor":2},{"not_picked":["hierophant:Chorus","hierophant:FaithHealing"],"picked":"hierophant:Charity","floor":4},{"not_picked":["hierophant:Zeal","hierophant:CoinFling"],"picked":"hierophant:Encroach","floor":5},{"not_picked":["hierophant:Upheaval","hierophant:DisplayOfPower"],"picked":"hierophant:Encroach","floor":6},{"not_picked":["hierophant:SecretStash","hierophant:Zeal","hierophant:OrnateBuckler"],"picked":"SKIP","floor":7},{"not_picked":["hierophant:HolyVerse","hierophant:DisplayOfPower"],"picked":"hierophant:RecallFunds","floor":8},{"not_picked":["hierophant:Shelter","hierophant:DisplayOfPower"],"picked":"hierophant:PassingBell","floor":12}],"player_experience":59308,"relics_obtained":[{"floor":6,"key":"Thread and Needle"},{"floor":8,"key":"infinitespire:FocusingShard"},{"floor":9,"key":"Orichalcum"}],"event_choices":[{"damage_healed":0,"gold_gain":0,"player_choice":"Gave Potion","damage_taken":0,"relics_obtained":["Toy Ornithopter"],"max_hp_gain":0,"max_hp_loss":0,"event_name":"WeMeetAgain","floor":3,"gold_loss":0},{"cards_removed":["hierophant:Strike_Hierophant"],"damage_healed":0,"gold_gain":0,"player_choice":"Purged","damage_taken":0,"max_hp_gain":0,"max_hp_loss":0,"event_name":"Purifier","floor":14,"gold_loss":0}],"is_beta":false,"boss_relics":[],"items_purged_floors":[10],"is_endless":false,"potions_floor_spawned":[1,5,7],"killed_by":"Slime Boss","ascension_level":0}}