{"host":"wgmbtq7u7cgqo6r7","time":1609732515,"event":{"mods":["BaseMod","Colored Powertips","Hermit","Minty Spire (QoL Compilation)","Rare Cards Sparkle","StSLib","everything is the same but u backflip on backflip"],"gold_per_floor":[112,123,137,154,33,44,54,54,99,99,99],"floor_reached":10,"playtime":800,"items_purged":["hermit:Strike_Hermit"],"score":62,"play_id":"d843be33-af30-4d12-b040-442d788525aa","local_time":"20210103225515","is_ascension_mode":false,"campfire_choices":[],"circlet_count":0,"master_deck":["hermit:Strike_Hermit","hermit:Strike_Hermit","hermit:Defend_Hermit","hermit:Defend_Hermit","hermit:Defend_Hermit","hermit:Defend_Hermit","hermit:Snapshot","hermit:Covet","hermit:Determination","hermit:BigShot","hermit:Manifest","hermit:Brawl","hermit:BodyArmor","hermit:RoundhouseKick","hermit:GhostlyPresence","hermit:EyeOfTheStorm"],"relics":["hermit:Momento"],"acts_visited":["Exordium"],"potions_floor_usage":[10],"damage_taken":[{"damage":6,"enemies":"Cultist","floor":1,"turns":3},{"damage":6,"enemies":"2 Louse","floor":2,"turns":4},{"damage":1,"enemies":"Jaw Worm","floor":3,"turns":3},{"damage":11,"enemies":"2 Fungi Beasts","floor":4,"turns":4},{"damage":6,"enemies":"Gremlin Gang","floor":6,"turns":7},{"damage":12,"enemies":"Looter","floor":7,"turns":5},{"damage":39,"enemies":"3 Sentries","floor":10,"turns":11}],"seed_played":"-5031675934548100005","potions_obtained":[{"floor":1,"key":"Weak Potion"},{"floor":2,"key":"SpeedPotion"},{"floor":6,"key":"BlessingOfTheForge"}],"is_trial":false,"path_per_floor":["M","M","M","M","$","M","M","?","T","E"],"character_chosen":"HERMIT","items_purchased":["hermit:BodyArmor"],"campfire_rested":0,"item_purchase_floors":[5],"current_hp_per_floor":[76,70,69,58,58,52,40,40,40,1,1],"gold":99,"neow_bonus":"TEN_PERCENT_HP_BONUS","is_daily":false,"chose_seed":false,"campfire_upgraded":0,"win_rate":0.0,"timestamp":1609732515,"path_taken":["M","M","M","M","?","M","M","?","T","E"],"items_purchased_type":["Card"],"build_version":"2020-12-22","purchased_purges":1,"victory":false,"max_hp_per_floor":[82,82,82,82,82,82,82,82,82,82,82],"card_choices":[{"not_picked":["hermit:LowProfile","hermit:Showdown"],"picked":"hermit:Determination","floor":1},{"not_picked":["hermit:Coalescence","hermit:Spite"],"picked":"hermit:BigShot","floor":2},{"not_picked":["hermit:CalledShot","hermit:Ricochet"],"picked":"hermit:Manifest","floor":3},{"not_picked":["hermit:PistolWhip","hermit:Manifest"],"picked":"hermit:Brawl","floor":4},{"not_picked":["hermit:Quickdraw","hermit:Headshot"],"picked":"hermit:RoundhouseKick","floor":6},{"not_picked":["hermit:Horror","hermit:TrackingShot"],"picked":"hermit:GhostlyPresence","floor":7}],"player_experience":114102,"relics_obtained":[],"event_choices":[{"damage_healed":0,"gold_gain":0,"cards_transformed":["hermit:Strike_Hermit"],"player_choice":"Change","damage_taken":0,"max_hp_gain":0,"max_hp_loss":0,"event_name":"Living Wall","floor":8,"gold_loss":0,"cards_obtained":["hermit:EyeOfTheStorm"]}],"is_beta":false,"boss_relics":[],"items_purged_floors":[5],"is_endless":false,"potions_floor_spawned":[1,2,6],"killed_by":"3 Sentries","ascension_level":0}}