{"host":"naykp6d9ulahlwib","time":1609726859,"event":{"mods":["BaseMod","Highlight Path","Minty Spire (QoL Compilation)","Shop Mod","StSLib"],"gold_per_floor":[361,381,381,381,2,2,2,2,2,2,18,38,38,38,38,112,112,112,112,112,112,2,2,2,2,2,2,2,2,2,2,2,2,2],"floor_reached":33,"playtime":2557,"items_purged":["Strike_P"],"score":596,"play_id":"ef912d56-0ff3-4e47-9e49-a9137497ee95","local_time":"20210103202059","is_ascension_mode":true,"campfire_choices":[{"data":"Eruption","floor":6.0,"key":"SMITH"},{"data":"Halt","floor":8.0,"key":"SMITH"},{"data":"Vigilance","floor":13.0,"key":"SMITH"},{"floor":15.0,"key":"REST"},{"floor":23.0,"key":"REST"},{"data":"BowlingBash","floor":25.0,"key":"SMITH"},{"data":"FollowUp","floor":32.0,"key":"SMITH"}],"circlet_count":0,"master_deck":["AscendersBane","Strike_P","Strike_P","Defend_P","Defend_P","Defend_P","Defend_P","Eruption+1","Vigilance+1","Halt+1","CarveReality","Scrawl+1","BowlingBash+1","EmptyBody","FollowUp+1"],"relics":["PureWater","TeardropLocket","Bottled Lightning","Gremlin Horn","Ectoplasm","Yang","Eternal Feather","Centennial Puzzle"],"acts_visited":["Exordium","TheCity"],"potions_floor_usage":[33,33],"damage_taken":[{"damage":11.0,"enemies":"Jaw Worm","floor":1.0,"turns":6.0},{"damage":3.0,"enemies":"2 Louse","floor":2.0,"turns":2.0},{"damage":0.0,"enemies":"Cultist","floor":11.0,"turns":4.0},{"damage":0.0,"enemies":"Blue Slaver","floor":12.0,"turns":4.0},{"damage":37.0,"enemies":"The Guardian","floor":16.0,"turns":11.0},{"damage":7.0,"enemies":"Chosen","floor":18.0,"turns":6.0},{"damage":17.0,"enemies":"Shell Parasite","floor":20.0,"turns":6.0},{"damage":0.0,"enemies":"Gremlin Leader","floor":27.0,"turns":3.0},{"damage":0.0,"enemies":"3 Cultists","floor":28.0,"turns":3.0},{"damage":3.0,"enemies":"Book of Stabbing","floor":29.0,"turns":5.0},{"damage":3.0,"enemies":"Centurion and Healer","floor":30.0,"turns":4.0},{"damage":0.0,"enemies":"Snake Plant","floor":31.0,"turns":3.0},{"damage":84,"enemies":"Champ","floor":33,"turns":12}],"seed_played":"7342351811007695507","potions_obtained":[{"floor":1.0,"key":"Ancient Potion"},{"floor":2.0,"key":"LiquidBronze"},{"floor":12.0,"key":"Dexterity Potion"},{"floor":30.0,"key":"DistilledChaos"},{"floor":31.0,"key":"BlessingOfTheForge"}],"is_trial":false,"path_per_floor":["M","M","?","?","$","R","$","R","T","?","M","M","R","?","R","B",null,"M","?","M","$","?","R","$","R","T","E","M","E","M","M","R","B"],"character_chosen":"WATCHER","items_purchased":["Halt","TeardropLocket"],"campfire_rested":2,"item_purchase_floors":[5,5],"current_hp_per_floor":[50,47,47,40,40,40,40,40,40,40,40,40,40,45,66,29,60,53,53,36,36,36,57,57,57,57,57,57,54,51,51,60,0,0],"gold":2,"neow_bonus":"TWO_FIFTY_GOLD","is_daily":false,"chose_seed":false,"campfire_upgraded":5,"win_rate":0.0,"timestamp":1609726859,"path_taken":["M","M","?","?","$","R","?","R","T","?","M","?","R","?","R","BOSS","M","?","?","?","?","R","$","R","T","E","?","E","M","M","R","BOSS"],"items_purchased_type":["Card","Relic"],"build_version":"2020-12-22","purchased_purges":1,"victory":false,"max_hp_per_floor":[68,68,68,65,65,65,65,65,65,65,65,65,65,70,70,70,70,70,70,70,70,70,70,70,70,70,70,70,70,70,70,70,70,70],"card_choices":[{"not_picked":["Crescendo","FlyingSleeves","CrushJoints"],"picked":"SKIP","floor":1.0},{"not_picked":["EmptyFist","Prostrate","FlyingSleeves"],"picked":"SKIP","floor":2.0},{"not_picked":["JustLucky","LikeWater","Evaluate"],"picked":"SKIP","floor":11.0},{"not_picked":["Perseverance","WindmillStrike"],"picked":"CarveReality","floor":12.0},{"not_picked":["Brilliance","Establishment"],"picked":"Scrawl","floor":16.0},{"not_picked":["Pray","Worship"],"picked":"BowlingBash","floor":18.0},{"not_picked":["Sanctity","Prostrate+1","Evaluate"],"picked":"SKIP","floor":20.0},{"not_picked":["SignatureMove+1","SandsOfTime","PathToVictory"],"picked":"SKIP","floor":27.0},{"not_picked":["Perseverance","EmptyFist"],"picked":"EmptyBody","floor":28.0},{"not_picked":["ClearTheMind+1","InnerPeace+1","LikeWater"],"picked":"SKIP","floor":29.0},{"not_picked":["SandsOfTime","Protect"],"picked":"FollowUp","floor":30.0},{"not_picked":["JustLucky","ClearTheMind","Study"],"picked":"SKIP","floor":31.0}],"player_experience":989161,"relics_obtained":[{"floor":9.0,"key":"Bottled Lightning"},{"floor":26.0,"key":"Yang"},{"floor":27.0,"key":"Eternal Feather"},{"floor":29.0,"key":"Centennial Puzzle"}],"event_choices":[{"damage_healed":0.0,"max_hp_gain":0.0,"max_hp_loss":0.0,"gold_gain":0.0,"event_name":"Scrap Ooze","player_choice":"Fled","floor":3.0,"gold_loss":0.0,"damage_taken":0.0},{"cards_removed":["Parasite"],"damage_healed":0.0,"max_hp_gain":0.0,"max_hp_loss":0.0,"gold_gain":0.0,"event_name":"Golden Wing","player_choice":"Card Removal","floor":4.0,"gold_loss":0.0,"damage_taken":7.0},{"damage_healed":0.0,"max_hp_gain":0.0,"max_hp_loss":0.0,"gold_gain":0.0,"event_name":"WeMeetAgain","player_choice":"Gave Potion","floor":10.0,"gold_loss":0.0,"damage_taken":0.0,"relics_obtained":["Gremlin Horn"]},{"damage_healed":0.0,"max_hp_gain":5.0,"max_hp_loss":0.0,"gold_gain":0.0,"event_name":"Big Fish","player_choice":"Donut","floor":14.0,"gold_loss":0.0,"damage_taken":0.0},{"damage_healed":0.0,"max_hp_gain":0.0,"max_hp_loss":0.0,"gold_gain":0.0,"event_name":"Lab","player_choice":"Got Potions","floor":19.0,"gold_loss":0.0,"damage_taken":0.0},{"cards_removed":["Strike_P"],"damage_healed":0.0,"max_hp_gain":0.0,"max_hp_loss":0.0,"gold_gain":0.0,"event_name":"Designer","player_choice":"Upgrade and Remove","floor":22.0,"gold_loss":110.0,"damage_taken":0.0,"cards_upgraded":["Scrawl"]}],"is_beta":false,"boss_relics":[{"not_picked":["Tiny House","SacredBark"],"picked":"Ectoplasm"}],"items_purged_floors":[5],"is_endless":false,"potions_floor_spawned":[1,2,12,16,18,30,31],"killed_by":"Champ","ascension_level":20}}