{"host":"d7qmn60fs48wu5y6","time":1609794483,"event":{"mods":["BaseMod","Downfall","Marisa????????","Minty Spire (QoL Compilation)","Shade Mod","StSLib","The Bug Knight","The Cursed","The Necromancer","The Servant 0.9.4"],"gold_per_floor":[113,124,143,160,178,178,206,206,206,206,223,233,265,284,284,388,388,298,183,183,183,39,70,70,90,114,114,145,45,60,93,93,93,93],"floor_reached":33,"playtime":1852,"items_purged":["Blood_Magic","Bone_Spikes"],"score":356,"play_id":"e3b77848-1e22-465a-bfa1-b91f391e1e66","local_time":"20210104130803","is_ascension_mode":true,"campfire_choices":[{"data":"Blood_Curse","floor":6,"key":"SMITH"},{"data":"Negative_Energy_Shield","floor":8,"key":"SMITH"},{"data":"Negative_Energy_Mist","floor":15,"key":"SMITH"},{"data":"Summon_Death_Knight","floor":24,"key":"SMITH"},{"floor":27,"key":"RECALL"},{"floor":32,"key":"REST"}],"circlet_count":0,"master_deck":["Negative_Energy_Arrows","Bone_Wall","Negative_Energy_Mist+1","Blood_Curse+1","Negative_Energy_Shield+1","Bone_Armory","Bone_Armor","Negative_Energy_Shield","Negative_Energy_Sphere","Stop_Heart","Bone_Armor","Epidemic","Summon_Death_Knight+1","Scare","Vampiric_Strike","Negative_Energy_Javelin","Whirlwind_of_Bones","Corrupt","Summon_Undead_Army","Bone_Armory+1","Bone_Armory","Necronomicurse","Pandemic","Summon_Undead","Violent_Necrosis"],"relics":["Vampire_Amulet","HornCleat","Pear","Singing Bowl","Pandora\u0027s Box","Necronomicon","Lee\u0027s Waffle","CaptainsWheel","Omamori","Pen Nib"],"acts_visited":["Exordium","TheCity"],"potions_floor_usage":[7,12,28,31,33,33],"damage_taken":[{"damage":1,"enemies":"2 Louse","floor":1,"turns":4},{"damage":0,"enemies":"Cultist","floor":2,"turns":3},{"damage":6,"enemies":"Small Slimes","floor":3,"turns":4},{"damage":2,"enemies":"Red Slaver","floor":4,"turns":4},{"damage":8,"enemies":"2 Fungi Beasts","floor":5,"turns":4},{"damage":14,"enemies":"3 Sentries","floor":7,"turns":13},{"damage":0,"enemies":"Exordium Wildlife","floor":11,"turns":4},{"damage":3,"enemies":"Gremlin Gang","floor":12,"turns":6},{"damage":16,"enemies":"Lagavulin","floor":13,"turns":10},{"damage":0,"enemies":"Looter","floor":14,"turns":3},{"damage":9,"enemies":"The Guardian","floor":16,"turns":11},{"damage":19,"enemies":"2 Thieves","floor":18,"turns":5},{"damage":7,"enemies":"Book of Stabbing","floor":23,"turns":8},{"damage":1,"enemies":"Spheric Guardian","floor":25,"turns":6},{"damage":39,"enemies":"Gremlin Leader","floor":28,"turns":7},{"damage":7,"enemies":"Shelled Parasite and Fungi","floor":30,"turns":6},{"damage":62,"enemies":"Slavers","floor":31,"turns":11},{"damage":56,"enemies":"Automaton","floor":33,"turns":6}],"seed_played":"-274046505677280478","potions_obtained":[{"floor":2,"key":"Block Potion"},{"floor":7,"key":"champ:CounterPotion"},{"floor":12,"key":"FearPotion"},{"floor":13,"key":"ColorlessPotion"},{"floor":16,"key":"EssenceOfSteel"},{"floor":23,"key":"Strength Potion"},{"floor":28,"key":"Block Potion"},{"floor":31,"key":"CultistPotion"}],"is_trial":false,"path_per_floor":["M","M","M","M","M","R","E","R","T","?","M","M","E","M","R","B",null,"M","$","?","?","$","E","R","M","T","R","E","$","M","E","R","B"],"character_chosen":"NECROMANCER","items_purchased":["Bone_Armory","Lee\u0027s Waffle"],"campfire_rested":1,"item_purchase_floors":[19,22],"current_hp_per_floor":[75,75,71,71,67,67,59,59,69,69,73,78,64,66,66,59,85,68,68,52,52,92,87,87,90,90,90,61,61,60,10,39,0,0],"gold":93,"neow_bonus":"THREE_CARDS","is_daily":false,"chose_seed":false,"campfire_upgraded":4,"win_rate":0.0,"timestamp":1609794483,"path_taken":["M","M","M","M","M","R","E","R","T","?","M","M","E","M","R","BOSS","M","$","?","?","$","E","R","M","T","R","E","$","M","E","R","BOSS"],"items_purchased_type":["Card","Relic"],"build_version":"2020-12-22","purchased_purges":2,"victory":false,"max_hp_per_floor":[75,75,75,75,75,75,75,75,85,85,85,85,85,85,85,85,85,85,85,85,85,92,92,92,94,94,94,94,94,96,98,98,98,98],"card_choices":[{"not_picked":["Summon_Undead","Bone_Spikes"],"picked":"Negative_Energy_Mist","floor":0},{"not_picked":["Scare","Flesh_Made_Foul"],"picked":"Blood_Curse","floor":1},{"not_picked":["Epidemic","Bone_Bullets"],"picked":"Bone_Spikes","floor":2},{"not_picked":["Bone_Shift","Bones_to_Steel"],"picked":"Negative_Energy_Shield","floor":3},{"not_picked":["Necrotic_Claws","Thousand_Bone_Knives"],"picked":"Bone_Armory","floor":4},{"not_picked":["Blood_Magic","Vampiric_Strike"],"picked":"Bone_Armor","floor":5},{"not_picked":["Blood_Whip","Blood_Curse"],"picked":"Negative_Energy_Shield","floor":7},{"not_picked":["Vampiric_Strike","Necrotic_Claws"],"picked":"Negative_Energy_Sphere","floor":11},{"not_picked":["Negative_Energy_Javelin","Death_Coil"],"picked":"Stop_Heart","floor":12},{"not_picked":["Bone_Bullets","Summon_Undead"],"picked":"Bone_Armor","floor":13},{"not_picked":["Blood_for_Blood","Pandemic"],"picked":"Epidemic","floor":14},{"not_picked":["Reap_The_Weak","Blood_Magic"],"picked":"Summon_Death_Knight","floor":16},{"not_picked":["Scare+1","Bone_Spikes+1"],"picked":"Bone_Armory+1","floor":18},{"not_picked":["Negative_Energy_Javelin+1","Bone_Spikes"],"picked":"Summon_Undead","floor":23},{"not_picked":["Bone_Armor","Epidemic+1","Plague_Bolt"],"picked":"Singing Bowl","floor":25},{"not_picked":["Hellfire","Exploit+1"],"picked":"Violent_Necrosis","floor":28},{"not_picked":["Vampiric_Strike+1","Negative_Energy_Sphere","Pandemic"],"picked":"Singing Bowl","floor":30},{"not_picked":["Scare","Bone_Spikes","Necromantic_Selection+1"],"picked":"Singing Bowl","floor":31}],"player_experience":910208,"relics_obtained":[{"floor":7,"key":"HornCleat"},{"floor":9,"key":"Pear"},{"floor":13,"key":"Singing Bowl"},{"floor":20,"key":"Necronomicon"},{"floor":23,"key":"CaptainsWheel"},{"floor":28,"key":"Omamori"},{"floor":31,"key":"Pen Nib"}],"event_choices":[{"damage_healed":0,"gold_gain":0,"player_choice":"Bought 0 Potions","damage_taken":0,"max_hp_gain":0,"max_hp_loss":0,"event_name":"The Woman in Blue","floor":10,"gold_loss":0},{"damage_healed":0,"gold_gain":0,"player_choice":"Obtained Book","damage_taken":16,"max_hp_gain":0,"max_hp_loss":0,"event_name":"Cursed Tome","floor":20,"gold_loss":0},{"damage_healed":0,"gold_gain":0,"cards_transformed":["Shackles_Of_Pain"],"player_choice":"Transformed","damage_taken":0,"max_hp_gain":0,"max_hp_loss":0,"event_name":"Transmorgrifier","floor":21,"gold_loss":0,"cards_obtained":["Pandemic"]}],"is_beta":false,"boss_relics":[{"not_picked":["SacredBark","SlaversCollar"],"picked":"Pandora\u0027s Box"}],"items_purged_floors":[19,29],"is_endless":false,"potions_floor_spawned":[2,7,12,13,16,23,28,31],"killed_by":"Automaton","ascension_level":1}}