{"host":"kw4o7b3ro2ktmmbe","time":1609743567,"event":{"mods":["BaseMod","Evolution","Minty Spire (QoL Compilation)","StSLib","The Runesmith","Wandering Minibosses"],"gold_per_floor":[119,119,130,205,18,18,46,46,46,73,73,88,88,101,101,203,203,213,213,213,228,74,74,105,105,131,131,158,158,178,212,212,314,314,326,376,32,32,85,85,113,125,137,149,186,232,244,256,268,280],"floor_reached":51,"playtime":13874,"items_purged":["Runesmith:CraftFirestone"],"score":1032,"play_id":"73161606-ddaf-488e-a1e3-2225d5743958","local_time":"20210104195927","is_ascension_mode":true,"campfire_choices":[{"data":"Runesmith:HammerThrow","floor":6.0,"key":"SMITH"},{"data":"Runesmith:Fortify","floor":11.0,"key":"SMITH"},{"data":"Runesmith:CraftIncendium","floor":13.0,"key":"SMITH"},{"data":"Runesmith:Empowerment","floor":15.0,"key":"SMITH"},{"data":"Runesmith:CreatorForm","floor":25.0,"key":"SMITH"},{"floor":27.0,"key":"REST"},{"data":"Shame","floor":29.0,"key":"PURGE"},{"floor":32.0,"key":"REST"},{"data":"1","floor":40.0,"key":"LIFT"},{"data":"2","floor":42.0,"key":"LIFT"},{"data":"3","floor":47,"key":"LIFT"},{"data":"Pain","floor":49,"key":"PURGE"}],"circlet_count":0,"master_deck":["Runesmith:HeatedChisel","Runesmith:HeatedChisel","Runesmith:HeatedChisel","Runesmith:HeatedChisel","Runesmith:EarthShield","Runesmith:Defend_RS","Runesmith:Defend_RS","Runesmith:Fortify+1","Runesmith:HammerThrow+1","Runesmith:PoweredAnvil","Runesmith:Duplicate","Runesmith:CraftIncendium+1","Runesmith:Empowerment+1","Runesmith:CreatorForm+1","Runesmith:HammerAndChisel+1","Runesmith:CraftSpiculum","Runesmith:LightningRod","Runesmith:CraftProtectio+1","Runesmith:Augment","Runesmith:Repurpose+1","Decay","Sadistic Nature","Regret"],"relics":["Runesmith:BrokenRuby","EVO:Axolotl","Lantern","Blue Candle","Mummified Hand","Busted Crown","MutagenicStrength","Nilry\u0027s Codex","Orichalcum","Bag of Preparation","Blood Vial","Strawberry","Peace Pipe","Incense Burner","Cursed Key","Girya","Membership Card","Runesmith:AutoHammer","Juzu Bracelet","WarpedTongs","Thread and Needle","MawBank","Nunchaku","Centennial Puzzle","Potion Belt"],"acts_visited":["Exordium","TheCity","TheBeyond"],"potions_floor_usage":[50],"damage_taken":[{"damage":1.0,"enemies":"Jaw Worm","floor":1.0,"turns":4.0},{"damage":5.0,"enemies":"2 Louse","floor":3.0,"turns":2.0},{"damage":6.0,"enemies":"Gremlin Nob","floor":7.0,"turns":3.0},{"damage":0.0,"enemies":"Lagavulin","floor":10.0,"turns":5.0},{"damage":0.0,"enemies":"Cultist","floor":12.0,"turns":3.0},{"damage":0.0,"enemies":"Looter","floor":14.0,"turns":2.0},{"damage":24.0,"enemies":"Hexaghost","floor":16.0,"turns":7.0},{"damage":9.0,"enemies":"2 Thieves","floor":18.0,"turns":3.0},{"damage":10.0,"enemies":"Shell Parasite","floor":21.0,"turns":5.0},{"damage":19.0,"enemies":"Slavers","floor":24.0,"turns":5.0},{"damage":15.0,"enemies":"Book of Stabbing","floor":28.0,"turns":4.0},{"damage":10.0,"enemies":"Snake Plant","floor":30.0,"turns":3.0},{"damage":0.0,"enemies":"Gremlin Leader","floor":31.0,"turns":3.0},{"damage":0.0,"enemies":"Champ","floor":33.0,"turns":7.0},{"damage":10.0,"enemies":"Orb Walker","floor":35.0,"turns":3.0},{"damage":0.0,"enemies":"Mind Bloom Boss Battle","floor":36.0,"turns":7.0},{"damage":11.0,"enemies":"2 Orb Walkers","floor":39.0,"turns":5.0},{"damage":1.0,"enemies":"Reptomancer","floor":41.0,"turns":6.0},{"damage":0,"enemies":"Nemesis","floor":46,"turns":5},{"damage":0,"enemies":"Donu and Deca","floor":50,"turns":7}],"seed_played":"-8766248194434860266","potions_obtained":[{"floor":3.0,"key":"Dexterity Potion"},{"floor":7.0,"key":"EssenceOfSteel"},{"floor":21.0,"key":"Swift Potion"},{"floor":28.0,"key":"EssenceOfSteel"},{"floor":31.0,"key":"DuplicationPotion"},{"floor":35.0,"key":"LiquidMemories"},{"floor":48,"key":"SteroidPotion"},{"floor":48,"key":"Explosive Potion"}],"is_trial":false,"path_per_floor":["M","?","M","?","$","R","E","$","T","E","R","M","R","M","R","B",null,"M","?","?","M","$","?","E","R","T","R","E","R","M","E","R","B",null,"M","?","$","?","?","R","E","R","T","?","T","E","R","?","R","B",null],"character_chosen":"RUNESMITH_CLASS","items_purchased":["Lantern","Runesmith:PoweredAnvil","Orichalcum","Membership Card","Runesmith:AutoHammer","Juzu Bracelet"],"campfire_rested":2,"item_purchase_floors":[5,5,22,37,37,37],"current_hp_per_floor":[76,69,64,53,53,53,47,47,47,47,47,47,47,47,47,23,77,68,68,52,42,42,42,23,23,30,55,42,42,34,36,61,63,84,74,76,76,76,67,67,68,68,68,68,68,70,70,70,70,72],"gold":292,"neow_bonus":"TEN_PERCENT_HP_BONUS","is_daily":false,"chose_seed":false,"campfire_upgraded":5,"win_rate":0.0,"timestamp":1609743567,"path_taken":["M","?","M","?","$","R","E","?","T","E","R","?","R","M","R","BOSS","M","?","?","M","?","?","E","R","T","R","E","R","M","E","R","BOSS","M","?","$","?","?","R","E","R","T","?","?","E","R","?","R","BOSS"],"items_purchased_type":["Relic","Card","Relic","Relic","Relic","Relic"],"build_version":"2020-12-22","purchased_purges":1,"victory":true,"max_hp_per_floor":[77,77,77,77,77,77,77,77,77,77,77,77,77,77,77,77,77,77,77,77,77,77,77,77,77,84,84,84,84,84,84,84,84,84,84,84,84,84,84,84,84,84,84,84,84,84,84,84,84,84],"card_choices":[{"not_picked":["Runesmith:BackupBattery","Runesmith:RuneHurl"],"picked":"Runesmith:HammerThrow","floor":1.0},{"not_picked":["Runesmith:Repurpose","Runesmith:ChargedHammer","Runesmith:UnstableHammer"],"picked":"SKIP","floor":3.0},{"not_picked":["Runesmith:Prism","Runesmith:EnergizedChisel","Runesmith:Overpower"],"picked":"SKIP","floor":7.0},{"not_picked":["Runesmith:Overpower","Runesmith:CraftVitae"],"picked":"Runesmith:Duplicate","floor":10.0},{"not_picked":["Runesmith:HeatedChisel","Runesmith:RuneHurl"],"picked":"Runesmith:CraftIncendium","floor":12.0},{"not_picked":["Runesmith:Grindstone","Runesmith:FieryHammer"],"picked":"Runesmith:Empowerment","floor":14.0},{"not_picked":["Runesmith:GenerateForcefield","Runesmith:UnlimitedPower"],"picked":"Runesmith:CreatorForm","floor":16.0},{"not_picked":[],"picked":"Runesmith:HammerAndChisel+1","floor":18.0},{"not_picked":["Runesmith:EarthShield"],"picked":"SKIP","floor":21.0},{"not_picked":["Runesmith:CraftProtectio"],"picked":"SKIP","floor":24.0},{"not_picked":["Runesmith:StaticCage+1"],"picked":"SKIP","floor":28.0},{"not_picked":[],"picked":"Runesmith:CraftSpiculum","floor":30.0},{"not_picked":["Runesmith:ShiftingStrike"],"picked":"SKIP","floor":31.0},{"not_picked":[],"picked":"Runesmith:LightningRod","floor":33.0},{"not_picked":["Runesmith:RunicBlueprint"],"picked":"SKIP","floor":35.0},{"not_picked":[],"picked":"Runesmith:CraftProtectio+1","floor":36.0},{"not_picked":[],"picked":"Runesmith:Augment","floor":39.0},{"not_picked":[],"picked":"Runesmith:Repurpose+1","floor":41.0},{"not_picked":[],"picked":"Sadistic Nature","floor":44},{"not_picked":["Runesmith:Prism"],"picked":"SKIP","floor":46}],"player_experience":1799363,"relics_obtained":[{"floor":9.0,"key":"Blue Candle"},{"floor":10.0,"key":"Mummified Hand"},{"floor":20.0,"key":"Nilry\u0027s Codex"},{"floor":24.0,"key":"Blood Vial"},{"floor":26.0,"key":"Strawberry"},{"floor":28.0,"key":"Peace Pipe"},{"floor":31.0,"key":"Incense Burner"},{"floor":36.0,"key":"Girya"},{"floor":39.0,"key":"Thread and Needle"},{"floor":41.0,"key":"MawBank"},{"floor":43.0,"key":"Nunchaku"},{"floor":45,"key":"Centennial Puzzle"},{"floor":46,"key":"Potion Belt"}],"event_choices":[{"cards_removed":["Runesmith:Defend_RS"],"damage_healed":0.0,"max_hp_gain":0.0,"max_hp_loss":0.0,"gold_gain":0.0,"event_name":"Golden Wing","player_choice":"Card Removal","floor":2.0,"gold_loss":0.0,"damage_taken":7.0},{"damage_healed":0.0,"max_hp_gain":0.0,"max_hp_loss":0.0,"gold_gain":75.0,"event_name":"World of Goop","player_choice":"Gather Gold","floor":4.0,"gold_loss":0.0,"damage_taken":11.0},{"damage_healed":0.0,"max_hp_gain":0.0,"max_hp_loss":0.0,"gold_gain":0.0,"event_name":"Drug Dealer","player_choice":"Inject Mutagens","floor":19.0,"gold_loss":0.0,"damage_taken":0.0,"relics_obtained":["MutagenicStrength"]},{"damage_healed":0.0,"max_hp_gain":0.0,"max_hp_loss":0.0,"gold_gain":0.0,"event_name":"Cursed Tome","player_choice":"Obtained Book","floor":20.0,"gold_loss":0.0,"damage_taken":16.0},{"damage_healed":0.0,"max_hp_gain":0.0,"max_hp_loss":0.0,"gold_gain":0.0,"event_name":"Addict","player_choice":"Stole Relic","floor":23.0,"gold_loss":0.0,"damage_taken":0.0,"relics_obtained":["Bag of Preparation"],"cards_obtained":["Shame"]},{"damage_healed":0.0,"max_hp_gain":0.0,"max_hp_loss":0.0,"gold_gain":0.0,"event_name":"MindBloom","player_choice":"Fight","floor":36.0,"gold_loss":0.0,"damage_taken":0.0},{"damage_healed":0.0,"max_hp_gain":0.0,"max_hp_loss":0.0,"gold_gain":0.0,"event_name":"Accursed Blacksmith","player_choice":"Rummage","floor":38.0,"gold_loss":0.0,"damage_taken":0.0,"relics_obtained":["WarpedTongs"],"cards_obtained":["Pain"]},{"damage_healed":0.0,"max_hp_gain":0.0,"max_hp_loss":0.0,"gold_gain":0.0,"event_name":"Mysterious Sphere","player_choice":"Fight","floor":39.0,"gold_loss":0.0,"damage_taken":0.0},{"damage_healed":0,"gold_gain":0,"player_choice":"Memory 1","damage_taken":0,"max_hp_gain":0,"max_hp_loss":0,"event_name":"SensoryStone","floor":44,"gold_loss":0},{"damage_healed":0,"gold_gain":0,"player_choice":"Got Potions","damage_taken":0,"max_hp_gain":0,"max_hp_loss":0,"event_name":"Lab","floor":48,"gold_loss":0}],"is_beta":false,"boss_relics":[{"not_picked":["Runesmith:PocketReactor","Ectoplasm"],"picked":"Busted Crown"},{"not_picked":["Snecko Eye","Philosopher\u0027s Stone"],"picked":"Cursed Key"}],"items_purged_floors":[37],"is_endless":false,"potions_floor_spawned":[3,7,21,28,31,35,41],"ascension_level":1}}