{"host":"55yei7x27djrlaep","time":1609768908,"event":{"mods":["Act Like it!","Aspiration","BaseMod","Better Altar","Better Match","Better Note","Better Sensory Stone","Better Skull","Better Third Choice","BetterRewards","Colored Map","Conspire","Friendly Minions","GifTheSpireLib","Gremlin Mod","Halation","Hubris","Marisa????????","Minty Spire (QoL Compilation)","Pale of the Ancients","Replay The Spire","StSLib","Stuff the Spire","The Marked"],"gold_per_floor":[118,152,152,163,163,163,178,208,279,307,307,307,332,352,352,476,476,491,510,710,213,237,273,104,153,177,177,224,242,242,265,265,405,405,423,100,124,143,143,143,188,206,232,280,280,306,356,388,388,500,500],"floor_reached":50,"playtime":2997,"items_purged":["theMarked:Strike","theMarked:Defend"],"score":777,"play_id":"ac0bf1af-fb65-457b-9650-f346a13eef77","local_time":"20210104170148","is_ascension_mode":true,"campfire_choices":[{"data":"theMarked:SoldierOfQuellstein","floor":6,"key":"SMITH"},{"floor":11,"key":"REST"},{"floor":15,"key":"REST"},{"data":"theMarked:BindingBlade","floor":27,"key":"SMITH"},{"floor":32,"key":"REST"},{"data":"theMarked:Abjuration","floor":40,"key":"SMITH"},{"floor":49,"key":"RECALL"}],"circlet_count":0,"master_deck":["theMarked:Strike","theMarked:Defend+1","theMarked:Defend+1","theMarked:SoldierOfQuellstein+1","theMarked:BanishingStrike","theMarked:BanishingStrike","theMarked:AttractMetal","theMarked:Improvise","theMarked:Frustration","theMarked:BanishingStrike","theMarked:Abjuration+1","theMarked:WardOff","theMarked:BindingBlade+1","theMarked:ComboAttacks+1","theMarked:WardOff+1","theMarked:Panic","StuffTheSpire:FreeRealEstate","theMarked:Seal+1","theMarked:FavorableWinds","theMarked:DeterminationOfTheMarked","theMarked:Levitate","theMarked:TwofoldDefense","theMarked:HeritageOfTheMarked","theMarked:WardOff+1","theMarked:BanishingWave+1","theMarked:MuscleMemory"],"relics":["theMarked:ArtifactOfAir","conspire:DecoderRing","StuffTheSpire:Experiment12","halation:Toothbrush","Replay:Kaleidoscope","Golden Idol","Sozu","hubris:MysteriousPyramids","StuffTheSpire:Barrel","War Paint","Orichalcum","Replay:Bronze Core","Replay:Bottled Flurry","hubris:Icosahedron","Bird Faced Urn","halation:Pancakes","Bottled Tornado","aspiration:HatOfInfinitePower"],"acts_visited":["Exordium","TheCity","TheBeyond"],"potions_floor_usage":[8,10,16,44],"damage_taken":[{"damage":0,"enemies":"2 Louse","floor":1,"turns":3},{"damage":37,"enemies":"conspire:MimicChest","floor":2,"turns":5},{"damage":3,"enemies":"Jaw Worm","floor":4,"turns":4},{"damage":4,"enemies":"Small Slimes","floor":7,"turns":2},{"damage":0,"enemies":"Lagavulin","floor":8,"turns":3},{"damage":15,"enemies":"Gremlin Nob","floor":10,"turns":3},{"damage":8,"enemies":"Blue Slaver","floor":13,"turns":3},{"damage":7,"enemies":"Exordium Thugs","floor":14,"turns":4},{"damage":15,"enemies":"The Guardian","floor":16,"turns":7},{"damage":6,"enemies":"Spheric Guardian","floor":18,"turns":3},{"damage":0,"enemies":"Shell Parasite","floor":19,"turns":1},{"damage":1,"enemies":"Cultist and Chosen","floor":22,"turns":3},{"damage":9,"enemies":"Slavers","floor":23,"turns":3},{"damage":2,"enemies":"Book of Stabbing","floor":25,"turns":3},{"damage":30,"enemies":"Gremlin Leader","floor":28,"turns":4},{"damage":0,"enemies":"Snecko","floor":29,"turns":3},{"damage":0,"enemies":"Shelled Parasite and Fungi","floor":31,"turns":2},{"damage":20,"enemies":"Collector","floor":33,"turns":5},{"damage":4,"enemies":"Orb Walker","floor":35,"turns":2},{"damage":13,"enemies":"3 Darklings","floor":37,"turns":4},{"damage":12,"enemies":"Transient","floor":38,"turns":5},{"damage":20,"enemies":"R_Hoarder","floor":41,"turns":4},{"damage":2,"enemies":"Jaw Worm Horde","floor":42,"turns":3},{"damage":22,"enemies":"Reptomancer","floor":44,"turns":4},{"damage":0,"enemies":"Spire Growth","floor":46,"turns":3},{"damage":3,"enemies":"Giant Head","floor":47,"turns":6},{"damage":4,"enemies":"Maw","floor":48,"turns":5},{"damage":73,"enemies":"Time Eater","floor":50,"turns":7}],"seed_played":"975569975447403170","potions_obtained":[{"floor":2,"key":"LiquidBronze"},{"floor":4,"key":"SkillPotion"},{"floor":13,"key":"ColorlessPotion"},{"floor":14,"key":"Adrenaline Potion"}],"is_trial":false,"path_per_floor":["M","?","?","M","?","R","M","E","T","E","R","?","M","M","R","B",null,"M","M","?","$","M","E","$","E","T","R","E","M","?","M","R","B",null,"M","$","M","M","?","R","E","M","T","E","?","M","E","M","R_BF","B"],"character_chosen":"THE_DEFAULT","items_purchased":["theMarked:Panic","hubris:MysteriousPyramids","StuffTheSpire:FreeRealEstate","theMarked:DeterminationOfTheMarked","theMarked:HeritageOfTheMarked","Replay:Bottled Flurry"],"campfire_rested":3,"item_purchase_floors":[21,21,21,24,36,36],"current_hp_per_floor":[63,26,32,29,29,29,25,25,25,10,28,28,20,13,30,15,58,52,52,52,55,54,45,48,46,46,46,16,16,16,16,35,15,64,60,60,47,35,35,35,15,19,52,36,39,45,48,63,63,0,0],"gold":500,"neow_bonus":"REMOVE_TWO","is_daily":false,"chose_seed":false,"campfire_upgraded":3,"win_rate":0.0,"timestamp":1609768908,"path_taken":["M","?","?","M","?","R","M","E","T","E","R","?","M","M","R","BOSS","M","M","?","$","M","E","?","E","T","R","E","M","?","M","R","BOSS","M","$","M","M","?","R","E","M","T","E","?","M","E","M","R_BF","BOSS"],"items_purchased_type":["Card","Relic","Card","Card","Card","Relic"],"build_version":"2020-12-22","purchased_purges":2,"victory":false,"max_hp_per_floor":[63,63,63,63,63,63,63,63,63,63,63,58,58,58,58,58,58,58,58,58,61,61,61,64,64,64,64,64,64,64,64,64,64,64,64,64,64,64,64,64,64,64,64,64,67,67,67,67,67,67,67],"card_choices":[{"not_picked":["theMarked:ElectricStrings","theMarked:WastefulDefense"],"picked":"theMarked:BanishingStrike","floor":1},{"not_picked":["theMarked:WastefulAttack","theMarked:Frustration"],"picked":"theMarked:BanishingStrike","floor":2},{"not_picked":["theMarked:Parry","theMarked:BanishingStrike"],"picked":"theMarked:AttractMetal","floor":4},{"not_picked":["theMarked:Frustration","theMarked:Parkour"],"picked":"theMarked:Improvise","floor":7},{"not_picked":["theMarked:Improvise","theMarked:ElectricStrings"],"picked":"theMarked:Frustration","floor":8},{"not_picked":["theMarked:Parkour","theMarked:ElectricStrings"],"picked":"theMarked:BanishingStrike","floor":10},{"not_picked":["theMarked:GodGivenPower","theMarked:SwordAndMagic"],"picked":"theMarked:Abjuration","floor":13},{"not_picked":["theMarked:Static","theMarked:RogueSparks"],"picked":"theMarked:WardOff","floor":14},{"not_picked":["theMarked:Defy","theMarked:Challenge"],"picked":"theMarked:BindingBlade","floor":16},{"not_picked":["theMarked:HeightenedSenses","theMarked:Overthink+1"],"picked":"theMarked:ComboAttacks+1","floor":18},{"not_picked":["theMarked:Static+1","theMarked:HeightenedSenses"],"picked":"theMarked:WardOff+1","floor":19},{"not_picked":["theMarked:WastefulDefense","theMarked:Static"],"picked":"theMarked:Seal+1","floor":22},{"not_picked":["theMarked:Static+1","theMarked:ShockingTouch+1"],"picked":"theMarked:FavorableWinds","floor":23},{"not_picked":["theMarked:Parkour+1","theMarked:DeterminationOfTheMarked","theMarked:ResourceFulStrike"],"picked":"SKIP","floor":25},{"not_picked":["theMarked:SwordAndMagic","theMarked:MaelstromOfLightning","theMarked:ChainLightning"],"picked":"SKIP","floor":28},{"not_picked":["theMarked:Frustration+1","theMarked:Convert+1","theMarked:ChainLightning"],"picked":"SKIP","floor":29},{"not_picked":["theMarked:Opportunist+1","theMarked:BanishingStrike","theMarked:ResourceFulStrike"],"picked":"SKIP","floor":31},{"not_picked":["theMarked:TakeOffHeels","theMarked:ThrowWeapon"],"picked":"theMarked:Levitate","floor":33},{"not_picked":["theMarked:ComboAttacks","theMarked:ContemptForTheProud"],"picked":"theMarked:TwofoldDefense","floor":35},{"not_picked":["theMarked:Opportunist+1","theMarked:Improvise+1"],"picked":"theMarked:WardOff+1","floor":37},{"not_picked":["theMarked:TwofoldDefense","theMarked:RepellingDischarge+1","theMarked:EmpowerWeapon"],"picked":"SKIP","floor":38},{"not_picked":["theMarked:MaelstromOfLightning+1","theMarked:Aftermath+1","theMarked:ShockingTouch"],"picked":"SKIP","floor":41},{"not_picked":["theMarked:ElementalBlade+1","theMarked:RepellingDischarge+1","theMarked:StartUp"],"picked":"SKIP","floor":42},{"not_picked":["theMarked:Opportunist+1","theMarked:Generate+1","theMarked:ShockingTouch+1"],"picked":"SKIP","floor":44},{"not_picked":["theMarked:Electrocute","theMarked:ContemptForTheProud+1","theMarked:Polarize"],"picked":"SKIP","floor":46},{"not_picked":["theMarked:Improvise","theMarked:LightningStrikesTwice"],"picked":"theMarked:BanishingWave+1","floor":47},{"not_picked":["theMarked:EnhanceMovement+1","theMarked:ResourceFulStrike+1"],"picked":"theMarked:MuscleMemory","floor":48}],"player_experience":421592,"relics_obtained":[{"floor":2,"key":"conspire:DecoderRing"},{"floor":8,"key":"StuffTheSpire:Experiment12"},{"floor":9,"key":"halation:Toothbrush"},{"floor":10,"key":"Replay:Kaleidoscope"},{"floor":23,"key":"StuffTheSpire:Barrel"},{"floor":25,"key":"War Paint"},{"floor":28,"key":"Orichalcum"},{"floor":41,"key":"Bird Faced Urn"},{"floor":43,"key":"halation:Pancakes"},{"floor":44,"key":"Bottled Tornado"},{"floor":47,"key":"aspiration:HatOfInfinitePower"}],"event_choices":[{"damage_healed":0,"gold_gain":0,"player_choice":"Lose Max HP","damage_taken":0,"relics_obtained":["Golden Idol"],"max_hp_gain":0,"max_hp_loss":5,"event_name":"Golden Idol","floor":12,"gold_loss":0},{"damage_healed":0,"gold_gain":250,"player_choice":"Bet on Owner","damage_taken":0,"max_hp_gain":0,"max_hp_loss":0,"event_name":"The Joust","floor":20,"gold_loss":50},{"damage_healed":0,"gold_gain":0,"player_choice":"Leave","damage_taken":0,"max_hp_gain":0,"max_hp_loss":0,"event_name":"conspire:Investor","floor":30,"gold_loss":0},{"cards_removed":["theMarked:Defend"],"damage_healed":0,"gold_gain":0,"player_choice":"Removed Skill","damage_taken":0,"max_hp_gain":0,"max_hp_loss":0,"event_name":"Falling","floor":45,"gold_loss":0}],"is_beta":false,"boss_relics":[{"not_picked":["conspire:RoyalGoblet","halation:CatFaceCupcake"],"picked":"Sozu"},{"not_picked":["halation:PinkAlligatorPlush","Fusion Hammer"],"picked":"Replay:Bronze Core"}],"items_purged_floors":[21,24],"is_endless":false,"potions_floor_spawned":[2,4,13,14,18,19,25,29,35,44,48],"killed_by":"Time Eater","ascension_level":4}}