{"host":"a6uhpg2a2i425edt","time":1609754322,"event":{"mods":["Arknights The Spire","BaseMod","Colored Map","Minty Spire (QoL Compilation)","StSLib"],"gold_per_floor":[20,20,38,38,50,50,65,75,75,104,104,133,133,164,164,260,260,270,195,205,220,220,220,245,145,145,145,145,145,174,185,185,290,290,305,305,318,318,193,223,248,275,275,300,300,311,342,356,356,356,356,356,54,85,85,85],"floor_reached":55,"playtime":2666,"items_purged":["Regret","ats:Strike V","ats:Armor Crushing Shot","ats:Strike S"],"score":882,"play_id":"bb23ed81-b87e-4aef-817a-800d05f08546","local_time":"20210104175842","is_ascension_mode":true,"campfire_choices":[{"data":"ats:Burning Ground","floor":6.0,"key":"SMITH"},{"data":"ats:Emotion Absorption","floor":11.0,"key":"SMITH"},{"data":"ats:Part Time Job","floor":15.0,"key":"SMITH"},{"data":"ats:Healing Drone","floor":23.0,"key":"SMITH"},{"floor":27.0,"key":"RECALL"},{"data":"ats:Composite Medical Shells","floor":29.0,"key":"SMITH"},{"data":"ats:Calcification","floor":32.0,"key":"SMITH"},{"data":"ats:Healing Strengthening","floor":49.0,"key":"SMITH"},{"data":"ats:Calcification","floor":52.0,"key":"SMITH"}],"circlet_count":0,"master_deck":["ats:Strike C","ats:Defend","ats:Defend","ats:Defend","ats:Defend","ats:Emotion Absorption+1","ats:Sunburst+1","ats:Healing Drone+1","ats:Burning Ground+1","ats:Composite Medical Shells+1","ats:Part Time Job+1","ats:Shell Defense","ats:Calcification+1","ats:Flame Of Heaven+1","ats:Charging Defense","ats:Calcification+1","ats:Spore Proliferation+1","ats:Dogmatic Field+1","ats:Sunburst+1","ats:Shell Defense+1","ats:Healing Strengthening+1","ats:Revitalization+1","ats:Encircling Forest"],"relics":["ats:Sanity","Unceasing Top","Darkstone Periapt","ats:Originium","HornCleat","Nunchaku","ats:Hidden Killer","Anchor","Runic Dome","Strawberry","Letter Opener","Blood Vial","ats:Tactical Delivery","Regal Pillow","Bronze Scales","ats:Ability Aura","Shuriken","Mummified Hand","ats:Bonebreaker","Gremlin Horn"],"acts_visited":["Exordium","TheCity","TheBeyond","TheEnding"],"potions_floor_usage":[],"damage_taken":[{"damage":5.0,"enemies":"Jaw Worm","floor":1.0,"turns":4.0},{"damage":2.0,"enemies":"2 Louse","floor":3.0,"turns":2.0},{"damage":0.0,"enemies":"Small Slimes","floor":5.0,"turns":2.0},{"damage":0.0,"enemies":"3 Louse","floor":7.0,"turns":2.0},{"damage":0.0,"enemies":"Lots of Slimes","floor":8.0,"turns":2.0},{"damage":17.0,"enemies":"Gremlin Nob","floor":10.0,"turns":4.0},{"damage":8.0,"enemies":"3 Sentries","floor":12.0,"turns":3.0},{"damage":56.0,"enemies":"Lagavulin","floor":14.0,"turns":9.0},{"damage":70.0,"enemies":"The Guardian","floor":16.0,"turns":16.0},{"damage":20.0,"enemies":"Spheric Guardian","floor":18.0,"turns":5.0},{"damage":17.0,"enemies":"2 Thieves","floor":20.0,"turns":4.0},{"damage":37.0,"enemies":"Snake Plant","floor":21.0,"turns":6.0},{"damage":12.0,"enemies":"Gremlin Leader","floor":24.0,"turns":8.0},{"damage":22.0,"enemies":"Slavers","floor":30.0,"turns":3.0},{"damage":0.0,"enemies":"3 Cultists","floor":31.0,"turns":4.0},{"damage":29.0,"enemies":"Champ","floor":33.0,"turns":18.0},{"damage":6.0,"enemies":"Orb Walker","floor":35.0,"turns":4.0},{"damage":10.0,"enemies":"3 Shapes","floor":37.0,"turns":4.0},{"damage":150.0,"enemies":"Nemesis","floor":40.0,"turns":9.0},{"damage":51.0,"enemies":"Giant Head","floor":42.0,"turns":9.0},{"damage":0.0,"enemies":"Reptomancer","floor":44.0,"turns":5.0},{"damage":20.0,"enemies":"Writhing Mass","floor":46.0,"turns":4.0},{"damage":11.0,"enemies":"Giant Head","floor":47.0,"turns":8.0},{"damage":13.0,"enemies":"3 Darklings","floor":48.0,"turns":3.0},{"damage":64.0,"enemies":"Time Eater","floor":50.0,"turns":9.0},{"damage":33.0,"enemies":"Shield and Spear","floor":54.0,"turns":5.0},{"damage":0,"enemies":"The Heart","floor":55,"turns":1}],"seed_played":"-5478229246425453980","potions_obtained":[{"floor":3.0,"key":"DistilledChaos"},{"floor":5.0,"key":"SpeedPotion"},{"floor":7.0,"key":"Swift Potion"},{"floor":8.0,"key":"LiquidMemories"},{"floor":16.0,"key":"SneckoOil"},{"floor":20.0,"key":"DistilledChaos"},{"floor":21.0,"key":"Fire Potion"},{"floor":37.0,"key":"EssenceOfSteel"},{"floor":40.0,"key":"Energy Potion"},{"floor":46.0,"key":"Weak Potion"},{"floor":47.0,"key":"Weak Potion"}],"is_trial":false,"path_per_floor":["M","?","M","?","M","R","M","M","T","E","R","E","?","E","R","B",null,"M","$","M","M","?","R","E","$","T","R","?","R","E","M","R","B",null,"M","?","M","?","$","E","T","E","T","E","?","M","E","M","R","B",null,"R","$","E","B"],"character_chosen":"DOCTOR_CLASS","items_purchased":["LiquidBronze","ats:Encircling Forest"],"campfire_rested":0,"item_purchase_floors":[53,53],"current_hp_per_floor":[67,67,65,58,64,64,70,70,70,53,53,56,62,36,36,44,78,64,64,67,47,32,32,71,71,71,71,71,71,54,77,77,90,90,89,89,90,90,90,18,18,78,78,90,81,90,90,77,77,90,90,90,90,90,90,90],"gold":85,"neow_bonus":"ONE_RARE_RELIC","is_daily":false,"chose_seed":false,"campfire_upgraded":8,"win_rate":0.0,"timestamp":1609754322,"path_taken":["M","?","M","?","M","R","M","M","T","E","R","E","?","E","R","BOSS","M","$","M","M","?","R","E","$","T","R","?","R","E","M","R","BOSS","BOSS","M","?","?","?","$","E","?","E","T","E","?","M","E","M","R","BOSS","R","$","E","BOSS"],"items_purchased_type":["Potion","Card"],"build_version":"2020-12-22","purchased_purges":4,"victory":false,"max_hp_per_floor":[72,72,72,72,72,72,72,72,72,72,72,72,78,78,78,78,78,78,78,78,78,83,83,90,90,90,90,90,90,90,90,90,90,90,90,90,90,90,90,90,90,90,90,90,90,90,90,90,90,90,90,90,90,90,90,90],"card_choices":[{"not_picked":["ats:Poison Spread","ats:Assault Order"],"picked":"ats:Sunburst","floor":1.0},{"not_picked":["ats:Demon Strength","ats:Counter Healing Mode"],"picked":"ats:Healing Drone","floor":3.0},{"not_picked":["ats:Hammer On","ats:Charging Defense"],"picked":"ats:Burning Ground","floor":5.0},{"not_picked":["ats:Assault Order","ats:Cat Scratch","ats:Curse Doll"],"picked":"SKIP","floor":7.0},{"not_picked":["ats:Automatic Cover","ats:Assault Order"],"picked":"ats:Composite Medical Shells","floor":8.0},{"not_picked":["ats:Durian","ats:Curse Doll"],"picked":"ats:Part Time Job","floor":10.0},{"not_picked":["ats:Part Time Job","ats:Sword Rain","ats:Ignite"],"picked":"SKIP","floor":12.0},{"not_picked":["ats:Poison Spread","ats:Curse Doll"],"picked":"ats:Shell Defense","floor":14.0},{"not_picked":["ats:Nebulous Foxfire","ats:Shadow Assault"],"picked":"ats:Calcification","floor":16.0},{"not_picked":["ats:Shell Defense","ats:Powerful Strike","ats:Ignite"],"picked":"SKIP","floor":18.0},{"not_picked":["ats:Poison Spread","ats:Healing Strengthening"],"picked":"ats:Flame Of Heaven+1","floor":20.0},{"not_picked":["ats:Ignite","ats:Hammer On+1"],"picked":"ats:Charging Defense","floor":21.0},{"not_picked":["ats:Childhood Dance","ats:Explosion Area Strengthen"],"picked":"ats:Calcification","floor":24.0},{"not_picked":["ats:Apocalypse","ats:Cat Scratch+1","ats:Poison Spread"],"picked":"SKIP","floor":30.0},{"not_picked":["ats:Apocalypse","ats:Cat Scratch+1","ats:Poison Spread"],"picked":"SKIP","floor":30.0},{"not_picked":["ats:Support Order+1","ats:Revitalization+1"],"picked":"ats:Spore Proliferation+1","floor":31.0},{"not_picked":["ats:Wolf Pack","ats:Volcano"],"picked":"ats:Dogmatic Field","floor":33.0},{"not_picked":["ats:Hammer On+1","ats:Shell Defense"],"picked":"ats:Sunburst+1","floor":35.0},{"not_picked":["ats:Hammer On+1","ats:Consecutive Shot Auto+1","ats:Leaping Hammer"],"picked":"SKIP","floor":37.0},{"not_picked":["ats:True Silver Slash","ats:Part Time Job","ats:Assault Order+1"],"picked":"SKIP","floor":40.0},{"not_picked":["ats:Leaping Hammer+1","ats:Poison Spread+1","ats:Closed Bolt Burst Fire+1"],"picked":"SKIP","floor":42.0},{"not_picked":["ats:Neurotoxin+1","ats:Poison Spread+1"],"picked":"ats:Shell Defense+1","floor":44.0},{"not_picked":["ats:Revitalization","ats:Shell Defense"],"picked":"ats:Healing Strengthening","floor":46.0},{"not_picked":["ats:Chain Hook","ats:Wolf Pack"],"picked":"ats:Revitalization+1","floor":47.0},{"not_picked":["ats:Blood Oath","ats:Closed Bolt Burst Fire","ats:Sword Rain"],"picked":"SKIP","floor":48.0},{"not_picked":["ats:Chain Hook","ats:Childhood Dance","ats:Demon Strength"],"picked":"SKIP","floor":54.0}],"player_experience":407455,"relics_obtained":[{"floor":10.0,"key":"ats:Originium"},{"floor":10.0,"key":"HornCleat"},{"floor":12.0,"key":"ats:Originium"},{"floor":12.0,"key":"Nunchaku"},{"floor":14.0,"key":"ats:Originium"},{"floor":14.0,"key":"Anchor"},{"floor":24.0,"key":"Strawberry"},{"floor":26.0,"key":"Letter Opener"},{"floor":30.0,"key":"Blood Vial"},{"floor":40.0,"key":"Regal Pillow"},{"floor":41.0,"key":"Bronze Scales"},{"floor":42.0,"key":"ats:Ability Aura"},{"floor":43.0,"key":"Shuriken"},{"floor":44.0,"key":"Mummified Hand"},{"floor":47.0,"key":"ats:Bonebreaker"},{"floor":54.0,"key":"Gremlin Horn"}],"event_choices":[{"damage_healed":0.0,"max_hp_gain":0.0,"max_hp_loss":0.0,"gold_gain":0.0,"event_name":"Living Wall","player_choice":"Grow","floor":2.0,"gold_loss":0.0,"damage_taken":0.0,"cards_upgraded":["ats:Sunburst"]},{"damage_healed":0.0,"max_hp_gain":0.0,"max_hp_loss":0.0,"gold_gain":0.0,"event_name":"Scrap Ooze","player_choice":"Success","floor":4.0,"gold_loss":0.0,"damage_taken":7.0,"relics_obtained":["Darkstone Periapt"]},{"damage_healed":0.0,"max_hp_gain":0.0,"max_hp_loss":0.0,"gold_gain":0.0,"event_name":"Big Fish","player_choice":"Box","floor":13.0,"gold_loss":0.0,"damage_taken":0.0,"relics_obtained":["ats:Hidden Killer"],"cards_obtained":["Regret"]},{"damage_healed":0.0,"max_hp_gain":5.0,"max_hp_loss":0.0,"gold_gain":0.0,"event_name":"Forgotten Altar","player_choice":"Shed Blood","floor":22.0,"gold_loss":0.0,"damage_taken":20.0},{"damage_healed":0.0,"max_hp_gain":0.0,"max_hp_loss":0.0,"gold_gain":0.0,"event_name":"Vampires","player_choice":"Ignored","floor":28.0,"gold_loss":0.0,"damage_taken":0.0},{"damage_healed":0.0,"max_hp_gain":0.0,"max_hp_loss":0.0,"gold_gain":0.0,"event_name":"Upgrade Shrine","player_choice":"Upgraded","floor":36.0,"gold_loss":0.0,"damage_taken":0.0,"cards_upgraded":["ats:Dogmatic Field"]},{"cards_removed":["ats:Strike G"],"damage_healed":0.0,"max_hp_gain":0.0,"max_hp_loss":0.0,"gold_gain":0.0,"event_name":"Falling","player_choice":"Removed Attack","floor":38.0,"gold_loss":0.0,"damage_taken":0.0},{"damage_healed":0.0,"max_hp_gain":0.0,"max_hp_loss":0.0,"gold_gain":0.0,"event_name":"Wheel of Change","player_choice":"Damaged","floor":45.0,"gold_loss":0.0,"damage_taken":9.0}],"is_beta":false,"boss_relics":[{"not_picked":["Calling Bell","Pandora\u0027s Box"],"picked":"Runic Dome"},{"not_picked":["Runic Pyramid","Philosopher\u0027s Stone"],"picked":"ats:Tactical Delivery"}],"items_purged_floors":[19,25,39,53],"is_endless":false,"potions_floor_spawned":[3,5,7,8,16,20,21,37,40,46,47],"killed_by":"The Heart","ascension_level":1}}