{"host":"ifw7cdx76lcpw3w9","time":1609737147,"event":{"mods":["AchievementEnabler","Act Like it!","BaseMod","Downfall","Friendly Minions","Minty Spire (QoL Compilation)","StSLib"],"gold_per_floor":[99,116,127,140,315,240,267,283,294,313,413,13,13,113,128,128,128],"floor_reached":16,"playtime":1488,"items_purged":["sneckomod:Strike"],"score":94,"play_id":"42e78c91-d9ae-4d83-a4ea-d698ebb077c6","local_time":"20210103221227","is_ascension_mode":false,"campfire_choices":[{"floor":1,"key":"RECALL"},{"data":"sneckomod:UnknownUncommonPower","floor":6,"key":"SMITH"},{"data":"sneckomod:UnlimitedRolls","floor":13,"key":"SMITH"}],"circlet_count":0,"master_deck":["sneckomod:Strike","sneckomod:Strike","sneckomod:Defend","sneckomod:Defend","sneckomod:TailWhip","sneckomod:SnekBite","sneckomod:Unknown","sneckomod:Unknown","sneckomod:UnknownUncommonPower+1","sneckomod:DiceCrush","sneckomod:ImprovisedGuard","sneckomod:SnakeSap","sneckomod:UnlimitedRolls+1","sneckomod:UnknownClassBLUE+1","sneckomod:DiceBoulder"],"relics":["sneckomod:SneckoSoul","downfall:HeartBlessingRed","Ice Cream"],"acts_visited":["Exordium"],"potions_floor_usage":[15,16],"damage_taken":[{"damage":0,"enemies":"Cultist","floor":2,"turns":2},{"damage":6,"enemies":"2 Louse","floor":3,"turns":3},{"damage":1,"enemies":"Jaw Worm","floor":4,"turns":5},{"damage":15,"enemies":"3 Louse","floor":8,"turns":3},{"damage":1,"enemies":"2 Fungi Beasts","floor":9,"turns":4},{"damage":2,"enemies":"3 Louse","floor":10,"turns":3},{"damage":0,"enemies":"downfall:FleeingMerchant","floor":12,"turns":4},{"damage":35,"enemies":"downfall:Heads","floor":14,"turns":8},{"damage":7,"enemies":"Blue Slaver","floor":15,"turns":2},{"damage":38,"enemies":"downfall:Defect","floor":16,"turns":5}],"seed_played":"-4953144141186838884","potions_obtained":[{"floor":3,"key":"hexamod:EctoCoolerPotion"},{"floor":4,"key":"sneckomod:MuddlingPotion"},{"floor":8,"key":"AttackPotion"}],"is_trial":false,"path_per_floor":["R","M","M","M","?","R","T","M","M","M","?","$","R","?","M","B"],"character_chosen":"THE_SNECKO","items_purchased":["Ice Cream"],"campfire_rested":0,"item_purchase_floors":[12],"current_hp_per_floor":[99,100,94,93,93,93,93,78,77,75,75,75,75,41,34,0,0],"gold":128,"neow_bonus":"TEN_PERCENT_HP_BONUS","is_daily":false,"chose_seed":false,"campfire_upgraded":2,"win_rate":0.0,"timestamp":1609737147,"path_taken":["R","M","?","M","?","R","T","M","M","M","?","$","R","?","M","BOSS"],"items_purchased_type":["Relic"],"build_version":"2020-12-22","purchased_purges":1,"victory":false,"max_hp_per_floor":[99,100,100,100,100,100,100,100,100,100,100,100,100,101,101,101,101],"card_choices":[{"not_picked":["sneckomod:SoulRoll","sneckomod:Unknown2Cost"],"picked":"sneckomod:UnknownUncommonPower","floor":2},{"not_picked":["sneckomod:Unknown1Cost","sneckomod:SerpentIdol"],"picked":"sneckomod:DiceCrush","floor":3},{"not_picked":["sneckomod:Unknown1Cost","sneckomod:Unknown0Cost"],"picked":"sneckomod:ImprovisedGuard","floor":4},{"not_picked":["sneckomod:UnknownCommonAttack","sneckomod:UnknownStrike"],"picked":"sneckomod:SnakeSap","floor":8},{"not_picked":["sneckomod:SoulDraw","sneckomod:UnknownCommonSkill","sneckomod:Unknown0Cost"],"picked":"SKIP","floor":9},{"not_picked":["sneckomod:SoulDraw","sneckomod:Unknown0Cost","sneckomod:UnknownWeak"],"picked":"SKIP","floor":10},{"not_picked":["sneckomod:Unknown2Cost","sneckomod:Unknown1Cost"],"picked":"sneckomod:UnlimitedRolls","floor":12},{"not_picked":["sneckomod:UnknownBlock","sneckomod:UnknownClassSLIMEBOUND"],"picked":"sneckomod:UnknownClassBLUE","floor":14},{"not_picked":["sneckomod:UnknownEthereal","sneckomod:SoulCleanse","sneckomod:RainOfDice"],"picked":"SKIP","floor":15}],"player_experience":69876,"relics_obtained":[],"event_choices":[],"is_beta":false,"boss_relics":[],"items_purged_floors":[12],"is_endless":false,"potions_floor_spawned":[3,4,8],"killed_by":"downfall:Defect","ascension_level":0}}