{"host":"gkp57zoegrd3f2ij","time":1609726844,"event":{"mods":["BaseMod","Colored Map","Colored Powertips","Downfall","Minty Spire (QoL Compilation)","StSLib"],"gold_per_floor":[115,127,127,127,139,139,165,184,184,197,48,61,91,108,108,211,211,211,211,211,211],"floor_reached":20,"playtime":995,"items_purged":[],"score":214,"play_id":"c35ab3d2-c877-4d83-94cd-0d6749d5f446","local_time":"20210104032044","is_ascension_mode":true,"campfire_choices":[{"data":"Heavy Blade","floor":6,"key":"SMITH"},{"floor":15,"key":"REST"}],"circlet_count":0,"master_deck":["Strike_R","Strike_R","Strike_R","Defend_R","Defend_R","Defend_R","Defend_R","Bash+1","Dropkick","Second Wind","Pommel Strike","Heavy Blade+1","Shrug It Off","Thunderclap","Hemokinesis","Ghostly Armor","True Grit","Feed"],"relics":["Burning Blood","Orichalcum","Darkstone Periapt","Pen Nib","FossilizedHelix","Nloth\u0027s Gift"],"acts_visited":["Exordium","TheCity"],"potions_floor_usage":[7,7,12,13,16],"damage_taken":[{"damage":3,"enemies":"2 Louse","floor":1,"turns":2},{"damage":7,"enemies":"Jaw Worm","floor":2,"turns":3},{"damage":1,"enemies":"Cultist","floor":5,"turns":3},{"damage":18,"enemies":"Gremlin Nob","floor":7,"turns":4},{"damage":7,"enemies":"2 Fungi Beasts","floor":8,"turns":3},{"damage":4,"enemies":"Red Slaver","floor":10,"turns":4},{"damage":32,"enemies":"Gremlin Gang","floor":12,"turns":6},{"damage":11,"enemies":"3 Sentries","floor":13,"turns":6},{"damage":0,"enemies":"3 Louse","floor":14,"turns":3},{"damage":57,"enemies":"The Guardian","floor":16,"turns":11},{"damage":45,"enemies":"Shell Parasite","floor":18,"turns":7},{"damage":39,"enemies":"3 Byrds","floor":20,"turns":5}],"seed_played":"6108979930963887619","potions_obtained":[{"floor":1,"key":"SpeedPotion"},{"floor":5,"key":"Fruit Juice"},{"floor":10,"key":"Strength Potion"},{"floor":12,"key":"DistilledChaos"},{"floor":14,"key":"BloodPotion"}],"is_trial":false,"path_per_floor":["M","M","?","?","M","R","E","M","T","M","$","M","E","M","R","B",null,"M","?","M"],"character_chosen":"IRONCLAD","items_purchased":["Pen Nib"],"campfire_rested":1,"item_purchase_floors":[11],"current_hp_per_floor":[72,71,71,71,72,72,65,64,64,66,66,40,35,41,64,28,77,38,38,0,0],"gold":211,"neow_bonus":"TRANSFORM_TWO_CARDS","is_daily":false,"chose_seed":false,"campfire_upgraded":1,"win_rate":0.0,"timestamp":1609726844,"path_taken":["M","M","?","?","M","R","E","M","T","?","?","M","E","M","R","BOSS","M","?","M"],"items_purchased_type":["Relic"],"build_version":"2020-12-22","purchased_purges":0,"victory":false,"max_hp_per_floor":[72,72,72,72,72,72,77,77,77,77,77,77,77,77,77,77,77,77,77,77,77],"card_choices":[{"not_picked":["Sentinel","Iron Wave"],"picked":"Pommel Strike","floor":1},{"not_picked":["Warcry","Iron Wave","Blood for Blood"],"picked":"SKIP","floor":2},{"not_picked":["Combust","Iron Wave"],"picked":"Heavy Blade","floor":5},{"not_picked":["Combust","Heavy Blade"],"picked":"Shrug It Off","floor":7},{"not_picked":["Twin Strike","Clash"],"picked":"Thunderclap","floor":8},{"not_picked":["Rampage","Pommel Strike","Shrug It Off"],"picked":"SKIP","floor":10},{"not_picked":["Blood for Blood","Body Slam"],"picked":"Hemokinesis","floor":12},{"not_picked":["Corruption","Whirlwind"],"picked":"Ghostly Armor","floor":13},{"not_picked":["Searing Blow","Sword Boomerang"],"picked":"True Grit","floor":14},{"not_picked":["Exhume","Offering"],"picked":"Feed","floor":16},{"not_picked":["Pummel","Sword Boomerang+1","Warcry+1"],"picked":"SKIP","floor":18}],"player_experience":236743,"relics_obtained":[{"floor":7,"key":"Orichalcum"},{"floor":9,"key":"Darkstone Periapt"},{"floor":13,"key":"FossilizedHelix"}],"event_choices":[{"damage_healed":0,"gold_gain":0,"player_choice":"Ignored","damage_taken":0,"max_hp_gain":0,"max_hp_loss":0,"event_name":"Liars Game","floor":3,"gold_loss":0},{"damage_healed":0,"gold_gain":0,"player_choice":"Grow","damage_taken":0,"max_hp_gain":0,"max_hp_loss":0,"event_name":"Living Wall","floor":4,"gold_loss":0,"cards_upgraded":["Bash"]},{"damage_healed":0,"gold_gain":0,"player_choice":"Traded Relic","damage_taken":0,"relics_obtained":["Nloth\u0027s Gift"],"max_hp_gain":0,"max_hp_loss":0,"event_name":"N\u0027loth","floor":19,"relics_lost":["Ectoplasm"],"gold_loss":0}],"is_beta":false,"boss_relics":[{"not_picked":["Fusion Hammer","SlaversCollar"],"picked":"Ectoplasm"}],"items_purged_floors":[],"is_endless":false,"potions_floor_spawned":[1,5,10,12,14],"killed_by":"3 Byrds","ascension_level":3}}