{"host":"kabf61oc9jgfwufg","time":1609773092,"event":{"mods":["AchievementEnabler","Act Like it!","Aspiration","BaseMod","Conspire","GifTheSpireLib","Halation","HexUI Lib","Hubris","Infinite Spire","Minty Spire (QoL Compilation)","Pale of the Ancients","Rare Cards Sparkle","Replay The Spire","StSLib","The Jungle"],"gold_per_floor":[110,123,123,123,123,157,157,171,171,10,42,59,70,86,86,86,86],"floor_reached":16,"playtime":695,"items_purged":["Injury"],"score":137,"play_id":"3362f69c-e573-4ee2-ba24-082cb5cb8745","local_time":"20210104151132","is_ascension_mode":false,"campfire_choices":[{"data":"Eruption","floor":7,"key":"SMITH"}],"circlet_count":0,"master_deck":["Strike_P","Strike_P","Strike_P","Strike_P","Defend_P","Defend_P","Defend_P","Defend_P","Eruption+1","Vigilance","Replay:ManipulateFuture","JustLucky+1","Halt+1","Replay:BasicMightCard","ClearTheMind+1","FollowUp","EmptyBody+1","Adaptation"],"relics":["PureWater","NeowsBlessing","Toxic Egg 2","conspire:InfiniteJournal","Pantograph","Centennial Puzzle"],"acts_visited":["Exordium"],"potions_floor_usage":[16,16,16],"damage_taken":[{"damage":0,"enemies":"Jaw Worm","floor":1,"turns":1},{"damage":0,"enemies":"2 Louse","floor":2,"turns":1},{"damage":0,"enemies":"3 Sentries","floor":6,"turns":1},{"damage":4,"enemies":"Cultist","floor":8,"turns":3},{"damage":30,"enemies":"Gremlin Nob","floor":11,"turns":4},{"damage":0,"enemies":"Red Slaver","floor":12,"turns":4},{"damage":18,"enemies":"Gremlin Gang","floor":13,"turns":3},{"damage":5,"enemies":"conspire:2 RoseBushes","floor":14,"turns":3},{"damage":43,"enemies":"The Guardian","floor":16,"turns":9}],"seed_played":"-5960125718020327057","potions_obtained":[{"floor":1,"key":"SteroidPotion"},{"floor":11,"key":"Swift Potion"},{"floor":13,"key":"BottledMiracle"}],"is_trial":false,"path_per_floor":["M","M","?","?","?","E","R","M","T","$","E","M","M","M","R","B"],"character_chosen":"WATCHER","items_purchased":["Replay:BasicMightCard"],"campfire_rested":0,"item_purchase_floors":[10],"current_hp_per_floor":[72,72,72,72,72,72,72,68,68,68,38,38,20,15,15,0,0],"gold":86,"neow_bonus":"THREE_ENEMY_KILL","is_daily":false,"chose_seed":false,"campfire_upgraded":1,"win_rate":0.0,"timestamp":1609773092,"path_taken":["M","M","?","?","?","E","R","M","T","$","E","M","?","M","R","BOSS"],"items_purchased_type":["Card"],"build_version":"2020-12-22","purchased_purges":1,"victory":false,"max_hp_per_floor":[72,72,72,72,72,72,72,72,72,72,72,72,72,72,72,72,72],"card_choices":[{"not_picked":["Fasting2","EmptyMind"],"picked":"Replay:ManipulateFuture","floor":1},{"not_picked":["Perseverance","WreathOfFlame"],"picked":"JustLucky","floor":2},{"not_picked":["CrushJoints","Replay:BluntJabs","FearNoEvil"],"picked":"SKIP","floor":6},{"not_picked":["InnerPeace+1","Replay:Cycle+1"],"picked":"Halt+1","floor":8},{"not_picked":["DeceiveReality+1","FlurryOfBlows"],"picked":"ClearTheMind+1","floor":11},{"not_picked":["ThirdEye+1","JustLucky"],"picked":"FollowUp","floor":12},{"not_picked":["Protect+1","WaveOfTheHand+1"],"picked":"EmptyBody+1","floor":13},{"not_picked":["Replay:Battleflow+1","WaveOfTheHand+1"],"picked":"Adaptation","floor":14}],"player_experience":28216,"relics_obtained":[{"floor":6,"key":"conspire:InfiniteJournal"},{"floor":9,"key":"Pantograph"},{"floor":11,"key":"Centennial Puzzle"}],"event_choices":[{"damage_healed":0,"gold_gain":0,"player_choice":"Forge","damage_taken":0,"max_hp_gain":0,"max_hp_loss":0,"event_name":"Accursed Blacksmith","floor":5,"gold_loss":0,"cards_upgraded":["JustLucky"]},{"damage_healed":0,"gold_gain":0,"player_choice":"Ignored","damage_taken":0,"max_hp_gain":0,"max_hp_loss":0,"event_name":"NoteForYourself","floor":15,"gold_loss":0}],"is_beta":false,"boss_relics":[],"items_purged_floors":[10],"is_endless":false,"potions_floor_spawned":[1,11,13],"killed_by":"The Guardian","ascension_level":0}}