{"host":"8g198xe1n7br41jb","time":1609804795,"event":{"mods":["BaseMod","Downfall","Minty Spire (QoL Compilation)","StSLib","SuperFastMode"],"gold_per_floor":[99,99,66,66,66,98,98,115,115,290,317,330,330,344,364,364,364],"floor_reached":16,"playtime":552,"items_purged":[],"score":124,"play_id":"f2cea509-eb0b-4b7a-a116-7085ae09bba7","local_time":"20210105005955","is_ascension_mode":true,"campfire_choices":[{"data":"Slimebound:Split","floor":1,"key":"SMITH"},{"data":"Slimebound:LeadByExample","floor":9,"key":"SMITH"}],"circlet_count":0,"master_deck":["Slimebound:Strike_Slimebound","Slimebound:Strike_Slimebound","Slimebound:Tackle","Slimebound:Defend_Slimebound","Slimebound:Defend_Slimebound","Slimebound:Defend_Slimebound","Slimebound:Defend_Slimebound","Slimebound:Split+1","Slimebound:CorrosiveSpit","Slimebound:SplitBruiser","Slimebound:SplitLeeching","Slimebound:LeadByExample+1","Slimebound:PressTheAttack","Slimebound:LevelUp","Slimebound:SlimeTap"],"relics":["Slimebound:AbsorbEndCombat","downfall:HeartsMalice","Singing Bowl","Omamori","Slimebound:ScrapOozeRelic"],"acts_visited":["Exordium"],"potions_floor_usage":[7,11,16,16],"damage_taken":[{"damage":0,"enemies":"Small Slimes","floor":2,"turns":1},{"damage":0,"enemies":"downfall:FleeingMerchant","floor":3,"turns":1},{"damage":0,"enemies":"2 Louse","floor":4,"turns":1},{"damage":36,"enemies":"Gremlin Nob","floor":6,"turns":3},{"damage":13,"enemies":"Cultist","floor":8,"turns":3},{"damage":28,"enemies":"3 Sentries","floor":11,"turns":6},{"damage":16,"enemies":"Large Slime","floor":12,"turns":3},{"damage":11,"enemies":"2 Fungi Beasts","floor":14,"turns":2},{"damage":16,"enemies":"Red Slaver","floor":15,"turns":2},{"damage":44,"enemies":"downfall:Silent","floor":16,"turns":2}],"seed_played":"-4174583159615197538","potions_obtained":[{"floor":6,"key":"Fruit Juice"},{"floor":8,"key":"SpeedPotion"},{"floor":12,"key":"champ:CounterPotion"},{"floor":15,"key":"SkillPotion"}],"is_trial":false,"path_per_floor":["R","M","$","M","?","E","T","M","R","?","E","M","?","M","M","B"],"character_chosen":"SLIMEBOUND","items_purchased":["Slimebound:LeadByExample"],"campfire_rested":0,"item_purchase_floors":[3],"current_hp_per_floor":[60,60,60,60,60,40,45,48,48,48,36,40,40,37,29,0,0],"gold":364,"neow_bonus":"THREE_ENEMY_KILL","is_daily":false,"chose_seed":false,"campfire_upgraded":2,"win_rate":0.0,"timestamp":1609804795,"path_taken":["R","M","$","M","?","E","T","M","R","?","E","M","?","M","M","BOSS"],"items_purchased_type":["Card"],"build_version":"2020-12-22","purchased_purges":0,"victory":false,"max_hp_per_floor":[60,60,60,60,60,60,65,67,67,67,67,69,69,69,71,71,71],"card_choices":[{"not_picked":["Slimebound:SlimeSpikes","Slimebound:SplitLeeching"],"picked":"Slimebound:SplitBruiser","floor":2},{"not_picked":["Slimebound:Grow","Slimebound:SplitAcid"],"picked":"Slimebound:SplitLeeching","floor":3},{"not_picked":["Slimebound:Chomp","Slimebound:RollThrough","Slimebound:Replication"],"picked":"SKIP","floor":4},{"not_picked":["Slimebound:GoopSpray","Slimebound:Repurpose"],"picked":"Slimebound:PressTheAttack","floor":6},{"not_picked":["Slimebound:Equalize","Slimebound:GrowthPunch","Slimebound:PrepareCrush"],"picked":"Singing Bowl","floor":8},{"not_picked":["Slimebound:SplitAcid","Slimebound:GoopSpray"],"picked":"Slimebound:LevelUp","floor":11},{"not_picked":["Slimebound:Schlurp","Slimebound:HauntingLick","Slimebound:ServeAndProtect"],"picked":"Singing Bowl","floor":12},{"not_picked":["Slimebound:FlameTackle","Slimebound:SlimeSpikes"],"picked":"Slimebound:SlimeTap","floor":14},{"not_picked":["Slimebound:FormOfPuddle","Slimebound:Schlurp","Slimebound:RainOfGoop"],"picked":"Singing Bowl","floor":15}],"player_experience":1207037,"relics_obtained":[{"floor":6,"key":"Singing Bowl"},{"floor":7,"key":"Omamori"},{"floor":11,"key":"Bronze Scales"}],"event_choices":[],"is_beta":false,"boss_relics":[],"items_purged_floors":[],"is_endless":false,"potions_floor_spawned":[6,8,12,15],"killed_by":"downfall:Silent","ascension_level":3}}