{"host":"5m2js577gj4e7pak","time":1609780628,"event":{"mods":["AchievementEnabler","BaseMod","Better Match","BetterRewards","Colored Map","Colored Powertips","Dio Mod","Ekko","Googly Eyes","Highlight Path","HololiveMod","Lobotomy","LobotomyExtend","Marisa????????","Minty Spire (QoL Compilation)","Quick Restart","Relic Filter","StSLib","The Animator","slay the spire mod where everything is the same but ironclad has a cowboy hat"],"gold_per_floor":[100,115,115,115,130,130,145,145,145,165,25,50,125,125,125,245,245,269,269,282,295,345,345,370,370,397,397,397],"floor_reached":27,"playtime":844,"items_purged":[],"score":248,"play_id":"771506e8-1d2e-4fbd-adf2-d6b1dd46f680","local_time":"20210104181708","is_ascension_mode":false,"campfire_choices":[{"floor":8,"key":"REST"},{"floor":15,"key":"REST"}],"circlet_count":0,"master_deck":["SpecialBullet","SpecialBullet","SpecialBullet","SpecialBullet","SpecialBullet","SpecialBullet","SpecialBullet","SpecialBullet","InformationCode","SecurityCode","ExtractionCode","SingingMachine","Beak","SolemnVow+1","SomewhereSpear+1","ShyLook","RedEyes","MagicBullet","FairyFestival","Lamp+3","Diffraction","OSAHOGD","Bandage Up","Tough","Penitence","Penitence","Twilight","Justitia","Wingbeat","BearPaw","SpecialBullet","Soda+1","BloodyDesire+1","SpecialBullet","FrostShard+1","Twilight","InTheNameOfLoveAndHate"],"relics":["CogitoBucket","War Paint","LetterFromLob","Golden Idol","Blood Vial","BehaviorAdjustment","Matryoshka","Hololive_Finger","FaceOfCleric","Calipers","PreservedInsect","Boot"],"acts_visited":["Exordium","TheCity"],"potions_floor_usage":[12],"damage_taken":[{"damage":0,"enemies":"Small Slimes","floor":1,"turns":2},{"damage":11,"enemies":"2 Louse","floor":2,"turns":2},{"damage":11,"enemies":"Jaw Worm","floor":5,"turns":2},{"damage":32,"enemies":"Lots of Slimes","floor":7,"turns":4},{"damage":5,"enemies":"3 Louse","floor":10,"turns":2},{"damage":28,"enemies":"Gremlin Gang","floor":12,"turns":3},{"damage":53,"enemies":"Slime Boss","floor":16,"turns":11},{"damage":23,"enemies":"Spheric Guardian","floor":18,"turns":4},{"damage":11,"enemies":"2 Thieves","floor":20,"turns":4},{"damage":21,"enemies":"Snake Plant","floor":21,"turns":3},{"damage":65,"enemies":"Book of Stabbing","floor":24,"turns":6},{"damage":46,"enemies":"Centurion and Healer","floor":27,"turns":1}],"seed_played":"4492177468660936957","potions_obtained":[{"floor":5,"key":"DistilledChaos"}],"is_trial":false,"path_per_floor":["M","M","?","?","M","R","M","R","T","M","$","M","?","T","R","B",null,"M","?","M","M","?","R","E","R","T","M"],"character_chosen":"Angela","items_purchased":["Bandage Up","Tough"],"campfire_rested":2,"item_purchase_floors":[11,11],"current_hp_per_floor":[70,67,50,36,33,33,9,30,30,39,39,34,23,23,44,17,70,64,64,71,68,68,68,29,29,29,0,0],"gold":397,"neow_bonus":"RANDOM_COMMON_RELIC","is_daily":false,"chose_seed":false,"campfire_upgraded":0,"win_rate":0.0,"timestamp":1609780628,"path_taken":["M","M","?","?","M","R","M","R","T","M","$","M","?","?","R","BOSS","M","?","M","?","?","R","E","R","T","M"],"items_purchased_type":["Card","Card"],"build_version":"2020-12-22","purchased_purges":0,"victory":false,"max_hp_per_floor":[70,70,70,70,70,70,70,70,70,70,70,70,70,70,70,70,70,70,70,71,72,72,72,73,73,73,73,73],"card_choices":[{"not_picked":["MHz","FairyFestival"],"picked":"SingingMachine","floor":1},{"not_picked":["CrimsonScar"],"picked":"Beak","floor":1},{"not_picked":["InTheNameOfLoveAndHate"],"picked":"SolemnVow","floor":2},{"not_picked":["WristCuter"],"picked":"SomewhereSpear","floor":2},{"not_picked":["UniverseFragment","MeatLantern"],"picked":"ShyLook","floor":5},{"not_picked":["SolemnVow"],"picked":"RedEyes","floor":5},{"not_picked":["RedEyes"],"picked":"MagicBullet","floor":7},{"not_picked":["Freischutz","HappyTeddy"],"picked":"FairyFestival","floor":7},{"not_picked":["LifeForTheDareDevil"],"picked":"Lamp","floor":7},{"not_picked":["Christmas"],"picked":"Diffraction","floor":10},{"not_picked":["Wellcheers","Variant"],"picked":"OSAHOGD","floor":10},{"not_picked":["Hornet","DaCapo"],"picked":"SKIP","floor":10},{"not_picked":["Lantern"],"picked":"Penitence","floor":12},{"not_picked":["ShedSkin"],"picked":"Penitence","floor":12},{"not_picked":["DaCapo"],"picked":"Twilight","floor":16},{"not_picked":["ParadiseLost"],"picked":"Justitia","floor":16},{"not_picked":["FrostShard+1"],"picked":"Wingbeat","floor":18},{"not_picked":["GrinderMk4"],"picked":"BearPaw","floor":18},{"not_picked":["Tough"],"picked":"Soda+1","floor":20},{"not_picked":["CherryBlossom+1"],"picked":"BloodyDesire+1","floor":21},{"not_picked":["CUTE"],"picked":"FrostShard+1","floor":21},{"not_picked":["BloodyDesire"],"picked":"Twilight","floor":24},{"not_picked":["RapturousDream"],"picked":"InTheNameOfLoveAndHate","floor":24}],"player_experience":75368,"relics_obtained":[{"floor":1,"key":"LetterFromLob"},{"floor":9,"key":"Blood Vial"},{"floor":14,"key":"Matryoshka"},{"floor":24,"key":"Calipers"},{"floor":26,"key":"PreservedInsect"},{"floor":26,"key":"Boot"}],"event_choices":[{"damage_healed":0,"gold_gain":0,"player_choice":"Take Damage","damage_taken":17,"relics_obtained":["Golden Idol"],"max_hp_gain":0,"max_hp_loss":0,"event_name":"Golden Idol","floor":3,"gold_loss":0},{"damage_healed":0,"gold_gain":0,"player_choice":"Entered Light","damage_taken":14,"max_hp_gain":0,"max_hp_loss":0,"event_name":"Shining Light","floor":4,"gold_loss":0,"cards_upgraded":["SolemnVow","SomewhereSpear"]},{"damage_healed":0,"gold_gain":75,"player_choice":"Gather Gold","damage_taken":11,"max_hp_gain":0,"max_hp_loss":0,"event_name":"World of Goop","floor":13,"gold_loss":0},{"damage_healed":0,"gold_gain":0,"player_choice":"Trade","damage_taken":0,"relics_obtained":["FaceOfCleric"],"max_hp_gain":0,"max_hp_loss":0,"event_name":"FaceTrader","floor":19,"gold_loss":0},{"damage_healed":0,"gold_gain":100,"player_choice":"Bet on Murderer","damage_taken":0,"max_hp_gain":0,"max_hp_loss":0,"event_name":"The Joust","floor":22,"gold_loss":50}],"is_beta":false,"boss_relics":[{"not_picked":["Hololive_TopUpMoneyS","Runic Pyramid"],"picked":"Hololive_Finger"}],"items_purged_floors":[],"is_endless":false,"potions_floor_spawned":[5],"killed_by":"Centurion and Healer","ascension_level":0}}