{"host":"4vq2xwkpdrxril92","time":1609738635,"event":{"mods":["BaseMod","Better Third Choice","Card Forge","Energized Spire","Fireblade Mod","Hubris","Minty Spire (QoL Compilation)","Quick Restart","Rare Cards Sparkle","Shop Mod","StSLib","The Cursed","Åy?ï®?îvÅzREMEMod"],"gold_per_floor":[147,147,322,376,433,523,643,733,759,855,855,484,568,667,667,979,979,1033,764,764,764,824,899,1004,1004,1031,1109,1109,1109],"floor_reached":28,"playtime":1761,"items_purged":[],"score":685,"play_id":"6580296f-5676-409b-9ca8-9281b57bcffd","local_time":"20210104143715","daily_mods":["SealedDeck","Vintage","Heirloom","Time Dilation","Flight","Elite Swarm","Lethality","Midas"],"is_ascension_mode":false,"campfire_choices":[{"floor":15,"key":"REST"}],"circlet_count":0,"master_deck":["Thunderclap+1","Shrug It Off+1","Flex+1","Pummel+1","Thunderclap+1","FireBladeMod:ComboCleave+1","FireBladeMod:LightningCombo+1","FireBladeMod:ComboCleave+1","FireBladeMod:LightningCombo+1","TheCursedMod:NeowsMight+1","REME_Scribble+1","REME_ACTH"],"relics":["Burning Blood","Hammer of Thor","Seething Fire","Anvil of the Gods","REME_ComplimentaryCards","Du-Vu Doll","Orichalcum","StoneCalendar","Smiling Mask","Singing Bowl","hubris:TenFootPole","Eternal Feather","hubris:ChampionShield","Thread and Needle","Prayer Wheel","MerchantsRug","hubris:MedicalManual","Boot","Black Star","Vajra","Sling","Mercury Hourglass","HornCleat","Toy Ornithopter","hubris:ToyBattleship","hubris:Reverence","hubris:BottledHeart","Juzu Bracelet","hubris:Potato","hubris:BundleOfHerbs"],"acts_visited":["Exordium","TheCity"],"potions_floor_usage":[],"damage_taken":[{"damage":0,"enemies":"Jaw Worm","floor":1,"turns":1},{"damage":0,"enemies":"2 Louse","floor":4,"turns":1},{"damage":0,"enemies":"Small Slimes","floor":5,"turns":1},{"damage":0,"enemies":"Gremlin Nob","floor":6,"turns":2},{"damage":1,"enemies":"Lagavulin Event","floor":7,"turns":3},{"damage":0,"enemies":"3 Sentries","floor":8,"turns":2},{"damage":0,"enemies":"Lagavulin","floor":10,"turns":1},{"damage":3,"enemies":"Gremlin Nob","floor":13,"turns":1},{"damage":3,"enemies":"Lagavulin","floor":14,"turns":1},{"damage":9,"enemies":"The Guardian","floor":16,"turns":2},{"damage":0,"enemies":"Shell Parasite","floor":18,"turns":1},{"damage":3,"enemies":"Spheric Guardian","floor":22,"turns":1},{"damage":3,"enemies":"Book of Stabbing","floor":23,"turns":1},{"damage":0,"enemies":"REME_1_Revenger","floor":24,"turns":1},{"damage":0,"enemies":"Gremlin Leader","floor":27,"turns":1}],"seed_played":"-6456036852419130701","potions_obtained":[{"floor":1,"key":"EntropicBrew"},{"floor":6,"key":"Dexterity Potion"},{"floor":10,"key":"GamblersBrew"},{"floor":14,"key":"Regen Potion"}],"is_trial":true,"path_per_floor":["M","?","?","M","M","E","?","E","T","E","?","$","E","E","R","B",null,"M","$","?","?","M","E","E","?","T","E","?"],"character_chosen":"IRONCLAD","items_purchased":["Prayer Wheel","MerchantsRug","Vajra","Sling"],"campfire_rested":1,"item_purchase_floors":[12,12,19,19],"current_hp_per_floor":[80,80,80,80,80,82,84,86,86,88,98,98,103,106,106,108,111,111,111,102,102,108,116,124,1,1,1,0,0],"gold":1109,"neow_bonus":"","is_daily":false,"chose_seed":false,"campfire_upgraded":0,"win_rate":0.0,"timestamp":1609738635,"path_taken":["M","?","?","M","M","E","?","E","T","E","?","$","E","E","R","BOSS","M","$","?","?","M","E","E","?","T","E","?"],"items_purchased_type":["Relic","Relic","Relic","Relic"],"build_version":"2020-12-22","purchased_purges":0,"victory":false,"max_hp_per_floor":[80,80,80,80,80,82,84,86,86,88,98,98,103,106,106,111,111,111,111,116,116,119,124,126,1,1,1,1,1],"card_choices":[{"not_picked":["Impervious","Feed","Bludgeon"],"picked":"Singing Bowl","floor":6},{"not_picked":["Iron Wave","Pommel Strike","Cleave"],"picked":"Singing Bowl","floor":7},{"not_picked":["Immolate","Berserk","hubris:StunningStrike"],"picked":"Singing Bowl","floor":8},{"not_picked":["Juggernaut","Double Tap","Impervious"],"picked":"Singing Bowl","floor":10},{"not_picked":["Juggernaut","Offering","Limit Break"],"picked":"Singing Bowl","floor":13},{"not_picked":["Limit Break","Feed"],"picked":"REME_ACTH","floor":14},{"not_picked":["Bludgeon","Demon Form","Immolate"],"picked":"Singing Bowl","floor":16},{"not_picked":["Limit Break","Juggernaut","REME_Fury"],"picked":"Singing Bowl","floor":23},{"not_picked":["Brutality","Double Tap","Exhume"],"picked":"Singing Bowl","floor":24},{"not_picked":["Juggernaut","Fiend Fire","Reaper"],"picked":"Singing Bowl","floor":27}],"player_experience":1164149,"relics_obtained":[{"floor":1,"key":"Orichalcum"},{"floor":4,"key":"StoneCalendar"},{"floor":5,"key":"Smiling Mask"},{"floor":6,"key":"Singing Bowl"},{"floor":7,"key":"hubris:TenFootPole"},{"floor":8,"key":"Eternal Feather"},{"floor":9,"key":"hubris:ChampionShield"},{"floor":10,"key":"Thread and Needle"},{"floor":13,"key":"hubris:MedicalManual"},{"floor":14,"key":"Boot"},{"floor":22,"key":"Mercury Hourglass"},{"floor":23,"key":"HornCleat"},{"floor":23,"key":"Toy Ornithopter"},{"floor":24,"key":"hubris:ToyBattleship"},{"floor":24,"key":"hubris:Reverence"},{"floor":26,"key":"Juzu Bracelet"},{"floor":27,"key":"hubris:Potato"},{"floor":27,"key":"hubris:BundleOfHerbs"}],"event_choices":[{"damage_healed":80,"gold_gain":0,"player_choice":"Embrace Burn","damage_taken":0,"max_hp_gain":0,"max_hp_loss":80,"event_name":"betterThird:BetterShining","floor":2,"gold_loss":0},{"damage_healed":0,"gold_gain":175,"player_choice":"AGREE","damage_taken":147,"max_hp_gain":0,"max_hp_loss":0,"event_name":"betterThird:BetterSerpent","floor":3,"gold_loss":0},{"damage_healed":0,"gold_gain":30,"player_choice":"Searched \u00272\u0027 times","damage_taken":0,"max_hp_gain":0,"max_hp_loss":0,"event_name":"Dead Adventurer","floor":7,"gold_loss":0},{"cards_removed":["REME_MawOfCthun"],"damage_healed":0,"gold_gain":0,"player_choice":"Offered Rare","damage_taken":0,"max_hp_gain":10,"max_hp_loss":0,"event_name":"Bonfire Elementals","floor":11,"gold_loss":0},{"damage_healed":0,"gold_gain":0,"player_choice":"Shed Blood","damage_taken":28,"max_hp_gain":5,"max_hp_loss":0,"event_name":"Forgotten Altar","floor":20,"gold_loss":0},{"damage_healed":0,"gold_gain":0,"player_choice":"Ignored","damage_taken":0,"max_hp_gain":0,"max_hp_loss":0,"event_name":"Vampires","floor":21,"gold_loss":0}],"is_beta":false,"boss_relics":[{"not_picked":["hubris:BlackHole","hubris:Stopwatch"],"picked":"Black Star"}],"items_purged_floors":[],"is_endless":true,"potions_floor_spawned":[1,6,10,14],"ascension_level":0}}