{"host":"cv77zuuuekizn3ic","time":1609735631,"event":{"mods":["AchievementEnabler","BaseMod","Marisa£®ÏF”Í°°ƒß¿Ì…≥£©","Minty Spire (QoL Compilation)","StSLib","Waifu the Spire","everything is the same but u backflip on backflip","slay the spire mod where everything is the same but ironclad has a cowboy hat"],"gold_per_floor":[118,118,138,238,253,279,279,308,308,308,324,344,344,344],"floor_reached":13,"playtime":334,"items_purged":[],"score":138,"play_id":"53c6052b-cf4c-4500-b9ef-0cd0048fdacb","local_time":"20210104124711","is_ascension_mode":true,"campfire_choices":[{"floor":10,"key":"REST"}],"circlet_count":0,"master_deck":["Strike_B","Strike_B","Strike_B","Defend_B","Defend_B","Defend_B","Defend_B","Zap","Dualcast","Hologram+1","Reboot","Melter","Ball Lightning","Lockon","Machine Learning"],"relics":["Cracked Core","NeowsBlessing","Pen Nib","Ginger","InkBottle"],"acts_visited":["Exordium"],"potions_floor_usage":[8,12,13],"damage_taken":[{"damage":0.0,"enemies":"Small Slimes","floor":1.0,"turns":1.0},{"damage":0.0,"enemies":"Cultist","floor":3.0,"turns":1.0},{"damage":0.0,"enemies":"2 Louse","floor":5.0,"turns":1.0},{"damage":32.0,"enemies":"Lagavulin","floor":6.0,"turns":5.0},{"damage":27,"enemies":"Gremlin Nob","floor":8,"turns":4},{"damage":17,"enemies":"Lots of Slimes","floor":11,"turns":3},{"damage":0,"enemies":"2 Fungi Beasts","floor":12,"turns":2},{"damage":15,"enemies":"3 Sentries","floor":13,"turns":2}],"seed_played":"-648372602698807843","potions_obtained":[{"floor":6.0,"key":"SpeedPotion"},{"floor":8,"key":"Energy Potion"},{"floor":11,"key":"Weak Potion"},{"floor":12,"key":"Swift Potion"}],"is_trial":false,"path_per_floor":["M","?","M","?","M","E","?","E","T","R","M","M","E"],"character_chosen":"DEFECT","items_purchased":[],"campfire_rested":1,"item_purchase_floors":[],"current_hp_per_floor":[68,68,68,68,68,36,36,9,9,31,14,14,0,0],"gold":344,"neow_bonus":"THREE_ENEMY_KILL","is_daily":false,"chose_seed":false,"campfire_upgraded":0,"win_rate":0.0,"timestamp":1609735631,"path_taken":["M","?","?","?","?","E","?","E","T","R","M","?","E"],"items_purchased_type":[],"build_version":"2020-12-22","purchased_purges":0,"victory":false,"max_hp_per_floor":[75,75,75,75,75,75,75,75,75,75,75,75,75,75],"card_choices":[{"not_picked":["Rebound","Melter"],"picked":"Hologram","floor":1.0},{"not_picked":["Static Discharge","Beam Cell"],"picked":"Melter","floor":3.0},{"not_picked":["Recycle","Coolheaded"],"picked":"Ball Lightning","floor":5.0},{"not_picked":["Genetic Algorithm","Beam Cell","Undo"],"picked":"SKIP","floor":6.0},{"not_picked":["Stack","Undo"],"picked":"Lockon","floor":8},{"not_picked":["Steam","Consume"],"picked":"Machine Learning","floor":11},{"not_picked":["Beam Cell","Scrape","Steam"],"picked":"SKIP","floor":12}],"player_experience":698115,"relics_obtained":[{"floor":6.0,"key":"Pen Nib"},{"floor":8,"key":"Ginger"},{"floor":9,"key":"InkBottle"}],"event_choices":[{"damage_healed":0.0,"max_hp_gain":0.0,"max_hp_loss":0.0,"gold_gain":0.0,"cards_transformed":["Strike_B"],"event_name":"Transmorgrifier","player_choice":"Transformed","floor":2.0,"gold_loss":0.0,"damage_taken":0.0,"cards_obtained":["Reboot"]},{"damage_healed":0.0,"max_hp_gain":0.0,"max_hp_loss":0.0,"gold_gain":100.0,"event_name":"Wheel of Change","player_choice":"Gold","floor":4.0,"gold_loss":0.0,"damage_taken":0.0},{"damage_healed":0.0,"max_hp_gain":0.0,"max_hp_loss":0.0,"gold_gain":0.0,"event_name":"Upgrade Shrine","player_choice":"Upgraded","floor":7.0,"gold_loss":0.0,"damage_taken":0.0,"cards_upgraded":["Hologram"]}],"is_beta":false,"boss_relics":[],"items_purged_floors":[],"is_endless":false,"potions_floor_spawned":[6,8,11,12],"killed_by":"3 Sentries","ascension_level":9}}