{"host":"p7j7o00jacnw7qzt","time":1609799699,"event":{"mods":["BaseMod","Colored Map","Colored Powertips","DeckTracker","Highlight Path","Minty Spire (QoL Compilation)","Relic Stats"],"gold_per_floor":[113,113,131,131,27,27,27,27],"floor_reached":7,"playtime":199,"items_purged":["Strike_R"],"score":78,"play_id":"c74faedd-fb8c-4a2a-9d0a-0b3972d94b65","local_time":"20210104173459","is_ascension_mode":true,"campfire_choices":[{"data":"Armaments","floor":6.0,"key":"SMITH"}],"circlet_count":0,"master_deck":["AscendersBane","Strike_R","Strike_R","Strike_R","Defend_R","Defend_R","Defend_R","Defend_R","Bash","Reaper","Armaments+1","Clothesline"],"relics":["Burning Blood","Golden Idol"],"acts_visited":["Exordium"],"potions_floor_usage":[],"damage_taken":[{"damage":12.0,"enemies":"Small Slimes","floor":1.0,"turns":4.0},{"damage":14.0,"enemies":"Jaw Worm","floor":3.0,"turns":4.0},{"damage":30,"enemies":"3 Sentries","floor":7,"turns":4}],"seed_played":"238580174484173444","potions_obtained":[],"is_trial":false,"path_per_floor":["M","?","M","?","$","R","E"],"character_chosen":"IRONCLAD","items_purchased":["Clothesline"],"campfire_rested":0,"item_purchase_floors":[5],"current_hp_per_floor":[52,45,37,37,37,37,7,7],"gold":27,"neow_bonus":"THREE_RARE_CARDS","is_daily":false,"chose_seed":false,"campfire_upgraded":1,"win_rate":0.0,"timestamp":1609799699,"path_taken":["M","?","M","?","$","R","E"],"items_purchased_type":["Card"],"build_version":"2020-12-22","purchased_purges":1,"victory":false,"max_hp_per_floor":[75,75,75,68,68,68,68,68],"relic_stats":{"counters":[3,12],"Golden Idol":0,"obtain_stats":[{"Golden Idol":4,"Burning Blood":0},{"Golden Idol":2,"Burning Blood":0},{"Golden Idol":8,"Burning Blood":0}],"Burning Blood":12},"card_choices":[{"not_picked":["Brutality","Berserk"],"picked":"Reaper","floor":0.0},{"not_picked":["Headbutt","Havoc","Disarm"],"picked":"SKIP","floor":1.0},{"not_picked":["Sword Boomerang","Dropkick"],"picked":"Armaments","floor":3.0}],"player_experience":1001237,"relics_obtained":[],"event_choices":[{"cards_removed":["Strike_R"],"damage_healed":0.0,"max_hp_gain":0.0,"max_hp_loss":0.0,"gold_gain":0.0,"event_name":"Golden Wing","player_choice":"Card Removal","floor":2.0,"gold_loss":0.0,"damage_taken":7.0},{"damage_healed":0.0,"max_hp_gain":0.0,"max_hp_loss":7.0,"gold_gain":0.0,"event_name":"Golden Idol","player_choice":"Lose Max HP","floor":4.0,"gold_loss":0.0,"damage_taken":0.0,"relics_obtained":["Golden Idol"]}],"is_beta":false,"boss_relics":[],"items_purged_floors":[5],"is_endless":false,"potions_floor_spawned":[],"killed_by":"3 Sentries","ascension_level":20}}