{"host":"ad59wuc8ynh8u2z6","time":1609781767,"event":{"mods":["AchievementEnabler","BaseMod","Colored Powertips","DeckTracker","Highlight Path","Minty Spire (QoL Compilation)","Permanent Neow"],"gold_per_floor":[365,375,143,143,157,157,184,184,184,209,209,209,209,56,56,155,155,167,181,256,276,276,303,323,323,323,354,454,473,473,500,500,603,603,620,620,620,638,638,668,668,695,695,695,707,707,742,310,310,310],"floor_reached":51,"playtime":1575,"items_purged":["Strike_G","Defend_G"],"score":1279,"play_id":"a16280fe-9c0c-41e6-b5d8-7a2923b35394","local_time":"20210104183607","is_ascension_mode":true,"campfire_choices":[{"data":"Flechettes","floor":6.0,"key":"SMITH"},{"data":"Blade Dance","floor":8.0,"key":"SMITH"},{"data":"1","floor":11.0,"key":"LIFT"},{"data":"2","floor":13.0,"key":"LIFT"},{"data":"3","floor":15.0,"key":"LIFT"},{"data":"A Thousand Cuts","floor":25,"key":"SMITH"},{"data":"Terror","floor":30,"key":"SMITH"},{"data":"Blade Dance","floor":32,"key":"SMITH"},{"data":"Adrenaline","floor":41,"key":"SMITH"},{"data":"Forethought","floor":44,"key":"SMITH"},{"data":"Deep Breath","floor":46,"key":"SMITH"},{"data":"Deep Breath","floor":49,"key":"SMITH"}],"circlet_count":0,"master_deck":["Strike_G","Strike_G","Strike_G+1","Defend_G","Defend_G","Defend_G","Survivor","Neutralize+1","Blade Dance+1","Flechettes+1","Blade Dance+1","Terror+1","A Thousand Cuts+1","Slice","Expertise+1","Backstab+1","Prepared+1","Reflex","Adrenaline+1","Forethought+1","Deep Breath+1","Deep Breath+1","Endless Agony+1","Slice+1"],"relics":["Ring of the Snake","Oddly Smooth Stone","Gambling Chip","Girya","Whetstone","Bag of Marbles","WristBlade","Gremlin Horn","Torii","MealTicket","Ginger","Molten Egg 2","Bag of Preparation","Coffee Dripper","Prayer Wheel","Question Card","Unceasing Top","Ancient Tea Set","HornCleat","Mummified Hand"],"acts_visited":["Exordium","TheCity","TheBeyond"],"potions_floor_usage":[33,33,33,50],"damage_taken":[{"damage":1.0,"enemies":"Cultist","floor":1.0,"turns":4.0},{"damage":0.0,"enemies":"2 Louse","floor":2.0,"turns":3.0},{"damage":2.0,"enemies":"Jaw Worm","floor":5.0,"turns":3.0},{"damage":34.0,"enemies":"Gremlin Nob","floor":7.0,"turns":5.0},{"damage":0.0,"enemies":"3 Sentries","floor":10.0,"turns":3.0},{"damage":0.0,"enemies":"Hexaghost","floor":16.0,"turns":4.0},{"damage":0.0,"enemies":"Spheric Guardian","floor":18.0,"turns":1.0},{"damage":0.0,"enemies":"Chosen","floor":19.0,"turns":1.0},{"damage":0.0,"enemies":"3 Cultists","floor":21.0,"turns":2.0},{"damage":0,"enemies":"Gremlin Leader","floor":23,"turns":2},{"damage":0,"enemies":"Snecko","floor":24,"turns":1},{"damage":0,"enemies":"Slavers","floor":27,"turns":1},{"damage":0,"enemies":"Colosseum Slavers","floor":28,"turns":1},{"damage":0,"enemies":"Colosseum Nobs","floor":28,"turns":1},{"damage":0,"enemies":"Cultist and Chosen","floor":29,"turns":1},{"damage":0,"enemies":"Gremlin Leader","floor":31,"turns":1},{"damage":0,"enemies":"Automaton","floor":33,"turns":2},{"damage":0,"enemies":"3 Darklings","floor":35,"turns":1},{"damage":0,"enemies":"Orb Walker","floor":38,"turns":1},{"damage":0,"enemies":"Giant Head","floor":40,"turns":2},{"damage":0,"enemies":"Nemesis","floor":42,"turns":1},{"damage":12,"enemies":"Maw","floor":45,"turns":3},{"damage":0,"enemies":"Giant Head","floor":47,"turns":2},{"damage":0,"enemies":"Donu and Deca","floor":50,"turns":2}],"seed_played":"8702441305985381333","potions_obtained":[{"floor":1.0,"key":"GamblersBrew"},{"floor":5.0,"key":"Explosive Potion"},{"floor":7.0,"key":"Energy Potion"},{"floor":18.0,"key":"DistilledChaos"},{"floor":29,"key":"CunningPotion"},{"floor":33,"key":"BlessingOfTheForge"},{"floor":35,"key":"Swift Potion"},{"floor":38,"key":"GamblersBrew"},{"floor":42,"key":"SpeedPotion"}],"is_trial":false,"path_per_floor":["M","M","$","?","M","R","E","R","T","E","R","?","R","$","R","B",null,"M","M","?","M","?","E","M","R","T","E","?","M","R","E","R","B",null,"M","?","?","M","?","E","R","E","T","R","M","R","E","$","R","B",null],"character_chosen":"THE_SILENT","items_purchased":["Oddly Smooth Stone","Bag of Marbles","Endless Agony+1","Slice+1","Mummified Hand"],"campfire_rested":0,"item_purchase_floors":[3,14,48,48,48],"current_hp_per_floor":[48,48,48,48,46,46,12,12,12,12,12,12,12,12,12,12,70,70,70,63,63,63,63,63,63,63,63,63,63,63,63,63,63,70,70,70,60,60,60,60,60,60,60,60,48,48,48,63,63,63],"gold":310,"neow_bonus":"TWO_FIFTY_GOLD","is_daily":false,"chose_seed":false,"campfire_upgraded":9,"win_rate":0.0,"timestamp":1609781767,"path_taken":["M","M","$","?","M","R","E","R","T","E","R","?","R","?","R","BOSS","M","?","?","?","?","E","M","R","T","E","?","M","R","E","R","BOSS","M","?","?","M","?","E","R","E","T","R","M","R","E","$","R","BOSS"],"items_purchased_type":["Relic","Relic","Card","Card","Relic"],"build_version":"2020-12-22","purchased_purges":2,"victory":true,"max_hp_per_floor":[70,70,70,70,70,70,70,70,70,70,70,70,70,70,70,70,70,70,70,70,70,70,70,70,70,70,70,70,70,70,70,70,70,70,70,70,70,70,70,70,70,70,70,70,70,70,70,70,70,70],"card_choices":[{"not_picked":["Riddle With Holes","Dodge and Roll"],"picked":"Blade Dance","floor":1.0},{"not_picked":["Acrobatics","Flying Knee"],"picked":"Flechettes","floor":2.0},{"not_picked":["Dagger Throw","Prepared"],"picked":"Blade Dance","floor":5.0},{"not_picked":["Underhanded Strike","Dagger Throw","Expertise"],"picked":"SKIP","floor":7.0},{"not_picked":["Tools of the Trade","Sucker Punch"],"picked":"Terror","floor":10.0},{"not_picked":["Corpse Explosion","Doppelganger"],"picked":"A Thousand Cuts","floor":16.0},{"not_picked":["Masterful Stab","Quick Slash"],"picked":"Slice","floor":18.0},{"not_picked":["Dodge and Roll+1","Footwork","Deflect"],"picked":"SKIP","floor":19.0},{"not_picked":["Bane","Prepared+1"],"picked":"Expertise+1","floor":21},{"not_picked":["Bane+1","Corpse Explosion"],"picked":"Backstab+1","floor":23},{"not_picked":["Leg Sweep+1","Noxious Fumes+1","Infinite Blades"],"picked":"SKIP","floor":24},{"not_picked":["Deadly Poison+1","PiercingWail+1"],"picked":"Prepared+1","floor":27},{"not_picked":["Acrobatics","Outmaneuver","Prepared"],"picked":"SKIP","floor":29},{"not_picked":["Blur+1","Prepared"],"picked":"Reflex","floor":31},{"not_picked":["Malaise","Glass Knife+1"],"picked":"Adrenaline","floor":33},{"not_picked":["Acrobatics+1","Dagger Throw+1","Dash+1"],"picked":"SKIP","floor":35},{"not_picked":["PanicButton","The Bomb"],"picked":"Forethought","floor":37},{"not_picked":["Chrysalis","Transmutation"],"picked":"Deep Breath","floor":37},{"not_picked":["Chrysalis","Mind Blast+1"],"picked":"Deep Breath","floor":37},{"not_picked":["Deflect","Distraction+1","Poisoned Stab+1"],"picked":"SKIP","floor":38},{"not_picked":["Eviscerate+1","Flying Knee+1","Deflect+1"],"picked":"SKIP","floor":40},{"not_picked":["Underhanded Strike+1","Deflect","Flying Knee+1","Heel Hook+1"],"picked":"SKIP","floor":42},{"not_picked":["Blur","A Thousand Cuts","Caltrops","Prepared"],"picked":"SKIP","floor":45},{"not_picked":["Noxious Fumes","Poisoned Stab+1","Dodge and Roll","Well Laid Plans+1"],"picked":"SKIP","floor":45},{"not_picked":["Noxious Fumes+1","Corpse Explosion","Sucker Punch+1","Dagger Spray+1"],"picked":"SKIP","floor":47}],"player_experience":27162,"relics_obtained":[{"floor":7.0,"key":"Gambling Chip"},{"floor":9.0,"key":"Girya"},{"floor":10.0,"key":"Whetstone"},{"floor":23,"key":"Gremlin Horn"},{"floor":26,"key":"Torii"},{"floor":27,"key":"MealTicket"},{"floor":28,"key":"Ginger"},{"floor":28,"key":"Molten Egg 2"},{"floor":31,"key":"Bag of Preparation"},{"floor":40,"key":"Question Card"},{"floor":42,"key":"Unceasing Top"},{"floor":43,"key":"Ancient Tea Set"},{"floor":47,"key":"HornCleat"}],"event_choices":[{"cards_removed":["Strike_G"],"damage_healed":0.0,"max_hp_gain":0.0,"max_hp_loss":0.0,"gold_gain":0.0,"event_name":"Living Wall","player_choice":"Forget","floor":4.0,"gold_loss":0.0,"damage_taken":0.0},{"damage_healed":0.0,"max_hp_gain":0.0,"max_hp_loss":0.0,"gold_gain":0.0,"event_name":"Liars Game","player_choice":"Ignored","floor":12.0,"gold_loss":0.0,"damage_taken":0.0},{"damage_healed":0.0,"max_hp_gain":0.0,"max_hp_loss":0.0,"gold_gain":75.0,"event_name":"FaceTrader","player_choice":"Touch","floor":20.0,"gold_loss":0.0,"damage_taken":7.0},{"damage_healed":0,"gold_gain":0,"player_choice":"Ignored","damage_taken":0,"max_hp_gain":0,"max_hp_loss":0,"event_name":"Vampires","floor":22,"gold_loss":0},{"damage_healed":0,"gold_gain":0,"player_choice":"Fight","damage_taken":0,"max_hp_gain":0,"max_hp_loss":0,"event_name":"Colosseum","floor":28,"gold_loss":0},{"damage_healed":0,"gold_gain":0,"player_choice":"Fought Nobs","damage_taken":0,"max_hp_gain":0,"max_hp_loss":0,"event_name":"Colosseum","floor":28,"gold_loss":0},{"cards_removed":["Defend_G"],"damage_healed":0,"gold_gain":0,"player_choice":"Removed Skill","damage_taken":0,"max_hp_gain":0,"max_hp_loss":0,"event_name":"Falling","floor":36,"gold_loss":0},{"damage_healed":0,"gold_gain":0,"player_choice":"Memory 3","damage_taken":10,"max_hp_gain":0,"max_hp_loss":0,"event_name":"SensoryStone","floor":37,"gold_loss":0},{"damage_healed":0,"gold_gain":0,"player_choice":"Gave Potion","damage_taken":0,"relics_obtained":["Prayer Wheel"],"max_hp_gain":0,"max_hp_loss":0,"event_name":"WeMeetAgain","floor":39,"gold_loss":0}],"is_beta":false,"boss_relics":[{"not_picked":["Astrolabe","Empty Cage"],"picked":"WristBlade"},{"not_picked":["Tiny House","Cursed Key"],"picked":"Coffee Dripper"}],"items_purged_floors":[3,48],"is_endless":false,"potions_floor_spawned":[1,5,7,18,19,24,29,33,35,38,42],"ascension_level":1}}