{"host":"xrbxyo513dr24h85","time":1609803135,"event":{"mods":["BaseMod","Better Third Choice","Colored Map","Downfall","Googly Eyes","Halation","Hubris","Lobotomy","Minty Spire (QoL Compilation)","Random Character Button","Relic Stats","Replay The Spire","Retaliation","StSLib","The Blue Laboratory"],"gold_per_floor":[116,62,81,91,102,134,152,171,171,171,181,112,124,149,149,149,149],"floor_reached":16,"playtime":380,"items_purged":[],"score":141,"play_id":"d15a8035-2eff-4bdc-860e-74d591042e63","local_time":"20210104153215","is_ascension_mode":false,"campfire_choices":[{"floor":10,"key":"REST"},{"data":"Venomology","floor":15,"key":"SMITH"}],"circlet_count":0,"master_deck":["Strike_G","Strike_G","Strike_G","Strike_G","Strike_G","Defend_G","Defend_G","Defend_G","Defend_G","Defend_G","Survivor","Neutralize","Flying Knee","Riddle With Holes+1","Flying Knee","Quick Slash","Venomology+1","Tactician","Flying Knee","Flying Knee","Noxious Fumes","Deflect"],"relics":["Ring of the Snake","Replay:Baseball","Replay:Mystery Machine","hubris:Metronome","Omamori"],"acts_visited":["Exordium"],"potions_floor_usage":[6,8,8,11,13,14,14,16,16,16],"damage_taken":[{"damage":0,"enemies":"2 Louse","floor":1,"turns":3},{"damage":3,"enemies":"Jaw Worm","floor":3,"turns":3},{"damage":0,"enemies":"Cultist","floor":4,"turns":2},{"damage":11,"enemies":"Exordium Wildlife","floor":5,"turns":4},{"damage":33,"enemies":"3 Sentries","floor":6,"turns":5},{"damage":3,"enemies":"Red Slaver","floor":7,"turns":6},{"damage":3,"enemies":"Exordium Thugs","floor":8,"turns":4},{"damage":0,"enemies":"3 Louse","floor":11,"turns":2},{"damage":0,"enemies":"Blue Slaver","floor":13,"turns":3},{"damage":8,"enemies":"Gremlin Nob","floor":14,"turns":3},{"damage":30,"enemies":"The Guardian","floor":16,"turns":4}],"seed_played":"-6088869379594614486","potions_obtained":[{"floor":5,"key":"blueLaboratory:BottleOfRum"},{"floor":6,"key":"blueLaboratory:HorrorPotion"},{"floor":8,"key":"Milkshake"},{"floor":14,"key":"GamblersBrew"}],"is_trial":false,"path_per_floor":["M","$","M","M","M","E","M","M","T","R","M","$","M","E","R","B"],"character_chosen":"THE_SILENT","items_purchased":["Riddle With Holes+1","Noxious Fumes"],"campfire_rested":1,"item_purchase_floors":[2,12],"current_hp_per_floor":[70,70,67,67,56,23,20,17,17,38,38,38,38,30,30,0,0],"gold":149,"neow_bonus":"RANDOM_COMMON_RELIC","is_daily":false,"chose_seed":false,"campfire_upgraded":1,"win_rate":0.0,"timestamp":1609803135,"path_taken":["M","$","M","M","M","E","M","M","T","R","M","$","M","E","R","BOSS"],"items_purchased_type":["Card","Card"],"build_version":"2020-12-22","purchased_purges":0,"victory":false,"max_hp_per_floor":[70,70,70,70,70,70,70,70,70,70,70,70,70,70,70,70,70],"relic_stats":{"counters":[11,39],"obtain_stats":[{"Replay:Baseball":0,"hubris:Metronome":9,"Omamori":14,"Replay:Mystery Machine":6,"Ring of the Snake":0},{"Replay:Baseball":0,"hubris:Metronome":7,"Omamori":10,"Replay:Mystery Machine":5,"Ring of the Snake":0},{"Replay:Baseball":0,"hubris:Metronome":27,"Omamori":35,"Replay:Mystery Machine":17,"Ring of the Snake":0}],"Ring of the Snake":[22]},"card_choices":[{"not_picked":["Sneak Up","Prepared"],"picked":"Flying Knee","floor":1},{"not_picked":["Hidden Blade","Dagger Throw"],"picked":"Flying Knee","floor":3},{"not_picked":["Tactician","PiercingWail"],"picked":"Quick Slash","floor":4},{"not_picked":["Deflect","Prepared"],"picked":"Venomology","floor":5},{"not_picked":["ReplayTheSpireMod:Scrap Shanks","ReplayTheSpireMod:The Works"],"picked":"Tactician","floor":6},{"not_picked":["Underhanded Strike","Acrobatics","Dodge and Roll"],"picked":"SKIP","floor":7},{"not_picked":["Well Laid Plans","Setup"],"picked":"Flying Knee","floor":8},{"not_picked":["Blade Dance","Acrobatics"],"picked":"Flying Knee","floor":11},{"not_picked":["Slice","Riddle With Holes"],"picked":"Deflect","floor":13},{"not_picked":["Outmaneuver","Dash","ReplayTheSpireMod:The Works"],"picked":"SKIP","floor":14}],"player_experience":1166058,"relics_obtained":[{"floor":6,"key":"Replay:Mystery Machine"},{"floor":9,"key":"hubris:Metronome"},{"floor":14,"key":"Omamori"}],"event_choices":[],"is_beta":false,"boss_relics":[],"items_purged_floors":[],"is_endless":false,"potions_floor_spawned":[5,6,8,13,14],"killed_by":"The Guardian","ascension_level":0}}