{"host":"qj91dvco5uhu9oti","time":1609766268,"event":{"mods":["BaseMod","Colored Map","Keyboard Shortcuts","Minty Spire (QoL Compilation)","Permanent Neow","Relic Stats","StSLib","SuperFastMode","everything is the same but u backflip on backflip"],"gold_per_floor":[16,33,48,62,137,137,157,157,157,2,2,19,30,57,57,161,161,174,174,189,202,202,233,233,260,283,295,50,50,50,65,65,170,170,189,239,239,18,38,64,64,99,168,43,71,71,71,86,86,86,86,86,18,46,46],"floor_reached":56,"playtime":5918,"items_purged":["Strike_G","Setup+1","Strike_G"],"score":1473,"play_id":"c4e91b6b-0149-456a-b465-ab8fe63dcbe8","local_time":"20210104221748","is_ascension_mode":false,"campfire_choices":[{"data":"Calculated Gamble","floor":6.0,"key":"SMITH"},{"data":"Noxious Fumes","floor":11.0,"key":"SMITH"},{"data":"Noxious Fumes","floor":15.0,"key":"SMITH"},{"data":"Wraith Form v2","floor":24.0,"key":"SMITH"},{"floor":27.0,"key":"REST"},{"data":"Footwork","floor":29.0,"key":"SMITH"},{"data":"Footwork","floor":32.0,"key":"SMITH"},{"data":"Panache","floor":41,"key":"SMITH"},{"floor":47,"key":"RECALL"},{"data":"Tactician","floor":49,"key":"SMITH"},{"data":"Bouncing Flask","floor":52,"key":"SMITH"}],"circlet_count":0,"master_deck":["Defend_G+1","Defend_G","Defend_G+1","Defend_G+1","Survivor+1","Footwork+1","Tactician+1","Calculated Gamble+1","Noxious Fumes+1","Footwork+1","Bouncing Flask+1","Backflip","Noxious Fumes+1","Wraith Form v2+1","Outmaneuver+1","Acrobatics+1","Dodge and Roll+1","Calculated Gamble+1","Deflect+1","Leg Sweep+1","Deep Breath+1","After Image","Deflect+1","Master of Strategy+1","Impatience+1","Panache+1","Backflip+1","Calculated Gamble+1","Escape Plan+1","Malaise+1","Clumsy","Prepared+1","Blur+1","Deep Breath+1","Well Laid Plans+1"],"relics":["Ring of the Snake","Ice Cream","Toxic Egg 2","HoveringKite","WingedGreaves","MawBank","Nloth\u0027s Gift","Cursed Key","CaptainsWheel","The Specimen","Turnip","The Courier","War Paint"],"acts_visited":["Exordium","TheCity","TheBeyond","TheEnding"],"potions_floor_usage":[55,55],"damage_taken":[{"damage":0.0,"enemies":"Cultist","floor":1.0,"turns":4.0},{"damage":3.0,"enemies":"Small Slimes","floor":2.0,"turns":5.0},{"damage":1.0,"enemies":"2 Louse","floor":3.0,"turns":4.0},{"damage":1.0,"enemies":"Large Slime","floor":4.0,"turns":9.0},{"damage":9.0,"enemies":"3 Louse","floor":7.0,"turns":5.0},{"damage":0.0,"enemies":"Blue Slaver","floor":12.0,"turns":5.0},{"damage":0.0,"enemies":"Lots of Slimes","floor":13.0,"turns":5.0},{"damage":13.0,"enemies":"3 Sentries","floor":14.0,"turns":6.0},{"damage":4.0,"enemies":"Hexaghost","floor":16.0,"turns":8.0},{"damage":6.0,"enemies":"Chosen","floor":18.0,"turns":5.0},{"damage":5.0,"enemies":"3 Byrds","floor":20.0,"turns":4.0},{"damage":0.0,"enemies":"3 Cultists","floor":21.0,"turns":5.0},{"damage":27.0,"enemies":"Gremlin Leader","floor":23.0,"turns":8.0},{"damage":8.0,"enemies":"Slavers","floor":25.0,"turns":6.0},{"damage":6.0,"enemies":"Cultist and Chosen","floor":31.0,"turns":9.0},{"damage":0.0,"enemies":"Automaton","floor":33.0,"turns":12.0},{"damage":10.0,"enemies":"3 Shapes","floor":35.0,"turns":5.0},{"damage":0,"enemies":"Mind Bloom Boss Battle","floor":36,"turns":10},{"damage":0,"enemies":"3 Darklings","floor":39,"turns":5},{"damage":0,"enemies":"Reptomancer","floor":40,"turns":6},{"damage":0,"enemies":"Giant Head","floor":42,"turns":6},{"damage":0,"enemies":"Reptomancer","floor":45,"turns":5},{"damage":0,"enemies":"Spire Growth","floor":48,"turns":5},{"damage":0,"enemies":"Time Eater","floor":50,"turns":19},{"damage":0,"enemies":"Shield and Spear","floor":54,"turns":7},{"damage":3,"enemies":"The Heart","floor":55,"turns":9}],"seed_played":"-3529959810007263696","potions_obtained":[{"floor":1.0,"key":"EntropicBrew"},{"floor":13.0,"key":"Energy Potion"},{"floor":16.0,"key":"Swift Potion"},{"floor":31.0,"key":"Explosive Potion"},{"floor":35,"key":"Strength Potion"},{"floor":40,"key":"Dexterity Potion"},{"floor":48,"key":"LiquidMemories"},{"floor":54,"key":"Dexterity Potion"}],"is_trial":false,"path_per_floor":["M","M","M","M","?","R","M","?","T","$","R","M","M","E","R","B",null,"M","?","M","M","?","E","R","E","T","R","$","R","?","M","R","B",null,"M","?","?","$","M","E","R","E","T","$","E","?","R","M","R","B",null,"R","$","E","B",null],"character_chosen":"THE_SILENT","items_purchased":["Footwork","Leg Sweep+1","Deep Breath+1","Panache","Backflip+1","Deep Breath+1"],"campfire_rested":1,"item_purchase_floors":[10,28,28,38,38,53],"current_hp_per_floor":[70,67,66,65,54,54,45,31,31,31,31,31,31,18,18,14,70,64,51,46,46,46,19,19,11,11,33,33,33,33,27,27,27,75,65,65,55,55,55,55,55,55,55,55,55,55,55,55,55,55,75,75,75,75,72],"gold":46,"neow_bonus":"REMOVE_TWO","is_daily":false,"chose_seed":false,"campfire_upgraded":9,"win_rate":0.0,"timestamp":1609766268,"path_taken":["M","M","?","M","?","R","M","?","T","$","R","M","M","E","R","BOSS","M","?","M","M","?","E","R","E","T","R","$","R","?","?","R","BOSS","M","?","?","$","M","E","R","E","T","$","E","?","R","M","R","BOSS","R","$","E","BOSS"],"items_purchased_type":["Card","Card","Card","Card","Card","Card"],"build_version":"2020-12-22","purchased_purges":3,"victory":true,"max_hp_per_floor":[70,70,70,70,70,70,70,70,70,70,70,70,70,70,70,70,70,70,75,75,75,75,75,75,75,75,75,75,75,75,75,75,75,75,75,75,75,75,75,75,75,75,75,75,75,75,75,75,75,75,75,75,75,75,75],"relic_stats":{"counters":[26,177],"HoveringKite":[69],"Turnip":[2],"Nloth\u0027s Gift":4,"War Paint":["Defend_G","Survivor"],"MawBank":24,"Cursed Key":1,"obtain_stats":[{"Ice Cream":9,"The Specimen":40,"HoveringKite":17,"The Courier":45,"War Paint":54,"MawBank":26,"Cursed Key":34,"CaptainsWheel":36,"Shuriken":25,"WingedGreaves":23,"Turnip":42,"Nloth\u0027s Gift":30,"Toxic Egg 2":14,"Ring of the Snake":0},{"Ice Cream":5,"The Specimen":20,"HoveringKite":9,"The Courier":22,"War Paint":25,"MawBank":14,"Cursed Key":16,"CaptainsWheel":18,"Shuriken":14,"WingedGreaves":13,"Turnip":21,"Nloth\u0027s Gift":14,"Toxic Egg 2":8,"Ring of the Snake":0},{"Ice Cream":27,"The Specimen":126,"HoveringKite":51,"The Courier":137,"War Paint":168,"MawBank":79,"Cursed Key":100,"CaptainsWheel":115,"Shuriken":79,"WingedGreaves":73,"Turnip":132,"Nloth\u0027s Gift":79,"Toxic Egg 2":43,"Ring of the Snake":0}],"Ring of the Snake":[52]},"card_choices":[{"not_picked":["Expertise","Predator"],"picked":"Footwork","floor":1.0},{"not_picked":["Poisoned Stab","Outmaneuver"],"picked":"Tactician","floor":2.0},{"not_picked":["Blade Dance","Underhanded Strike"],"picked":"Calculated Gamble","floor":3.0},{"not_picked":["Cloak And Dagger","Expertise","Bane"],"picked":"SKIP","floor":4.0},{"not_picked":["Riddle With Holes","Backflip"],"picked":"Noxious Fumes","floor":7.0},{"not_picked":["Calculated Gamble","Dagger Throw"],"picked":"Bouncing Flask","floor":12.0},{"not_picked":["Infinite Blades","Bane"],"picked":"Backflip","floor":13.0},{"not_picked":["Caltrops","Prepared+1"],"picked":"Noxious Fumes","floor":14.0},{"not_picked":["A Thousand Cuts","Doppelganger+1"],"picked":"Wraith Form v2","floor":16.0},{"not_picked":["Footwork","Bane"],"picked":"Outmaneuver+1","floor":18.0},{"not_picked":["Accuracy","Slice"],"picked":"Acrobatics+1","floor":20.0},{"not_picked":["Flying Knee","Poisoned Stab"],"picked":"Dodge and Roll+1","floor":21.0},{"not_picked":["Backstab","Distraction+1"],"picked":"Deflect+1","floor":23.0},{"not_picked":["Caltrops","Grand Finale","Masterful Stab"],"picked":"SKIP","floor":25.0},{"not_picked":["Dagger Throw","Deadly Poison+1","Flechettes+1"],"picked":"SKIP","floor":31.0},{"not_picked":["Doppelganger+1","Storm of Steel+1"],"picked":"After Image","floor":33.0},{"not_picked":["Terror+1","Tactician+1"],"picked":"Deflect+1","floor":35},{"not_picked":["Trip+1","Swift Strike"],"picked":"Master of Strategy+1","floor":37},{"not_picked":["Jack Of All Trades+1","Forethought+1"],"picked":"Impatience+1","floor":37},{"not_picked":["Finisher+1","Dodge and Roll+1"],"picked":"Calculated Gamble+1","floor":39},{"not_picked":["Sucker Punch+1","Envenom"],"picked":"Escape Plan+1","floor":40},{"not_picked":["Cloak And Dagger+1","Finisher"],"picked":"Malaise+1","floor":42},{"not_picked":["Die Die Die","Bullet Time+1"],"picked":"Prepared+1","floor":45},{"not_picked":["Dagger Spray","Flechettes"],"picked":"Blur+1","floor":48},{"not_picked":["Heel Hook+1","Dagger Throw"],"picked":"Well Laid Plans+1","floor":54}],"player_experience":343955,"relics_obtained":[{"floor":9.0,"key":"Ice Cream"},{"floor":14.0,"key":"Toxic Egg 2"},{"floor":23.0,"key":"WingedGreaves"},{"floor":25.0,"key":"Shuriken"},{"floor":26.0,"key":"MawBank"},{"floor":36,"key":"CaptainsWheel"},{"floor":40,"key":"The Specimen"},{"floor":42,"key":"Turnip"},{"floor":45,"key":"The Courier"},{"floor":54,"key":"War Paint"}],"event_choices":[{"damage_healed":0.0,"max_hp_gain":0.0,"max_hp_loss":0.0,"gold_gain":75.0,"event_name":"World of Goop","player_choice":"Gather Gold","floor":5.0,"gold_loss":0.0,"damage_taken":11.0},{"damage_healed":0.0,"max_hp_gain":0.0,"max_hp_loss":0.0,"gold_gain":0.0,"event_name":"Shining Light","player_choice":"Entered Light","floor":8.0,"gold_loss":0.0,"damage_taken":14.0,"cards_upgraded":["Defend_G","Defend_G"]},{"damage_healed":0.0,"max_hp_gain":5.0,"max_hp_loss":0.0,"gold_gain":0.0,"event_name":"Forgotten Altar","player_choice":"Shed Blood","floor":19.0,"gold_loss":0.0,"damage_taken":18.0},{"damage_healed":0.0,"max_hp_gain":0.0,"max_hp_loss":0.0,"gold_gain":0.0,"cards_transformed":["Strike_G","Strike_G"],"event_name":"Drug Dealer","player_choice":"Became Test Subject","floor":22.0,"gold_loss":0.0,"damage_taken":0.0,"cards_obtained":["Setup","Calculated Gamble"]},{"damage_healed":0.0,"max_hp_gain":0.0,"max_hp_loss":0.0,"gold_gain":0.0,"event_name":"N\u0027loth","player_choice":"Traded Relic","floor":30.0,"relics_lost":["Shuriken"],"gold_loss":0.0,"damage_taken":0.0,"relics_obtained":["Nloth\u0027s Gift"]},{"damage_healed":0,"gold_gain":0,"player_choice":"Fight","damage_taken":0,"max_hp_gain":0,"max_hp_loss":0,"event_name":"MindBloom","floor":36,"gold_loss":0},{"damage_healed":0,"gold_gain":0,"player_choice":"Memory 3","damage_taken":10,"max_hp_gain":0,"max_hp_loss":0,"event_name":"SensoryStone","floor":37,"gold_loss":0},{"cards_removed":["Neutralize"],"damage_healed":0,"gold_gain":0,"player_choice":"Removed Attack","damage_taken":0,"max_hp_gain":0,"max_hp_loss":0,"event_name":"Falling","floor":46,"gold_loss":0}],"is_beta":false,"boss_relics":[{"not_picked":["Coffee Dripper","Snecko Eye"],"picked":"HoveringKite"},{"not_picked":["Busted Crown","Ring of the Serpent"],"picked":"Cursed Key"}],"items_purged_floors":[10,28,44],"is_endless":false,"potions_floor_spawned":[1,13,14,16,18,21,31,35,40,42,48,54],"ascension_level":0}}