{"host":"hy86brpkenigfxlv","time":1609779963,"event":{"mods":["BaseMod","Bestiary","BetterRewards","Colored Map","Downfall","GifTheSpireLib","Hero for Fun","Jorbs\u0027s Wanderer Trilogy","Lobotomy","Minty Spire (QoL Compilation)","Rare Cards Sparkle","StSLib","SuperFastMode","The Animator","The Bug Knight","The Cursed","The Disciple","The Necromancer","The Saiyan","The Servant 0.9.4"],"gold_per_floor":[90,99103,99113,99083,99083,99118,99118,99136,99161,99190,99204,98163,98174,97123,97123,97225,97225,97225,97225,97225,97225,96353,96353,96353,96353,96353,96353,96353,0,0,0,0,0,0,0],"floor_reached":34,"playtime":2659,"items_purged":["Saiyan:SAIYA_Defend","Saiyan:Momentum","Saiyan:SAIYA_Strike","Parasite"],"score":598,"play_id":"07882739-8fe5-4e02-95d4-e30c61a629fe","local_time":"20210105010603","is_ascension_mode":true,"campfire_choices":[{"data":"Saiyan:SuperSaiyanForm","floor":7,"key":"SMITH"},{"data":"Saiyan:UltraInstinct","floor":15,"key":"SMITH"},{"data":"Saiyan:DragonFist","floor":23,"key":"SMITH"},{"data":"Saiyan:ExtremeSpeed","floor":28,"key":"SMITH"},{"data":"Secret Weapon","floor":30,"key":"SMITH"},{"data":"Saiyan:KiExplosion","floor":32,"key":"SMITH"}],"circlet_count":0,"master_deck":["Saiyan:SAIYA_Strike+1","Saiyan:SAIYA_Strike","Saiyan:SAIYA_Defend+1","Saiyan:EnergyBlast","Saiyan:RuthlessBlow+1","WhitesApple","Saiyan:SuperSaiyanForm+1","Deep Breath","Saiyan:ExtremeSpeed+1","Parasite","Saiyan:MeteorDash","VoidDream","Saiyan:DragonFist+1","Saiyan:KiExplosion+1","Saiyan:ExpandingShockwave","Saiyan:UltraInstinct+1","expansioncontent:Corrupt","Parasite","Saiyan:MeteorDash+1","Funeral","Secret Weapon+1","stsjorbsmod:SmithingStrike","QueenOfHatred","stsjorbsmod:DeathThroes"],"relics":["SaiyanSoul","SaiyanHeart","CogitoBucket","Nunchaku","Pear","Chemical X","War Paint","Whetstone","InkBottle","Calipers","Bag of Preparation","PrismaticShard","FossilizedHelix","White Beast Statue","TheAbacus","Ectoplasm","HollowMod:StagPassRelic","Juzu Bracelet","Toolbox","Pantograph","Sundial","Potion Belt","Empty Cage"],"acts_visited":["Exordium","TheCity","TheBeyond"],"potions_floor_usage":[6,6,11,21,25,33],"damage_taken":[{"damage":0,"enemies":"Jaw Worm","floor":1,"turns":3},{"damage":1,"enemies":"Small Slimes","floor":3,"turns":3},{"damage":5,"enemies":"3 Sentries","floor":6,"turns":4},{"damage":0,"enemies":"Cultist","floor":8,"turns":4},{"damage":0,"enemies":"Lagavulin","floor":10,"turns":6},{"damage":33,"enemies":"Blue Slaver","floor":11,"turns":3},{"damage":6,"enemies":"2 Fungi Beasts","floor":13,"turns":2},{"damage":2,"enemies":"The Guardian","floor":16,"turns":9},{"damage":0,"enemies":"Shell Parasite","floor":18,"turns":4},{"damage":0,"enemies":"Chosen","floor":19,"turns":4},{"damage":26,"enemies":"Centurion and Healer","floor":21,"turns":6},{"damage":14,"enemies":"Snake Plant","floor":24,"turns":4},{"damage":18,"enemies":"Gremlin Leader","floor":25,"turns":5},{"damage":3,"enemies":"HollowMod:Nosk","floor":27,"turns":4},{"damage":0,"enemies":"Collector","floor":33,"turns":6}],"seed_played":"7914373523985485122","potions_obtained":[{"floor":1,"key":"FearPotion"},{"floor":8,"key":"Ancient Potion"},{"floor":10,"key":"Block Potion"},{"floor":16,"key":"BlessingOfTheForge"},{"floor":18,"key":"CultistPotion"},{"floor":21,"key":"Block Potion"},{"floor":25,"key":"SteroidPotion"},{"floor":27,"key":"Fire Potion"},{"floor":33,"key":"SteroidPotion"}],"is_trial":false,"path_per_floor":["M","$","M","?","?","E","R","M","T","E","M","$","M","$","R","B",null,"M","M","?","M","$","R","M","E","T","E","R","?","R","?","R","B",null],"character_chosen":"SAIYAJIN","items_purchased":["Saiyan:SuperSaiyanForm","Saiyan:DragonRadar","Nunchaku","Pear","Chemical X","Deep Breath","Fire Potion","LiquidMemories","Secret Weapon","Saiyan:KiExplosion","Saiyan:ExpandingShockwave","Calipers","Bag of Preparation","PrismaticShard","Dramatic Entrance","Saiyan:UltraInstinct","expansioncontent:Corrupt","FossilizedHelix","White Beast Statue","TheAbacus","Secret Weapon","HollowMod:StagPassRelic","Juzu Bracelet","Toolbox"],"campfire_rested":0,"item_purchase_floors":[2,2,2,2,2,2,2,2,12,12,12,12,12,12,12,14,14,14,14,14,22,22,22,22],"current_hp_per_floor":[61,71,72,72,72,68,68,69,69,70,37,37,33,33,33,32,76,77,79,79,54,54,54,44,28,28,26,26,26,26,26,26,52,71,71],"gold":0,"neow_bonus":"","is_daily":false,"chose_seed":false,"campfire_upgraded":6,"win_rate":0.0,"timestamp":1609779963,"path_taken":["M","$","M","?","?","E","R","M","T","E","M","$","M","?","R","BOSS","M","M","?","M","$","R","M","E","T","E","R","?","R","?","R","BOSS"],"items_purchased_type":["Card","Card","Relic","Relic","Relic","Card","Potion","Potion","Card","Card","Card","Relic","Relic","Relic","Card","Card","Card","Relic","Relic","Relic","Card","Relic","Relic","Relic"],"build_version":"2020-12-22","purchased_purges":4,"victory":false,"max_hp_per_floor":[61,71,73,73,73,74,74,75,75,76,73,73,75,75,75,76,76,77,79,79,80,77,77,80,77,77,77,77,77,77,77,77,77,71,71],"card_choices":[{"not_picked":["QueenBee","Scorched"],"picked":"WhitesApple","floor":1},{"not_picked":["Saiyan:SaiyanHubris","Saiyan:ReverberatingForce","Saiyan:BackAttack"],"picked":"SKIP","floor":1},{"not_picked":["Saiyan:ReverberatingForce","Saiyan:ExtremeSpeed","Saiyan:SoulSpice"],"picked":"SKIP","floor":3},{"not_picked":["Saiyan:ReverberatingForce","Saiyan:ExtremeSpeed","Saiyan:SoulSpice"],"picked":"SKIP","floor":3},{"not_picked":["Saiyan:ReverberatingForce","Saiyan:SoulSpice"],"picked":"Saiyan:ExtremeSpeed","floor":3},{"not_picked":["Saiyan:ReverberatingForce","Saiyan:AugmentedBlast"],"picked":"Saiyan:MeteorDash","floor":6},{"not_picked":["BeautyBeast","Rudolta"],"picked":"VoidDream","floor":6},{"not_picked":["Saiyan:MeteorDash","Saiyan:Medicine"],"picked":"Saiyan:Momentum","floor":8},{"not_picked":["Saiyan:SuperSaiyanThree","Saiyan:FingerParry"],"picked":"Saiyan:DragonFist","floor":10},{"not_picked":["Saiyan:ExtremeSpeed","Saiyan:DragonRadar","Saiyan:SaiyanHubris"],"picked":"SKIP","floor":11},{"not_picked":["Saiyan:ExtremeSpeed","Saiyan:DragonRadar","Saiyan:SaiyanHubris"],"picked":"SKIP","floor":11},{"not_picked":["Slap","TheCursedMod:Stretching","animator:SilverFang"],"picked":"SKIP","floor":13},{"not_picked":["Bloodbath","OldLady"],"picked":"Murderer","floor":16},{"not_picked":["Horn+1","animator:TukaLunaMarceau"],"picked":"Saiyan:MeteorDash+1","floor":18},{"not_picked":["Saiyan:PlotArmor","TheCursedMod:SoulCrush","stsjorbsmod:Poultergeist+1"],"picked":"SKIP","floor":19},{"not_picked":["Variant","OSAHOGD","NakedNest"],"picked":"Singing Bowl","floor":21},{"not_picked":["Freischutz","GreedKing"],"picked":"Funeral","floor":21},{"not_picked":["animator:Benimaru","stsjorbsmod:Abjure","sneckomod:UnknownClassAngela+1"],"picked":"SKIP","floor":21},{"not_picked":["Body Slam+1","Go for the Eyes","sneckomod:Nope"],"picked":"SKIP","floor":24},{"not_picked":["champ:FalseCounter","Headbutt"],"picked":"stsjorbsmod:SmithingStrike","floor":25},{"not_picked":["MeltingLove","ShyLook","LongBird"],"picked":"Singing Bowl","floor":27},{"not_picked":["CENSORED","NakedNest"],"picked":"QueenOfHatred","floor":27},{"not_picked":["FormalWear","stsjorbsmod:ArcaneWeapon","Tempo"],"picked":"SKIP","floor":27},{"not_picked":["Slimebound:DuplicatedForm","Saiyan:MindBoom"],"picked":"stsjorbsmod:DeathThroes","floor":33}],"player_experience":39815,"relics_obtained":[{"floor":6,"key":"War Paint"},{"floor":9,"key":"Whetstone"},{"floor":10,"key":"InkBottle"},{"floor":25,"key":"Pantograph"},{"floor":26,"key":"Sundial"},{"floor":27,"key":"Potion Belt"}],"event_choices":[{"damage_healed":0,"gold_gain":0,"player_choice":"Left Gold","damage_taken":0,"max_hp_gain":0,"max_hp_loss":0,"event_name":"World of Goop","floor":4,"gold_loss":30},{"damage_healed":0,"gold_gain":0,"cards_transformed":["Saiyan:SAIYA_Strike"],"player_choice":"Transformed","damage_taken":0,"max_hp_gain":0,"max_hp_loss":0,"event_name":"Transmorgrifier","floor":5,"gold_loss":0,"cards_obtained":["Saiyan:CCCapsule"]},{"damage_healed":0,"gold_gain":0,"player_choice":"Ignored","damage_taken":0,"max_hp_gain":0,"max_hp_loss":0,"event_name":"Vampires","floor":20,"gold_loss":0},{"damage_healed":0,"gold_gain":0,"player_choice":"Paid Fearfully","damage_taken":0,"max_hp_gain":0,"max_hp_loss":0,"event_name":"Masked Bandits","floor":29,"gold_loss":96353},{"cards_removed":["Saiyan:DragonRadar"],"damage_healed":0,"gold_gain":0,"player_choice":"Elegance","damage_taken":0,"max_hp_gain":0,"max_hp_loss":0,"event_name":"Back to Basics","floor":31,"gold_loss":0}],"is_beta":false,"boss_relics":[{"not_picked":["Astrolabe","Sozu"],"picked":"Ectoplasm"},{"not_picked":["Philosopher\u0027s Stone","Runic Dome"],"picked":"Empty Cage"}],"items_purged_floors":[2,12,14,22],"is_endless":false,"potions_floor_spawned":[1,8,10,16,18,19,21,24,25,27,33],"ascension_level":1}}