{"host":"ryuep8ewa00k39z9","time":1609733350,"event":{"mods":["AchievementEnabler","BaseMod","Best Route Mod","Colored Map","Colored Powertips","Displayed Cursed Tome","Highlight Path","Minty Spire (QoL Compilation)","Quick Restart","SuperFastMode"],"gold_per_floor":[14,14,33,49,63,63,73,98,124,124,143,143,157,157,157,260,260,272,272,16,28,39,39,39,39,92,170,187,187,213,225,225],"floor_reached":31,"playtime":1303,"items_purged":[],"score":334,"play_id":"8eddfd94-4641-481a-a3af-b0a85d107cf9","local_time":"20210103220910","is_ascension_mode":true,"campfire_choices":[{"data":"Defragment","floor":6.0,"key":"SMITH"},{"floor":10.0,"key":"REST"},{"floor":12.0,"key":"REST"},{"floor":15,"key":"REST"},{"data":"Electrodynamics","floor":23,"key":"SMITH"},{"floor":29,"key":"REST"}],"circlet_count":0,"master_deck":["Strike_B","Strike_B","Defend_B","Defend_B","Defend_B","Zap","Dualcast","Master of Strategy","Defragment+1","Ball Lightning","Consume","Tempest","Defragment","Static Discharge","Electrodynamics+1","Ball Lightning+1","Double Energy","Lockon","White Noise+1","RitualDagger","Echo Form"],"relics":["Cracked Core","Bottled Lightning","Darkstone Periapt","Nunchaku","Inserter","Cables","Happy Flower","Singing Bowl","MawBank"],"acts_visited":["Exordium","TheCity"],"potions_floor_usage":[16,22,28,30],"damage_taken":[{"damage":1.0,"enemies":"Cultist","floor":1.0,"turns":4.0},{"damage":4.0,"enemies":"Small Slimes","floor":3.0,"turns":4.0},{"damage":6.0,"enemies":"2 Louse","floor":4.0,"turns":2.0},{"damage":6.0,"enemies":"Blue Slaver","floor":5.0,"turns":4.0},{"damage":12.0,"enemies":"Looter","floor":7.0,"turns":3.0},{"damage":35.0,"enemies":"3 Sentries","floor":8.0,"turns":5.0},{"damage":25.0,"enemies":"Gremlin Gang","floor":11.0,"turns":4.0},{"damage":9.0,"enemies":"Red Slaver","floor":13.0,"turns":2.0},{"damage":25,"enemies":"Slime Boss","floor":16,"turns":7},{"damage":3,"enemies":"3 Byrds","floor":18,"turns":1},{"damage":2,"enemies":"Chosen","floor":21,"turns":3},{"damage":19,"enemies":"Snake Plant","floor":22,"turns":2},{"damage":28,"enemies":"Shelled Parasite and Fungi","floor":28,"turns":3},{"damage":9,"enemies":"Gremlin Leader","floor":30,"turns":4},{"damage":14,"enemies":"Centurion and Healer","floor":31,"turns":2}],"seed_played":"4818999545365751939","potions_obtained":[{"floor":3.0,"key":"Fruit Juice"},{"floor":5.0,"key":"SkillPotion"},{"floor":7.0,"key":"LiquidMemories"},{"floor":8.0,"key":"Swift Potion"},{"floor":11.0,"key":"Fire Potion"},{"floor":13.0,"key":"SneckoOil"},{"floor":18,"key":"PowerPotion"},{"floor":22,"key":"Fire Potion"},{"floor":28,"key":"EssenceOfSteel"},{"floor":30,"key":"PotionOfCapacity"}],"is_trial":false,"path_per_floor":["M","T","M","M","M","R","M","E","T","R","M","R","M","?","R","B",null,"M","?","$","M","M","R","?","?","T","T","M","R","E","M"],"character_chosen":"DEFECT","items_purchased":["Cables"],"campfire_rested":4,"item_purchase_floors":[20],"current_hp_per_floor":[67,67,68,62,56,56,44,9,9,33,8,32,23,23,47,22,66,63,63,63,61,42,42,36,36,36,36,10,34,25,11,11],"gold":225,"neow_bonus":"RANDOM_COLORLESS_2","is_daily":false,"chose_seed":false,"campfire_upgraded":2,"win_rate":0.0,"timestamp":1609733350,"path_taken":["M","?","M","M","M","R","M","E","T","R","M","R","M","?","R","BOSS","M","?","$","M","M","R","?","?","T","?","M","R","E","?"],"items_purchased_type":["Relic"],"build_version":"2020-12-22","purchased_purges":0,"victory":false,"max_hp_per_floor":[75,75,80,80,80,80,80,80,80,80,80,80,80,80,80,80,80,80,80,80,80,80,80,80,80,80,80,82,82,82,82,82],"card_choices":[{"not_picked":["Secret Weapon","Thinking Ahead"],"picked":"Master of Strategy","floor":0.0},{"not_picked":["Compile Driver","Turbo"],"picked":"Defragment","floor":1.0},{"not_picked":["Leap","Scrape","Compile Driver"],"picked":"SKIP","floor":3.0},{"not_picked":["Sweeping Beam","Self Repair"],"picked":"Ball Lightning","floor":4.0},{"not_picked":["Auto Shields","Force Field"],"picked":"Consume","floor":5.0},{"not_picked":["Consume","Sweeping Beam"],"picked":"Tempest","floor":7.0},{"not_picked":["Consume","Gash","Hello World"],"picked":"SKIP","floor":8.0},{"not_picked":["Ball Lightning","Turbo"],"picked":"Defragment","floor":11.0},{"not_picked":["Beam Cell","Stack"],"picked":"Static Discharge","floor":13.0},{"not_picked":["Hyperbeam","Creative AI"],"picked":"Electrodynamics","floor":16},{"not_picked":["Gash","Coolheaded"],"picked":"Ball Lightning+1","floor":18},{"not_picked":["Redo","Ball Lightning","Rip and Tear"],"picked":"SKIP","floor":21},{"not_picked":["Rip and Tear+1","Steam+1"],"picked":"White Noise+1","floor":22},{"not_picked":["Sunder+1","Hologram","Conserve Battery"],"picked":"Singing Bowl","floor":28},{"not_picked":["Conserve Battery","White Noise"],"picked":"Echo Form","floor":30}],"player_experience":3847220,"relics_obtained":[{"floor":2.0,"key":"Bottled Lightning"},{"floor":8.0,"key":"Darkstone Periapt"},{"floor":9.0,"key":"Nunchaku"},{"floor":26,"key":"Happy Flower"},{"floor":27,"key":"Singing Bowl"},{"floor":30,"key":"MawBank"}],"event_choices":[{"damage_healed":0,"gold_gain":0,"player_choice":"Fled","damage_taken":0,"max_hp_gain":0,"max_hp_loss":0,"event_name":"Scrap Ooze","floor":14,"gold_loss":0},{"damage_healed":0,"gold_gain":0,"cards_transformed":["Strike_B","Strike_B"],"player_choice":"Became Test Subject","damage_taken":0,"max_hp_gain":0,"max_hp_loss":0,"event_name":"Drug Dealer","floor":19,"gold_loss":0,"cards_obtained":["Double Energy","Lockon"]},{"damage_healed":0,"gold_gain":0,"player_choice":"Joined the Cult","damage_taken":6,"max_hp_gain":0,"max_hp_loss":0,"event_name":"Nest","floor":24,"gold_loss":0,"cards_obtained":["RitualDagger"]},{"cards_removed":["Defend_B"],"damage_healed":0,"gold_gain":0,"player_choice":"Elegance","damage_taken":0,"max_hp_gain":0,"max_hp_loss":0,"event_name":"Back to Basics","floor":25,"gold_loss":0}],"is_beta":false,"boss_relics":[{"not_picked":["FrozenCore","Philosopher\u0027s Stone"],"picked":"Inserter"}],"items_purged_floors":[],"is_endless":false,"potions_floor_spawned":[3,5,7,8,11,13,18,22,28,30],"killed_by":"Centurion and Healer","ascension_level":6}}