{"host":"v9ordiuf4xzdpttp","time":1609796664,"event":{"mods":["AchievementEnabler","Act Like it!","AlwaysNeverKeys","Aspiration","Bard","Bartender","BaseMod","Better Third Choice","Better Vampires","BetterRewards","Colored Map","Conspire","Dio Mod","Downfall","Energized Spire","Gold Saver","GungeonMod","Halation","Hubris","Infinite Spire","Ironclad Rager","Jedi Mod","Marked Mod","Melee Mod","Minty Spire (QoL Compilation)","Pale of the Ancients","Remove Card Discount Mod","Replay The Spire","Robot Space Explorer","SOS???????","Shop Mod","Small Relic Pack","Somnambulant","Spicy Shops","StSLib","The Bladedancer","The Bug Knight","The Construct","The Death Knight","The Exalted","The Hayseed","The Hierophant","The Jungle","The Mystic","The Runesmith","The Saiyan","The Senshi","The Servant 0.9.4","The Wild Card","TheBandit","vexMod","??????REMEMod"],"gold_per_floor":[122,20,20,33,47,47,47,47,60,60,87,87,13,46,46,46,46,144,144,162,162,174,174,174],"floor_reached":23,"playtime":957,"items_purged":["Bromod:Frostbite","Defend_R"],"score":452,"play_id":"76d68899-ec12-4b57-af5c-40bd19eb39c7","local_time":"20210104164424","is_ascension_mode":true,"campfire_choices":[{"data":"REME_Scribble","floor":6,"key":"SMITH"},{"floor":12,"key":"REST"},{"floor":15,"key":"REST"},{"floor":17,"key":"RECALL"}],"circlet_count":0,"master_deck":["Strike_R","Strike_R","Strike_R","Strike_R","Strike_R+1","Defend_R","Defend_R","Defend_R","Bash","Feed","REME_Scribble+1","ReplayTheSpireMod:Muscle Training+1","jedi:fear","Iron Wave","jedi:MakeshiftSword","Hemokinesis","REME_Scribble","Blood for Blood","Armaments","Burn","Offering","Pain","Headbutt","Anger+1"],"relics":["Burning Blood","REME_ComplimentaryCards","aspiration:BabyByrd","Gremlin Food","jedi:archwizardhat","energizedSpire:DecayingSkull","WarpedTongs"],"acts_visited":["Exordium","TheCity"],"potions_floor_usage":[18,18,22],"damage_taken":[{"damage":9,"enemies":"Small Slimes","floor":1,"turns":3},{"damage":4,"enemies":"Cultist","floor":4,"turns":3},{"damage":14,"enemies":"2 Louse","floor":5,"turns":3},{"damage":16,"enemies":"Blue Slaver","floor":9,"turns":3},{"damage":38,"enemies":"3 Sentries","floor":14,"turns":4},{"damage":47,"enemies":"Slime Boss","floor":18,"turns":8},{"damage":49,"enemies":"Shell Parasite","floor":20,"turns":4},{"damage":65,"enemies":"3 Byrds","floor":22,"turns":5},{"damage":38,"enemies":"Cultist and Chosen","floor":23,"turns":4}],"seed_played":"5289263599110213317","potions_obtained":[{"floor":4,"key":"SteroidPotion"},{"floor":14,"key":"Venom Potion"},{"floor":18,"key":"Block Potion"}],"is_trial":false,"path_per_floor":["M","$","?","M","M","R","PTL","PTL","M","?","T","R","$","E","R","?","R","B",null,"M","?","M","M"],"character_chosen":"IRONCLAD","items_purchased":["Feed","REME_Scribble","jedi:fear","Iron Wave","Blood for Blood"],"campfire_rested":2,"item_purchase_floors":[0,0,2,2,13],"current_hp_per_floor":[74,74,74,81,78,78,78,78,74,74,74,101,101,77,109,109,109,76,107,72,72,22,0,0],"gold":174,"neow_bonus":"","is_daily":false,"chose_seed":false,"campfire_upgraded":1,"win_rate":0.0,"timestamp":1609796664,"path_taken":["M","$","?","?","M","R","PTL","PTL","M","?","T","R","$","E","R","?","R","BOSS","M","?","?","M"],"items_purchased_type":["Card","Card","Card","Card","Card"],"build_version":"2020-12-22","purchased_purges":2,"victory":false,"max_hp_per_floor":[85,85,85,90,95,95,95,95,101,101,101,101,101,109,109,109,109,117,117,125,125,134,137,137],"card_choices":[{"not_picked":["Flex","Heavy Blade"],"picked":"ReplayTheSpireMod:Muscle Training","floor":1},{"not_picked":["Carnage","Clash"],"picked":"jedi:MakeshiftSword","floor":4},{"not_picked":["Clash","jedi:bloodyhammer"],"picked":"Hemokinesis","floor":5},{"not_picked":["Sword Boomerang","Defy Death"],"picked":"REME_Scribble","floor":9},{"not_picked":["Warcry","Havoc"],"picked":"Armaments","floor":14},{"not_picked":["Corruption","Immolate"],"picked":"Offering","floor":18},{"not_picked":["Clash","Shrug It Off","Heavy Blade"],"picked":"SKIP","floor":20},{"not_picked":["Whirlwind","Replay:Undeath\u0027s Touch"],"picked":"Headbutt","floor":22}],"player_experience":250200,"relics_obtained":[{"floor":11,"key":"Gremlin Food"},{"floor":14,"key":"jedi:archwizardhat"}],"event_choices":[{"damage_healed":0,"gold_gain":0,"player_choice":"Ignored","damage_taken":0,"max_hp_gain":0,"max_hp_loss":0,"event_name":"WeMeetAgain","floor":3,"gold_loss":0},{"damage_healed":109,"gold_gain":0,"player_choice":"Embrace Burn","damage_taken":0,"max_hp_gain":0,"max_hp_loss":109,"event_name":"betterThird:BetterShining","floor":16,"gold_loss":0},{"damage_healed":0,"gold_gain":0,"player_choice":"Rummage","damage_taken":0,"relics_obtained":["WarpedTongs"],"max_hp_gain":0,"max_hp_loss":0,"event_name":"Accursed Blacksmith","floor":21,"gold_loss":0,"cards_obtained":["Pain"]}],"is_beta":false,"boss_relics":[{"not_picked":["Tiny House","jedi:hotpepper"],"picked":"energizedSpire:DecayingSkull"}],"items_purged_floors":[2,2],"is_endless":false,"potions_floor_spawned":[4,14,18],"killed_by":"Cultist and Chosen","ascension_level":8}}