{"host":"iml8x8es9od4zowg","time":1609760853,"event":{"mods":["2.2 Compatiblity","BaseMod","Marisa£¨Ùöéë¡¡Øª×âÞÞ£©","Minty Spire (QoL Compilation)","StSLib","Td1madao Mod","The Jungle","¡¼?Úª?ø«¡½REMEMod"],"gold_per_floor":[366,378,392,52,52,96,96,139,162,181,106,141,141,157,157,280,280,294,314,314,464,510,510,529,548,602,621,621,634,634,386,386],"floor_reached":31,"playtime":2703,"items_purged":["Strike_G","Defend_G"],"score":270,"play_id":"01b9732e-66f2-4160-8e28-4943bbb86d2b","local_time":"20210104204733","is_ascension_mode":true,"campfire_choices":[{"floor":7,"key":"REST"},{"data":"Footwork","floor":15,"key":"SMITH"},{"floor":23,"key":"REST"},{"floor":28,"key":"REST"},{"floor":30,"key":"REST"}],"circlet_count":0,"master_deck":["Strike_G+1","Strike_G","Strike_G","Strike_G+1","Defend_G","Defend_G","Defend_G","Survivor","Neutralize","DarkMatter","Escape Plan","Footwork+1","Acrobatics","Blade Dance","Acrobatics","Slice","Reflex","Deflect","Night Terror","Deadly Poison+1","Footwork","Cloak And Dagger","Impatience","Blade Dance","Blur"],"relics":["Ring of the Snake","REME_ComplimentaryCards","Oddly Smooth Stone","Omamori","Golden Idol","Whetstone","Tiny Chest","Lantern","REME_LowDesire","PreservedInsect","Ancient Tea Set","Bag of Preparation","Akabeko","Regal Pillow"],"acts_visited":["Exordium","Exordium"],"potions_floor_usage":[6,8,12,18,19],"damage_taken":[{"damage":0,"enemies":"Small Slimes","floor":1,"turns":4},{"damage":7,"enemies":"Jaw Worm","floor":2,"turns":8},{"damage":0,"enemies":"2 Louse","floor":3,"turns":4},{"damage":17,"enemies":"Gremlin Nob","floor":6,"turns":4},{"damage":12,"enemies":"3 Sentries","floor":8,"turns":9},{"damage":0,"enemies":"Exordium Wildlife","floor":10,"turns":3},{"damage":13,"enemies":"Lagavulin","floor":12,"turns":6},{"damage":0,"enemies":"Looter","floor":14,"turns":3},{"damage":31,"enemies":"The Guardian","floor":16,"turns":25},{"damage":27,"enemies":"theJungle:GiantWrat","floor":18,"turns":7},{"damage":5,"enemies":"theJungle:5_Spyders","floor":19,"turns":8},{"damage":9,"enemies":"theJungle:Lyon","floor":24,"turns":6},{"damage":10,"enemies":"theJungle:SlimyTreeVines","floor":25,"turns":15},{"damage":9,"enemies":"Snake Plant","floor":27,"turns":5},{"damage":31,"enemies":"theJungle:2_Snecko_Cultists","floor":29,"turns":7}],"seed_played":"-8362645367346672130","potions_obtained":[{"floor":2,"key":"SteroidPotion"},{"floor":3,"key":"Energy Potion"},{"floor":6,"key":"Swift Potion"},{"floor":8,"key":"SteroidPotion"},{"floor":19,"key":"Fruit Juice"},{"floor":29,"key":"Ancient Potion"}],"is_trial":false,"path_per_floor":["M","M","M","$","?","E","R","E","T","M","$","E","?","M","R","B",null,"M","M","?","?","T","R","M","M","T","M","R","M","R","$"],"character_chosen":"THE_SILENT","items_purchased":["Oddly Smooth Stone","Omamori","Blade Dance","Regal Pillow"],"campfire_rested":4,"item_purchase_floors":[4,4,4,31],"current_hp_per_floor":[63,56,56,56,56,39,57,45,45,45,45,32,53,53,53,22,63,36,36,26,26,26,46,37,33,33,24,44,13,33,33,33],"gold":386,"neow_bonus":"TWO_FIFTY_GOLD","is_daily":false,"chose_seed":false,"campfire_upgraded":1,"win_rate":0.0,"timestamp":1609760853,"path_taken":["M","M","M","$","?","E","R","E","T","M","$","E","?","M","R","BOSS","M","M","?","?","?","R","?","?","T","M","R","M","R","$"],"items_purchased_type":["Relic","Relic","Card","Relic"],"build_version":"2020-12-22","purchased_purges":2,"victory":false,"max_hp_per_floor":[63,63,63,63,63,63,63,63,63,63,63,63,63,63,63,63,63,63,68,68,68,68,68,68,68,68,68,68,68,68,68,68],"card_choices":[{"not_picked":["Noxious Fumes","Quick Slash"],"picked":"Escape Plan","floor":1},{"not_picked":["Backstab","Sucker Punch"],"picked":"Footwork","floor":2},{"not_picked":["Poisoned Stab","PiercingWail"],"picked":"Acrobatics","floor":3},{"not_picked":["Dagger Throw","Bane"],"picked":"Acrobatics","floor":6},{"not_picked":["Dash","Distraction"],"picked":"Slice","floor":8},{"not_picked":["Poisoned Stab","Dagger Spray","Quick Slash"],"picked":"SKIP","floor":10},{"not_picked":["Malaise","Skewer"],"picked":"Reflex","floor":12},{"not_picked":["Acrobatics","Sucker Punch"],"picked":"Deflect","floor":14},{"not_picked":["REME_ShadowForm","REME_GrazeFinale"],"picked":"Night Terror","floor":16},{"not_picked":["Sucker Punch+1","Riddle With Holes","Good Instincts"],"picked":"Deadly Poison+1","floor":18},{"not_picked":["PiercingWail","Blur+1","Madness+1"],"picked":"Footwork","floor":19},{"not_picked":["Endless Agony+1","Dagger Throw","Dramatic Entrance"],"picked":"Cloak And Dagger","floor":24},{"not_picked":["Backflip","Crippling Poison+1","Dodge and Roll"],"picked":"Impatience","floor":25},{"not_picked":["Dagger Throw+1","PiercingWail","Secret Technique"],"picked":"Blade Dance","floor":27},{"not_picked":["Masterful Stab","Corpse Explosion","Enlightenment"],"picked":"Blur","floor":29}],"player_experience":512615,"relics_obtained":[{"floor":6,"key":"Whetstone"},{"floor":8,"key":"Tiny Chest"},{"floor":12,"key":"Lantern"},{"floor":17,"key":"PreservedInsect"},{"floor":17,"key":"Ancient Tea Set"},{"floor":22,"key":"Bag of Preparation"},{"floor":26,"key":"Akabeko"}],"event_choices":[{"damage_healed":0,"gold_gain":0,"player_choice":"Take Wound","damage_taken":0,"relics_obtained":["Golden Idol"],"max_hp_gain":0,"max_hp_loss":0,"event_name":"Golden Idol","floor":5,"gold_loss":0,"cards_obtained":["Injury"]},{"damage_healed":21,"gold_gain":0,"player_choice":"Banana","damage_taken":0,"max_hp_gain":0,"max_hp_loss":0,"event_name":"Big Fish","floor":13,"gold_loss":0}],"is_beta":false,"boss_relics":[{"not_picked":["Tiny House","Runic Pyramid"],"picked":"REME_LowDesire"}],"items_purged_floors":[11,31],"is_endless":false,"potions_floor_spawned":[2,3,6,8,19,29],"ascension_level":1}}