{"host":"ifw7cdx76lcpw3w9","time":1609756927,"event":{"mods":["AchievementEnabler","Act Like it!","BaseMod","Conspire","Friendly Minions","Minty Spire (QoL Compilation)","Potionbrewer","StSLib","The Factory"],"gold_per_floor":[117,135,150,100,118,118,70,70,70,103,35,35,53,69,69,171,171,189,169,180,191,201,201,232,232,232,249,249,264,264,294,294,396,396,413,426,426,470,486,486,120,155,155,155,255,275,175,186,186,156,156,156,78,113,98],"floor_reached":56,"playtime":5839,"items_purged":["potionbrewer:PotionbrewerDefend","Decay"],"score":1356,"play_id":"4238b57e-fdeb-4b18-b9c0-8db8f3703f04","local_time":"20210104034207","is_ascension_mode":false,"campfire_choices":[{"data":"potionbrewer:AlchemistForm","floor":6,"key":"SMITH"},{"data":"potionbrewer:ChemicalSpill","floor":8,"key":"SMITH"},{"data":"potionbrewer:PrivateReserves","floor":12,"key":"SMITH"},{"data":"potionbrewer:ChemicalWeapons","floor":15,"key":"SMITH"},{"data":"potionbrewer:RefinedProcess","floor":23,"key":"SMITH"},{"data":"potionbrewer:ChemicalRage","floor":25,"key":"SMITH"},{"data":"potionbrewer:EmptyBottle","floor":28,"key":"SMITH"},{"floor":32,"key":"RECALL"},{"data":"potionbrewer:BottomlessFlask","floor":40,"key":"SMITH"},{"data":"potionbrewer:FlareUp","floor":44,"key":"SMITH"},{"floor":49,"key":"DIG"},{"floor":52,"key":"DIG"}],"circlet_count":0,"master_deck":["potionbrewer:PotionbrewerStrike","potionbrewer:PotionbrewerStrike","potionbrewer:PotionbrewerStrike","potionbrewer:PotionbrewerDefend","potionbrewer:PotionbrewerDefend","potionbrewer:Collect","potionbrewer:ChemicalSpill+1","potionbrewer:FlashPowder","potionbrewer:AlchemistForm+1","potionbrewer:Prototype","potionbrewer:ChemicalWeapons+1","potionbrewer:PrivateReserves+1","potionbrewer:Smokescreen","potionbrewer:EmptyBottle+1","potionbrewer:RefinedProcess+1","potionbrewer:ChemicalRage+1","potionbrewer:Prototype","potionbrewer:LeftoverSpecimen+1","potionbrewer:Prototype","potionbrewer:TestFormula","potionbrewer:Prototype","potionbrewer:Prototype","potionbrewer:Prototype","potionbrewer:FlareUp+1","potionbrewer:ChoosePotion","potionbrewer:ChoosePotion","potionbrewer:HazardousMaterials"],"relics":["potionbrewer:AlchemistKit","Pocketwatch","Gambling Chip","conspire:BottledYoYo","Cursed Key","Shovel","PreservedInsect","Oddly Smooth Stone","Calipers","Mercury Hourglass","conspire:DecoderRing","Gremlin Horn","Blood Vial"],"acts_visited":["Exordium","TheCity","TheCity","TheEnding"],"potions_floor_usage":[2,3,5,7,7,7,7,7,7,10,14,16,18,20,21,21,24,24,24,27,29,33,33,35,35,36,36,38,38,39,39,42,48,48,50,50,50,50,50,54,54,55,55,55,55,55,55,55],"damage_taken":[{"damage":3,"enemies":"Jaw Worm","floor":1,"turns":4},{"damage":0,"enemies":"Cultist","floor":2,"turns":4},{"damage":0,"enemies":"Small Slimes","floor":3,"turns":4},{"damage":5,"enemies":"Gremlin Gang","floor":5,"turns":4},{"damage":15,"enemies":"Lagavulin","floor":7,"turns":9},{"damage":6,"enemies":"Gremlin Nob","floor":10,"turns":3},{"damage":7,"enemies":"Exordium Thugs","floor":13,"turns":3},{"damage":0,"enemies":"Red Slaver","floor":14,"turns":2},{"damage":0,"enemies":"Slime Boss","floor":16,"turns":8},{"damage":0,"enemies":"Spheric Guardian","floor":18,"turns":3},{"damage":15,"enemies":"2 Thieves","floor":20,"turns":4},{"damage":5,"enemies":"Snake Plant","floor":21,"turns":3},{"damage":0,"enemies":"3 Cultists","floor":22,"turns":3},{"damage":0,"enemies":"conspire:Head Lice","floor":24,"turns":4},{"damage":6,"enemies":"Chosen and Byrds","floor":27,"turns":4},{"damage":8,"enemies":"conspire:HollyBat","floor":29,"turns":6},{"damage":0,"enemies":"conspire:SneckoGhost","floor":31,"turns":2},{"damage":2,"enemies":"conspire:MysteriousRune","floor":33,"turns":4},{"damage":10,"enemies":"theFactory:4_Mini-Bots","floor":35,"turns":2},{"damage":0,"enemies":"theFactory:2_Experiment_Personnel","floor":36,"turns":4},{"damage":0,"enemies":"theFactory:Sentry and Guards","floor":38,"turns":5},{"damage":2,"enemies":"theFactory:Sentries_and_Big_Bot","floor":39,"turns":5},{"damage":1,"enemies":"theFactory:SmogElemental","floor":42,"turns":3},{"damage":2,"enemies":"theFactory:Orbs_and_Orb_Walker","floor":46,"turns":4},{"damage":14,"enemies":"theFactory:Personnel_and_Mini-Bots","floor":48,"turns":6},{"damage":0,"enemies":"theFactory:SPIDER","floor":50,"turns":7},{"damage":5,"enemies":"Shield and Spear","floor":54,"turns":6},{"damage":57,"enemies":"The Heart","floor":55,"turns":7}],"seed_played":"8947872883520946831","potions_obtained":[{"floor":2,"key":"FearPotion"},{"floor":14,"key":"potionbrewer:CleansingPotion"},{"floor":16,"key":"potionbrewer:FreezingPotion"},{"floor":19,"key":"Dexterity Potion"},{"floor":22,"key":"Block Potion"},{"floor":29,"key":"potionbrewer:MidasPotion"},{"floor":33,"key":"SteroidPotion"},{"floor":39,"key":"SteroidPotion"},{"floor":46,"key":"FearPotion"}],"is_trial":false,"path_per_floor":["M","M","M","?","M","R","E","R","T","E","$","R","M","M","R","B",null,"M","?","M","M","M","R","E","R","T","M","R","M","?","E","R","B",null,"M","M","?","M","M","R","$","E","T","R","?","M","$","M","R","B",null,"R","$","E","B",null],"character_chosen":"POTIONBREWER","items_purchased":["potionbrewer:PrivateReserves","Calipers","potionbrewer:HazardousMaterials"],"campfire_rested":0,"item_purchase_floors":[11,41,53],"current_hp_per_floor":[72,72,72,72,67,67,52,52,52,46,46,46,39,39,39,39,75,75,75,60,55,55,55,55,55,55,49,49,41,41,41,41,39,75,65,65,70,70,68,68,68,67,67,67,67,65,65,51,51,51,75,75,75,70,15],"gold":98,"neow_bonus":"REMOVE_CARD","is_daily":false,"chose_seed":false,"campfire_upgraded":9,"win_rate":0.0,"timestamp":1609756927,"path_taken":["M","M","M","?","M","R","E","R","T","E","$","R","M","M","R","BOSS","M","?","?","M","?","R","E","R","T","?","R","M","?","E","R","BOSS","M","?","?","?","M","R","$","E","T","R","?","M","$","M","R","BOSS","R","$","E","BOSS"],"items_purchased_type":["Card","Relic","Card"],"build_version":"2020-12-22","purchased_purges":2,"victory":true,"max_hp_per_floor":[75,75,75,75,75,75,75,75,75,75,75,75,75,75,75,75,75,75,75,75,75,75,75,75,75,75,75,75,75,75,75,75,75,75,75,75,75,75,75,75,75,75,75,75,75,75,75,75,75,75,75,75,75,75,75],"card_choices":[{"not_picked":["potionbrewer:OneTwoPunch","potionbrewer:Smokescreen"],"picked":"potionbrewer:FlashPowder","floor":1},{"not_picked":["potionbrewer:CausticBarrier","potionbrewer:OneTwoPunch","potionbrewer:BlindingMist"],"picked":"SKIP","floor":2},{"not_picked":["potionbrewer:OneTwoPunch","potionbrewer:DigDeep"],"picked":"potionbrewer:Biohazard","floor":3},{"not_picked":["potionbrewer:CausticBarrier","potionbrewer:Fuel","potionbrewer:Prototype"],"picked":"potionbrewer:AlchemistForm","floor":5},{"not_picked":["potionbrewer:CausticBarrier","potionbrewer:Brandish","potionbrewer:FortifiedSerum"],"picked":"potionbrewer:Prototype","floor":7},{"not_picked":["potionbrewer:QuickStep","potionbrewer:ChokingPowder"],"picked":"potionbrewer:ChemicalWeapons","floor":10},{"not_picked":["potionbrewer:LabJournal","potionbrewer:Biohazard"],"picked":"potionbrewer:Smokescreen","floor":13},{"not_picked":["potionbrewer:UnstableFormula","potionbrewer:Shovel"],"picked":"potionbrewer:EmptyBottle","floor":14},{"not_picked":["potionbrewer:HazardousWaste","potionbrewer:TwoForOne"],"picked":"potionbrewer:RefinedProcess","floor":16},{"not_picked":["potionbrewer:FlashPowder","potionbrewer:BlindingMist"],"picked":"potionbrewer:ChemicalRage","floor":18},{"not_picked":["potionbrewer:CausticBarrier+1","potionbrewer:Refill","potionbrewer:Contingency"],"picked":"SKIP","floor":20},{"not_picked":["potionbrewer:FortifiedSerum+1","potionbrewer:Biohazard+1","potionbrewer:AnotherRound+1"],"picked":"potionbrewer:Prototype","floor":21},{"not_picked":["potionbrewer:AcidCloud","potionbrewer:Refill"],"picked":"potionbrewer:LeftoverSpecimen+1","floor":22},{"not_picked":["potionbrewer:PortableLab","potionbrewer:OneTwoPunch","potionbrewer:Toxicity"],"picked":"SKIP","floor":24},{"not_picked":["potionbrewer:Smack+1","potionbrewer:RefinedProcess","potionbrewer:ChemicalRage"],"picked":"potionbrewer:Prototype","floor":27},{"not_picked":["potionbrewer:BalancedFormula","potionbrewer:Brandish"],"picked":"potionbrewer:TestFormula","floor":29},{"not_picked":["potionbrewer:ExothermicReaction+1","potionbrewer:UnstableFormula+1","potionbrewer:FlashPowder"],"picked":"potionbrewer:Prototype","floor":31},{"not_picked":["potionbrewer:EquivalentExchange","potionbrewer:Bribery"],"picked":"potionbrewer:BottomlessFlask","floor":33},{"not_picked":["potionbrewer:BlindingSpray+1","potionbrewer:EmptyBottle","potionbrewer:Toxicity+1"],"picked":"potionbrewer:Prototype","floor":35},{"not_picked":["potionbrewer:OneTwoPunch+1","potionbrewer:QuickStep","potionbrewer:CausticBarrier+1"],"picked":"SKIP","floor":36},{"not_picked":["potionbrewer:Contingency+1","potionbrewer:QuickStep+1","potionbrewer:Smokescreen+1","potionbrewer:Prototype"],"picked":"SKIP","floor":38},{"not_picked":["potionbrewer:ChemicalWeapons","potionbrewer:Shovel","potionbrewer:OneTwoPunch+1"],"picked":"potionbrewer:Prototype","floor":39},{"not_picked":["potionbrewer:CausticBarrier+1","potionbrewer:TestSubject"],"picked":"potionbrewer:FlareUp","floor":42},{"not_picked":["potionbrewer:VolatileSolution+1","potionbrewer:TimeBomb","potionbrewer:BottomlessFlask"],"picked":"SKIP","floor":46},{"not_picked":["potionbrewer:BlindingSpray+1","potionbrewer:UnstableFormula","potionbrewer:DigDeep"],"picked":"SKIP","floor":48},{"not_picked":["potionbrewer:BottomlessFlask","potionbrewer:Contingency","potionbrewer:AcidCloud+1","potionbrewer:Prototype"],"picked":"SKIP","floor":54}],"player_experience":57486,"relics_obtained":[{"floor":7,"key":"Pocketwatch"},{"floor":9,"key":"Gambling Chip"},{"floor":10,"key":"conspire:BottledYoYo"},{"floor":24,"key":"Shovel"},{"floor":31,"key":"Oddly Smooth Stone"},{"floor":42,"key":"Mercury Hourglass"},{"floor":49,"key":"conspire:DecoderRing"},{"floor":52,"key":"Gremlin Horn"},{"floor":54,"key":"Blood Vial"}],"event_choices":[{"cards_removed":["potionbrewer:PotionbrewerDefend"],"damage_healed":0,"gold_gain":0,"player_choice":"Card Removal","damage_taken":0,"max_hp_gain":0,"max_hp_loss":0,"event_name":"The Cleric","floor":4,"gold_loss":50},{"damage_healed":0,"gold_gain":0,"player_choice":"Bought 1 Potion","damage_taken":0,"max_hp_gain":0,"max_hp_loss":0,"event_name":"The Woman in Blue","floor":19,"gold_loss":0},{"damage_healed":0,"gold_gain":0,"player_choice":"Gave Potion","damage_taken":0,"relics_obtained":["PreservedInsect"],"max_hp_gain":0,"max_hp_loss":0,"event_name":"WeMeetAgain","floor":30,"gold_loss":0},{"cards_removed":["potionbrewer:Biohazard"],"damage_healed":5,"gold_gain":0,"player_choice":"Offered Common","damage_taken":0,"max_hp_gain":0,"max_hp_loss":0,"event_name":"Bonfire Elementals","floor":37,"gold_loss":0},{"cards_removed":["potionbrewer:Biohazard"],"damage_healed":5,"gold_gain":0,"player_choice":"Offered Special","damage_taken":0,"max_hp_gain":0,"max_hp_loss":0,"event_name":"Bonfire Elementals","floor":37,"gold_loss":0},{"damage_healed":0,"gold_gain":100,"player_choice":"Pray","damage_taken":0,"max_hp_gain":0,"max_hp_loss":0,"event_name":"Golden Shrine","floor":45,"gold_loss":0}],"is_beta":false,"boss_relics":[{"not_picked":["Sozu","Ectoplasm"],"picked":"Cursed Key"},{"not_picked":["Snecko Eye","Philosopher\u0027s Stone"],"picked":"potionbrewer:AlchemistKit"}],"items_purged_floors":[41,47],"is_endless":false,"potions_floor_spawned":[2,14,16,22,29,33,39,46,48,54],"ascension_level":0}}