{"host":"urcd10ipogtopotm","time":1609763619,"event":{"mods":["2.2 Compatiblity","AchievementEnabler","Act Like it!","Bard","BaseMod","Beaked The Cultist","Better Third Choice","Block Reminder","Colored Map","Colored Powertips","Downfall","Hallownest","Hermit","Highlight Path","Infinite Spire","Minty Spire (QoL Compilation)","Permanent Neow","Quick Restart","Random Character Button","Relic Stats","Replay The Spire","Shade Mod","Shop Mod","StSLib","The Blackbeard","The Bug Knight","The Construct","The Cursed","The Disciple","The Forsaken","The Hierophant","The Necromancer","The Runesmith","The Senshi","The Servant 0.9.4"],"gold_per_floor":[99,116,127,41,33,97,97,120,120,108,131,131,159,185,203,307,307,232,259,259,269,269,304,331,352,352,379,100,93,18,18,31,128,128,53,74,84,100,116,116,116,129,289,301,327,235,235,235,253,253,253,282,35,35,35],"floor_reached":56,"playtime":14514,"items_purged":["Writhe","hexamod:Defend","Bite","hexamod:SixthSeal"],"score":1326,"play_id":"5262a1f3-8763-47bd-983f-06ec3398277c","local_time":"20210104073339","is_ascension_mode":false,"campfire_choices":[{"data":"hexamod:Float","floor":1.0,"key":"SMITH"},{"data":"hexamod:RecurringNightmare","floor":12.0,"key":"SMITH"},{"floor":18.0,"key":"RECALL"},{"data":"hexamod:EmpoweringStance","floor":30.0,"key":"SMITH"},{"data":"hexamod:Hexaguard","floor":35.0,"key":"SMITH"},{"data":"hexamod:ParanormalForm","floor":40.0,"key":"SMITH"},{"data":"ReplayTheSpireMod:Brewmster","floor":47,"key":"SMITH"},{"data":"Ghostly Armor","floor":54,"key":"SMITH"}],"circlet_count":0,"master_deck":["hexamod:Defend+1","hexamod:Defend+1","hexamod:Defend+1","hexamod:Sear","hexamod:Float+1","hexamod:ParanormalForm+1","hexamod:GhostLash","hexamod:Haunt","hexamod:Hexaguard+1","Ghostly Armor+1","hexamod:RecurringNightmare+1","hexamod:SpectersWail","hexamod:EmpoweringStance+1","hexamod:InspiringFlames","hexamod:WildfireWeapon+1","Bite+1","Bite+1","Bite","Bite+1","hexamod:FastForward","hexamod:FastForward+1","hexamod:FastForward+1","hexamod:FastForward+1","hexamod:TimeWarp+1","Pot Of Greed+1","Pot Of Greed+1","Pot Of Greed+1","ReplayTheSpireMod:Brewmster+1"],"relics":["hexamod:SpiritBrand","Replay:Accelerometer","Replay:Ringing Soul","MealTicket","ReplayTheSpireMod:CursedCoin","Strawberry","hexamod:IceCube","downfall:HeartBlessingGreen","Smiling Mask","ReplayTheSpireMod:Ring of Addiction","SacredBark","Toy Ornithopter","Membership Card","War Paint","downfall:HeartBlessingRed","Mirror","Cursed Key","downfall:HeartBlessingBlue","hexamod:TheBrokenSeal","Bronze Scales","Grinning Jar","theForsaken:HumbleEgg","Shuriken","Replay:Bottled Eggs","Guide Book"],"acts_visited":["Exordium","TheCity","TheBeyond","TheEnding"],"potions_floor_usage":[43,45,49,50,52,55,55,55,55,55,55,55,55,55,55,55],"damage_taken":[{"damage":0.0,"enemies":"Cultist","floor":2.0,"turns":4.0},{"damage":0.0,"enemies":"2 Louse","floor":3.0,"turns":3.0},{"damage":0.0,"enemies":"downfall:FleeingMerchant","floor":4.0,"turns":4.0},{"damage":36.0,"enemies":"Lagavulin Event","floor":6.0,"turns":6.0},{"damage":6.0,"enemies":"Jaw Worm","floor":8.0,"turns":4.0},{"damage":2.0,"enemies":"downfall:FleeingMerchant","floor":10.0,"turns":4.0},{"damage":5.0,"enemies":"2 Fungi Beasts","floor":11.0,"turns":5.0},{"damage":32.0,"enemies":"Lagavulin","floor":13.0,"turns":7.0},{"damage":2.0,"enemies":"Blue Slaver","floor":14.0,"turns":5.0},{"damage":0.0,"enemies":"Gremlin Gang","floor":15.0,"turns":3.0},{"damage":21.0,"enemies":"downfall:Ironclad","floor":16.0,"turns":9.0},{"damage":4.0,"enemies":"Shell Parasite","floor":19.0,"turns":6.0},{"damage":11.0,"enemies":"Snecko","floor":21.0,"turns":5.0},{"damage":66.0,"enemies":"Gremlin Leader","floor":23.0,"turns":8.0},{"damage":12.0,"enemies":"Centurion and Healer","floor":25.0,"turns":7.0},{"damage":13.0,"enemies":"Shelled Parasite and Fungi","floor":27.0,"turns":6.0},{"damage":0.0,"enemies":"downfall:FleeingMerchant","floor":28.0,"turns":4.0},{"damage":8.0,"enemies":"downfall:FleeingMerchant","floor":29.0,"turns":4.0},{"damage":3.0,"enemies":"Snecko","floor":32.0,"turns":5.0},{"damage":28.0,"enemies":"downfall:Watcher","floor":33.0,"turns":10.0},{"damage":14.0,"enemies":"3 Shapes","floor":36.0,"turns":7.0},{"damage":0.0,"enemies":"Orb Walker","floor":37.0,"turns":4.0},{"damage":15.0,"enemies":"Spire Growth","floor":38.0,"turns":5.0},{"damage":0.0,"enemies":"Transient","floor":39.0,"turns":5.0},{"damage":15,"enemies":"Writhing Mass","floor":42,"turns":4},{"damage":6,"enemies":"downfall:FleeingMerchant","floor":43,"turns":4},{"damage":0,"enemies":"Maw","floor":44,"turns":5},{"damage":0,"enemies":"R_Hoarder","floor":45,"turns":6},{"damage":0,"enemies":"Jaw Worm Horde","floor":49,"turns":4},{"damage":33,"enemies":"downfall:Silent","floor":50,"turns":7},{"damage":33,"enemies":"downfall:CharBossMerchant","floor":52,"turns":7},{"damage":4,"enemies":"downfall:NeowBoss","floor":55,"turns":14}],"seed_played":"666720627154301453","potions_obtained":[{"floor":6.0,"key":"Toxic Potion"},{"floor":8.0,"key":"DuplicationPotion"},{"floor":11.0,"key":"Strength Potion"},{"floor":13.0,"key":"SteroidPotion"},{"floor":14.0,"key":"Fire Potion"},{"floor":15.0,"key":"Toxic Potion"},{"floor":16.0,"key":"BlessingOfTheForge"},{"floor":16.0,"key":"PowerPotion"},{"floor":19.0,"key":"Elixir"},{"floor":21.0,"key":"FairyPotion"},{"floor":38.0,"key":"BlessingOfTheForge"},{"floor":44,"key":"champ:CounterPotion"},{"floor":45,"key":"SpeedPotion"},{"floor":49,"key":"champ:CounterPotion"}],"is_trial":false,"path_per_floor":["R","M","M","$","?","?","T","M","?","$","M","R","E","M","M","B",null,"R","M","?","M","?","E","T","M","?","M","$","$","R","T","M","B",null,"R","M","M","M","M","R","T","M","$","M","E","$","R","?","M","B",null,"E","$","R","B",null],"character_chosen":"THE_SPIRIT","items_purchased":["hexamod:Haunt","hexamod:FourthSeal","ReplayTheSpireMod:CursedCoin","Membership Card","War Paint","Bronze Scales","Grinning Jar","ReplayTheSpireMod:Brewmster","Replay:Bottled Eggs","Guide Book"],"campfire_rested":0,"item_purchase_floors":[4,10,10,28,28,43,43,46,53,53],"current_hp_per_floor":[70,70,70,70,70,34,34,35,26,49,54,54,39,47,54,36,95,95,95,95,94,71,28,28,32,32,38,74,77,75,75,75,59,76,86,97,97,85,100,98,98,88,102,104,104,107,107,107,105,86,105,81,96,96,105],"gold":35,"neow_bonus":"THREE_RARE_CARDS","is_daily":false,"chose_seed":false,"campfire_upgraded":7,"win_rate":0.0,"timestamp":1609763619,"path_taken":["R","M","M","$","?","?","T","M","?","$","M","R","E","?","M","BOSS","R","M","?","M","?","E","T","M","?","M","?","$","R","?","M","BOSS","R","M","?","M","?","R","T","?","?","M","E","$","R","?","M","BOSS","E","$","R","BOSS"],"items_purchased_type":["Card","Card","Relic","Relic","Relic","Relic","Relic","Card","Relic","Relic"],"build_version":"2020-12-22","purchased_purges":4,"victory":true,"max_hp_per_floor":[70,70,70,70,70,70,70,70,73,76,79,79,89,92,92,95,95,95,95,95,98,71,74,74,74,74,74,77,77,75,75,75,76,76,86,97,97,100,100,98,98,101,104,104,104,107,107,107,105,105,105,105,105,105,105],"relic_stats":{"counters":[32,181],"Shuriken":[8],"Bronze Scales":[76],"MealTicket":61,"War Paint":["hexamod:Defend","hexamod:Defend"],"Smiling Mask":38,"Cursed Key":0,"obtain_stats":[{"Replay:Accelerometer":6,"SacredBark":26,"downfall:HeartBlessingGreen":18,"Smiling Mask":23,"Cursed Key":34,"Replay:Ringing Soul":7,"theForsaken:HumbleEgg":45,"downfall:HeartBlessingBlue":35,"Strawberry":13,"MealTicket":9,"Replay:Bottled Eggs":53,"hexamod:SpiritBrand":0,"downfall:HeartBlessingRed":30,"ReplayTheSpireMod:CursedCoin":10,"ReplayTheSpireMod:Ring of Addiction":26,"Guide Book":53,"hexamod:TheBrokenSeal":36,"War Paint":28,"Shuriken":52,"Bronze Scales":43,"Membership Card":28,"Grinning Jar":43,"Mirror":31,"hexamod:IceCube":17,"Toy Ornithopter":26},{"Replay:Accelerometer":3,"SacredBark":15,"downfall:HeartBlessingGreen":11,"Smiling Mask":14,"Cursed Key":20,"Replay:Ringing Soul":4,"theForsaken:HumbleEgg":28,"downfall:HeartBlessingBlue":20,"Strawberry":8,"MealTicket":5,"Replay:Bottled Eggs":31,"hexamod:SpiritBrand":0,"downfall:HeartBlessingRed":18,"ReplayTheSpireMod:CursedCoin":6,"ReplayTheSpireMod:Ring of Addiction":15,"Guide Book":31,"hexamod:TheBrokenSeal":21,"War Paint":17,"Shuriken":31,"Bronze Scales":26,"Membership Card":17,"Grinning Jar":26,"Mirror":18,"hexamod:IceCube":11,"Toy Ornithopter":15},{"Replay:Accelerometer":11,"SacredBark":80,"downfall:HeartBlessingGreen":54,"Smiling Mask":73,"Cursed Key":109,"Replay:Ringing Soul":17,"theForsaken:HumbleEgg":149,"downfall:HeartBlessingBlue":109,"Strawberry":37,"MealTicket":21,"Replay:Bottled Eggs":167,"hexamod:SpiritBrand":0,"downfall:HeartBlessingRed":94,"ReplayTheSpireMod:CursedCoin":25,"ReplayTheSpireMod:Ring of Addiction":80,"Guide Book":167,"hexamod:TheBrokenSeal":115,"War Paint":90,"Shuriken":167,"Bronze Scales":138,"Membership Card":90,"Grinning Jar":138,"Mirror":94,"hexamod:IceCube":54,"Toy Ornithopter":80}],"Toy Ornithopter":19},"card_choices":[{"not_picked":["hexamod:TimeOfNeed","hexamod:CrushingStance"],"picked":"hexamod:ParanormalForm","floor":0.0},{"not_picked":["hexamod:FastForward","hexamod:GhostLash"],"picked":"hexamod:FirstSeal","floor":2.0},{"not_picked":["hexamod:RadiantFlame","hexamod:RainOfEmbers","hexamod:HauntingEcho"],"picked":"SKIP","floor":3.0},{"not_picked":["hexamod:RainOfEmbers","hexamod:GhostOfSpireFuture"],"picked":"hexamod:GhostLash","floor":4.0},{"not_picked":["hexamod:NightmareStrike","hexamod:DynamicBlow"],"picked":"hexamod:Hexaguard","floor":6.0},{"not_picked":["hexamod:GhostflameBarrier","hexamod:ShieldOfDarkness","hexamod:RainOfEmbers"],"picked":"SKIP","floor":8.0},{"not_picked":["hexamod:NightmareStrike","hexamod:RadiantFlame"],"picked":"hexamod:RecurringNightmare","floor":10.0},{"not_picked":["hexamod:Hexaguard","hexamod:GhostLash"],"picked":"hexamod:SpectersWail","floor":11.0},{"not_picked":["hexamod:Firestarter","hexamod:PhantomCloak"],"picked":"hexamod:EmpoweringStance","floor":13.0},{"not_picked":["hexamod:DynamicBlow","hexamod:NightmareStrike"],"picked":"hexamod:InspiringFlames","floor":14.0},{"not_picked":["hexamod:Incineration","hexamod:GhostShield","hexamod:Firestarter"],"picked":"SKIP","floor":15.0},{"not_picked":["hexamod:SearingWound","hexamod:EmpoweringStance"],"picked":"hexamod:WildfireWeapon","floor":16.0},{"not_picked":["hexamod:RainOfEmbers","hexamod:NightmareGuise","hexamod:ShieldOfDarkness"],"picked":"SKIP","floor":19.0},{"not_picked":["hexamod:NightmareStrike","hexamod:ShieldOfDarkness"],"picked":"hexamod:ThirdSeal","floor":21.0},{"not_picked":["hexamod:SoulSteal+1","hexamod:Hexaguard"],"picked":"hexamod:FastForward","floor":23.0},{"not_picked":["hexamod:SpectersWail","hexamod:RetreatToShadows"],"picked":"hexamod:FastForward+1","floor":23.0},{"not_picked":["hexamod:StepThrough","hexamod:InspiringFlames","hexamod:ThermalTransfer+1"],"picked":"SKIP","floor":25.0},{"not_picked":["hexamod:TimeWarp","hexamod:SpectersWail","hexamod:HauntingEcho"],"picked":"SKIP","floor":25.0},{"not_picked":["hexamod:ExtraCrispy","hexamod:GhostShield","hexamod:Firestarter"],"picked":"SKIP","floor":27.0},{"not_picked":["hexamod:UnleashSpirits","hexamod:InspiringFlames","hexamod:HauntingEcho"],"picked":"SKIP","floor":27.0},{"not_picked":["hexamod:BacktrackSmack+1","hexamod:RainOfEmbers"],"picked":"hexamod:SixthSeal","floor":28.0},{"not_picked":["hexamod:SpectersWail","hexamod:Hexaguard+1","hexamod:SwordOfDarkness"],"picked":"SKIP","floor":28.0},{"not_picked":["hexamod:HeatCrush","hexamod:GhostOfSpireFuture","hexamod:Haunt+1"],"picked":"SKIP","floor":29.0},{"not_picked":["hexamod:FourthSeal","hexamod:NightmareGuise","hexamod:GhostOfSpirePast"],"picked":"SKIP","floor":29.0},{"not_picked":["hexamod:GhostLash","hexamod:SpectersWail","hexamod:Hexaguard"],"picked":"SKIP","floor":32.0},{"not_picked":["hexamod:ParanormalForm","hexamod:SearingWound"],"picked":"hexamod:FifthSeal","floor":33.0},{"not_picked":["hexamod:Firestarter","hexamod:EmpoweredFlame"],"picked":"hexamod:FastForward","floor":36.0},{"not_picked":["hexamod:SpectersWail+1","hexamod:NightmareStrike+1","hexamod:SwordOfDarkness"],"picked":"SKIP","floor":36.0},{"not_picked":["hexamod:AdvancingGuard+1","hexamod:Hexaguard","hexamod:NightmareGuise+1"],"picked":"SKIP","floor":37.0},{"not_picked":["hexamod:GhostShield+1","hexamod:FourthSeal"],"picked":"hexamod:FastForward","floor":38.0},{"not_picked":["hexamod:HauntingEcho","hexamod:SwordOfDarkness+1","hexamod:NightmareGuise+1"],"picked":"SKIP","floor":39.0},{"not_picked":["hexamod:SwordOfDarkness","hexamod:NightmareGuise"],"picked":"hexamod:SixthSeal","floor":42},{"not_picked":["hexamod:ExtraCrispy","hexamod:Firestarter+1"],"picked":"hexamod:TimeWarp","floor":43},{"not_picked":["hexamod:SpectersWail","hexamod:NightmareStrike+1","hexamod:AdvancingGuard"],"picked":"SKIP","floor":44},{"not_picked":["hexamod:SixthSeal","hexamod:HeatMetal","hexamod:NightmareStrike+1"],"picked":"SKIP","floor":45},{"not_picked":["hexamod:SecondSeal","hexamod:PhantomCloak","hexamod:NightmareGuise+1"],"picked":"SKIP","floor":49},{"not_picked":["hexamod:StepThrough+1","hexamod:SpectersWail+1","hexamod:ThirdSeal"],"picked":"SKIP","floor":52}],"player_experience":91850,"relics_obtained":[{"floor":7.0,"key":"Replay:Ringing Soul"},{"floor":13.0,"key":"Strawberry"},{"floor":23.0,"key":"Smiling Mask"},{"floor":26.0,"key":"ReplayTheSpireMod:Ring of Addiction"},{"floor":26.0,"key":"SacredBark"},{"floor":26.0,"key":"Toy Ornithopter"},{"floor":31.0,"key":"Mirror"},{"floor":45,"key":"theForsaken:HumbleEgg"},{"floor":52,"key":"Shuriken"}],"event_choices":[{"cards_removed":["Clumsy"],"damage_healed":0.0,"max_hp_gain":0.0,"max_hp_loss":0.0,"gold_gain":0.0,"event_name":"betterThird:BetterWriting","player_choice":"Elegance","floor":20.0,"gold_loss":0.0,"damage_taken":0.0},{"damage_healed":0.0,"max_hp_gain":0.0,"max_hp_loss":30.0,"gold_gain":0.0,"event_name":"Vampires","player_choice":"Became a vampire","floor":22.0,"gold_loss":0.0,"damage_taken":0.0,"cards_obtained":["Bite","Bite","Bite","Bite","Bite"]}],"is_beta":false,"boss_relics":[{"not_picked":["theForsaken:PaleLantern","Tiny House"],"picked":"hexamod:IceCube"},{"not_picked":["Ring of Chaos","infinitespire:Cupcake"],"picked":"Cursed Key"}],"items_purged_floors":[10,28,43,53],"is_endless":false,"potions_floor_spawned":[6,8,11,14,16,21,23,27,38,44,45,49,52],"ascension_level":0}}