{"host":"b4asi0laiv85suj9","time":1609763698,"event":{"mods":["ATMod(阿瑾Mod)","BaseMod","Minty Spire (QoL Compilation)","MostiFishMod","Relic Stats","StSLib","TestMod","noobMod"],"gold_per_floor":[110,110,110,110,121,156,156,167,237,264,264,264,279,279,279,357,357,369,381,381,381,381,1012,1023,1035,1035,1064,1064,1064,1064,1095,1095,1167,1167,1179,1198,1198,1223,1236,1265,1265,1265,1265,1295,1295,1295,1295,1311,1311,1311,1311,1311,1311,1311,1343,1343],"floor_reached":57,"playtime":2851,"items_purged":["Normality","Decay","Regret","Defend_G","Strike_G","Strike_G","Strike_G","Defend_G","Defend_G"],"score":3323,"play_id":"dd419936-5e43-4ed2-a31b-143286b74550","local_time":"20210104203458","is_ascension_mode":true,"campfire_choices":[{"data":"AT_ArcaneSupremacy","floor":7,"key":"SMITH"},{"data":"AT_ArcaneSupremacy","floor":15,"key":"SMITH"},{"data":"AT_FamilyPortrait","floor":30,"key":"SMITH"},{"data":"Expertise","floor":32,"key":"SMITH"},{"floor":41,"key":"RECALL"},{"data":"Prepared","floor":46,"key":"SMITH"},{"data":"Accuracy","floor":49,"key":"SMITH"},{"data":"Calculated Gamble","floor":53,"key":"SMITH"}],"circlet_count":0,"master_deck":["AscendersBane","Strike_G","Strike_G","Defend_G","Defend_G","Survivor","Neutralize","Injury","AT_ArcaneSupremacy+1","AT_TinkerSharpsword","Blade Dance","Reflex","AT_WindFlip","Venomology","Accuracy+1","MostiFishMod:Wind","Acrobatics","MostiFishMod:OneDayCity","Crippling Poison","Cloak And Dagger","Burst","Escape Plan","Prepared+1","Footwork+1","Terror","AT_FamilyPortrait+1","Noxious Fumes+1","Adrenaline","Expertise+1","testmod-TaurusBlackCat+1","Backflip","AT_KneejerkReflex+1","MostiFishMod:Neurotoxin+1","AT_FocusSwordFire+1","Backflip+1","Barricade+1","Reflex","Accuracy+1","Calculated Gamble+1","Discovery","AT_KingSlayer+1","AT_EssenceShift+1","Apotheosis+1","Dark Embrace+1","AT_ShadowStep"],"relics":["testmod-TestBox","DaveBox","ice","AT_ATBox","testmod-CardMagician","testmod-Laevatain","DiscerningMonocle","SynthV:TestCard","DollysMirror","AT_ChloranthyRing","testmod-HeartOfDaVinci","Akabeko","testmod-Hope","White Beast Statue","Paper Crane","Art of War","HandDrill","Letter Opener","Sundial","Dodecahedron","testmod-BatchProcessingSystem","Nilry\u0027s Codex","Frozen Egg 2","AT_SeraphEmbrace","TwistedFunnel","Matryoshka","PreservedInsect","ArrowTower","Juzu Bracelet","Toy Ornithopter","testmod-IntensifyImprint","OrangePellets","Vajra","ChiXiaoBlade","Magic Flower","The Specimen","testmod-EqualTreatment","Bronze Scales","Pen Nib","AT_ForceNature","Molten Egg 2","Darkstone Periapt","testmod-Justice","testmod-HeartOfStrike","BrkXgEgg","BirthdayGift-Icosahedron","Lantern","Burning Blood","Blue Candle"],"acts_visited":["Exordium","TheCity","TheBeyond","TheEnding"],"potions_floor_usage":[3,6,8,10,13,24,31,31,35,35,36,40,44,56,56],"damage_taken":[{"damage":16,"enemies":"Jaw Worm","floor":1,"turns":6},{"damage":2,"enemies":"Small Slimes","floor":5,"turns":2},{"damage":5,"enemies":"3 Sentries","floor":6,"turns":4},{"damage":0,"enemies":"2 Louse","floor":8,"turns":2},{"damage":0,"enemies":"Lagavulin","floor":10,"turns":4},{"damage":0,"enemies":"Red Slaver","floor":13,"turns":2},{"damage":6,"enemies":"Slime Boss","floor":16,"turns":7},{"damage":0,"enemies":"3 Byrds","floor":18,"turns":3},{"damage":0,"enemies":"2 Thieves","floor":19,"turns":2},{"damage":0,"enemies":"Slavers","floor":23,"turns":1},{"damage":0,"enemies":"3 Cultists","floor":24,"turns":3},{"damage":0,"enemies":"Snake Plant","floor":25,"turns":1},{"damage":5,"enemies":"Book of Stabbing","floor":27,"turns":3},{"damage":0,"enemies":"Slavers","floor":31,"turns":1},{"damage":0,"enemies":"Automaton","floor":33,"turns":1},{"damage":0,"enemies":"3 Shapes","floor":35,"turns":2},{"damage":0,"enemies":"3 Darklings","floor":36,"turns":1},{"damage":0,"enemies":"Mind Bloom Boss Battle","floor":38,"turns":3},{"damage":0,"enemies":"Sphere and 2 Shapes","floor":39,"turns":1},{"damage":0,"enemies":"Reptomancer","floor":40,"turns":1},{"damage":0,"enemies":"Nemesis","floor":44,"turns":1},{"damage":0,"enemies":"Transient","floor":48,"turns":3},{"damage":6,"enemies":"Time Eater","floor":50,"turns":2},{"damage":45,"enemies":"Donu and Deca","floor":51,"turns":3},{"damage":0,"enemies":"Shield and Spear","floor":55,"turns":1},{"damage":21,"enemies":"The Heart","floor":56,"turns":3}],"seed_played":"7121057269413726384","potions_obtained":[{"floor":1,"key":"testmod-TimePotion"},{"floor":6,"key":"Fruit Juice"},{"floor":10,"key":"SkillPotion"},{"floor":13,"key":"FearPotion"},{"floor":16,"key":"LiquidMemories"},{"floor":24,"key":"GhostInAJar"},{"floor":31,"key":"SkillPotion"},{"floor":44,"key":"LiquidMemories"}],"is_trial":false,"path_per_floor":["M","?","$","?","M","E","R","M","T","E","$","?","M","$","R","B",null,"M","M","?","?","$","E","M","M","T","E","$","?","R","E","R","B",null,"M","M","?","?","M","E","R","$","T","E","$","R","$","M","R","B","B",null,"R","$","E","B",null],"character_chosen":"THE_SILENT","items_purchased":["DollysMirror","AT_ChloranthyRing","testmod-HeartOfDaVinci","testmod-SpacePotion","Block Potion","BlessingOfTheForge","Paper Crane","Art of War","HandDrill","Accuracy","MostiFishMod:Wind","Acrobatics","LiquidBronze","Block Potion","MostiFishMod:OneDayCity","Sundial","Dodecahedron","ColorlessPotion","Cloak And Dagger","Frozen Egg 2","AT_ArchangelStaff","TwistedFunnel","Footwork+1","Terror","AT_FamilyPortrait","Toy Ornithopter","testmod-IntensifyImprint","OrangePellets","testmod-TaurusBlackCat+1","testmod-EqualTreatment","Bronze Scales","Calculated Gamble","Discovery","DistilledChaos","Darkstone Periapt","AT_KingSlayer+1","AT_EssenceShift+1","PowerPotion","testmod-Justice","testmod-HeartOfStrike","BrkXgEgg","Apotheosis+1","BirthdayGift-Icosahedron","Lantern","Burning Blood"],"campfire_rested":0,"item_purchase_floors":[3,3,3,3,3,3,11,11,11,11,11,11,11,11,11,14,14,14,14,22,22,22,22,22,22,28,28,28,28,42,42,42,42,42,45,45,45,45,47,47,47,47,54,54,54],"current_hp_per_floor":[43,43,43,8,6,1,1,6,6,71,71,71,71,71,71,66,71,71,71,50,50,50,50,50,50,50,45,45,45,45,55,55,55,84,94,94,94,94,94,100,100,100,100,100,100,100,100,100,100,94,49,93,93,93,104,110],"gold":1343,"neow_bonus":"BOSS_RELIC","is_daily":false,"chose_seed":false,"campfire_upgraded":7,"win_rate":0.0,"timestamp":1609763698,"path_taken":["M","?","$","?","M","E","R","M","T","E","$","?","M","?","R","BOSS","M","M","?","?","$","E","M","?","T","E","$","?","R","E","R","BOSS","M","M","?","?","M","E","R","?","T","E","$","R","$","M","R","BOSS","BOSS","R","$","E","BOSS"],"items_purchased_type":["Relic","Relic","Relic","Potion","Potion","Potion","Relic","Relic","Relic","Card","Card","Card","Potion","Potion","Card","Relic","Relic","Potion","Card","Relic","Relic","Relic","Card","Card","Card","Relic","Relic","Relic","Card","Relic","Relic","Card","Card","Potion","Relic","Card","Card","Potion","Relic","Relic","Relic","Card","Relic","Relic","Relic"],"build_version":"2020-12-22","purchased_purges":9,"victory":true,"max_hp_per_floor":[66,66,66,66,66,66,66,71,71,71,71,71,72,72,72,73,73,85,87,87,87,87,87,89,89,89,94,94,94,94,94,94,94,94,94,94,94,98,100,100,100,100,100,100,100,100,100,102,102,103,107,107,107,107,107,163],"relic_stats":{"Darkstone Periapt":0,"counters":[26,63],"Blue Candle":[1],"Magic Flower":[15],"PreservedInsect":273,"Pen Nib":[4],"Juzu Bracelet":0,"Letter Opener":[632],"Burning Blood":18,"OrangePellets":[6],"Sundial":[16],"Bronze Scales":[15],"Art of War":[4],"HandDrill":[12],"obtain_stats":[{"TwistedFunnel":22,"testmod-HeartOfStrike":47,"AT_ATBox":0,"Nilry\u0027s Codex":20,"testmod-BatchProcessingSystem":17,"Vajra":31,"ice":0,"BirthdayGift-Icosahedron":54,"AT_ArchangelStaff":22,"testmod-Laevatain":0,"DollysMirror":3,"Sundial":14,"HandDrill":11,"testmod-IntensifyImprint":28,"testmod-TestBox":0,"Dodecahedron":14,"Blue Candle":55,"Pen Nib":43,"Letter Opener":12,"Paper Crane":11,"Akabeko":4,"OrangePellets":28,"Bronze Scales":42,"ChiXiaoBlade":34,"Molten Egg 2":44,"ArrowTower":26,"testmod-HeartOfDaVinci":3,"AT_SeraphEmbrace":44,"Darkstone Periapt":45,"Lantern":54,"DaveBox":0,"DiscerningMonocle":0,"Magic Flower":38,"testmod-EqualTreatment":42,"Juzu Bracelet":27,"Burning Blood":54,"Matryoshka":23,"Ring of the Snake":0,"AT_ChloranthyRing":3,"AT_ForceNature":43,"The Specimen":40,"testmod-CardMagician":0,"PreservedInsect":26,"BrkXgEgg":47,"Frozen Egg 2":22,"testmod-Justice":47,"White Beast Statue":10,"SynthV:TestCard":1,"testmod-Hope":6,"Art of War":11,"Toy Ornithopter":28},{"TwistedFunnel":9,"testmod-HeartOfStrike":21,"AT_ATBox":0,"Nilry\u0027s Codex":9,"testmod-BatchProcessingSystem":7,"Vajra":14,"ice":0,"BirthdayGift-Icosahedron":24,"AT_ArchangelStaff":9,"testmod-Laevatain":0,"DollysMirror":1,"Sundial":6,"HandDrill":5,"testmod-IntensifyImprint":13,"testmod-TestBox":0,"Dodecahedron":6,"Blue Candle":25,"Pen Nib":20,"Letter Opener":5,"Paper Crane":5,"Akabeko":1,"OrangePellets":13,"Bronze Scales":20,"ChiXiaoBlade":15,"Molten Egg 2":21,"ArrowTower":12,"testmod-HeartOfDaVinci":1,"AT_SeraphEmbrace":21,"Darkstone Periapt":21,"Lantern":24,"DaveBox":0,"DiscerningMonocle":0,"Magic Flower":18,"testmod-EqualTreatment":20,"Juzu Bracelet":13,"Burning Blood":24,"Matryoshka":10,"Ring of the Snake":0,"AT_ChloranthyRing":1,"AT_ForceNature":20,"The Specimen":20,"testmod-CardMagician":0,"PreservedInsect":12,"BrkXgEgg":21,"Frozen Egg 2":9,"testmod-Justice":21,"White Beast Statue":5,"SynthV:TestCard":1,"testmod-Hope":3,"Art of War":5,"Toy Ornithopter":13},{"TwistedFunnel":32,"testmod-HeartOfStrike":51,"AT_ATBox":0,"Nilry\u0027s Codex":32,"testmod-BatchProcessingSystem":27,"Vajra":41,"ice":0,"BirthdayGift-Icosahedron":59,"AT_ArchangelStaff":32,"testmod-Laevatain":0,"DollysMirror":6,"Sundial":20,"HandDrill":18,"testmod-IntensifyImprint":40,"testmod-TestBox":0,"Dodecahedron":20,"Blue Candle":60,"Pen Nib":50,"Letter Opener":18,"Paper Crane":18,"Akabeko":6,"OrangePellets":40,"Bronze Scales":50,"ChiXiaoBlade":42,"Molten Egg 2":51,"ArrowTower":37,"testmod-HeartOfDaVinci":6,"AT_SeraphEmbrace":51,"Darkstone Periapt":51,"Lantern":59,"DaveBox":0,"DiscerningMonocle":0,"Magic Flower":48,"testmod-EqualTreatment":50,"Juzu Bracelet":40,"Burning Blood":59,"Matryoshka":33,"Ring of the Snake":0,"AT_ChloranthyRing":6,"AT_ForceNature":50,"The Specimen":50,"testmod-CardMagician":0,"PreservedInsect":37,"BrkXgEgg":51,"Frozen Egg 2":32,"testmod-Justice":51,"White Beast Statue":18,"SynthV:TestCard":6,"testmod-Hope":12,"Art of War":18,"Toy Ornithopter":40}],"Toy Ornithopter":42},"card_choices":[{"not_picked":["PiercingWail","Slice"],"picked":"AT_TinkerSharpsword","floor":1},{"not_picked":["Poisoned Stab","Deflect","Quick Slash","Flying Knee"],"picked":"Blade Dance","floor":5},{"not_picked":["Deflect","Underhanded Strike","AT_WindFlip","Cloak And Dagger"],"picked":"Reflex","floor":6},{"not_picked":["Dodge and Roll","Blade Dance","MostiFishMod:FrostNova","PiercingWail"],"picked":"AT_WindFlip","floor":8},{"not_picked":["Noxious Fumes","AT_Desolate","AT_WindRun","MostiFishMod:InvigoratingSolution"],"picked":"Venomology","floor":10},{"not_picked":["Sucker Punch","Bane","Riddle With Holes","Outmaneuver"],"picked":"Crippling Poison","floor":13},{"not_picked":["Tools of the Trade","Storm of Steel","MostiFishMod:Wind","Unload"],"picked":"Burst","floor":16},{"not_picked":["Outmaneuver+1","Riddle With Holes","Flying Knee+1","PiercingWail"],"picked":"Escape Plan","floor":18},{"not_picked":["AT_TinkerSharpsword+1","MostiFishMod:InvigoratingSolution","Deflect","Cloak And Dagger+1"],"picked":"Prepared","floor":19},{"not_picked":["Dodge and Roll","Dagger Throw","PiercingWail","All Out Attack"],"picked":"Noxious Fumes+1","floor":23},{"not_picked":["Blade Dance","Prepared","Escape Plan+1","AT_TwilightShroud"],"picked":"Adrenaline","floor":24},{"not_picked":["Finisher+1","Distraction","Outmaneuver+1","AT_WindFlip","Acrobatics"],"picked":"SKIP","floor":25},{"not_picked":["MostiFishMod:InvigoratingSolution","Dodge and Roll","Blade Dance","Corpse Explosion"],"picked":"Expertise","floor":27},{"not_picked":["Noxious Fumes+1","Unload","Reflex+1","Backflip"],"picked":"AT_KneejerkReflex+1","floor":31},{"not_picked":["MostiFishMod:HiddenBlade","Malaise","AT_EssenceShift+1","Adrenaline"],"picked":"MostiFishMod:Neurotoxin+1","floor":33},{"not_picked":["Deadly Poison","Flying Knee","Blade Dance","Deflect"],"picked":"AT_FocusSwordFire+1","floor":35},{"not_picked":["AT_TinkerSharpsword","Bane","Prepared","Concentrate"],"picked":"Backflip+1","floor":36},{"not_picked":["Cloak And Dagger+1","Quick Slash","Predator","AT_ArcaneSupremacy+1"],"picked":"Reflex","floor":39},{"not_picked":["MostiFishMod:PerfectParry","AT_TinkerSharpsword","Dagger Throw","Acrobatics"],"picked":"Accuracy+1","floor":40},{"not_picked":["Infinite Blades+1","All Out Attack+1","Poisoned Stab+1","Expertise","Slice+1"],"picked":"SKIP","floor":44},{"not_picked":["Deflect","Slice+1","Bullet Time+1","MostiFishMod:PerfectParry","Dagger Spray+1"],"picked":"SKIP","floor":48},{"not_picked":["MostiFishMod:ThornCasing+1","MostiFishMod:PerfectParry","Deadly Poison","PiercingWail"],"picked":"AT_ShadowStep","floor":55}],"player_experience":277868,"relics_obtained":[{"floor":1,"key":"SynthV:TestCard"},{"floor":6,"key":"testmod-Hope"},{"floor":10,"key":"White Beast Statue"},{"floor":20,"key":"Nilry\u0027s Codex"},{"floor":23,"key":"Matryoshka"},{"floor":26,"key":"PreservedInsect"},{"floor":26,"key":"ArrowTower"},{"floor":27,"key":"Juzu Bracelet"},{"floor":31,"key":"Vajra"},{"floor":38,"key":"Magic Flower"},{"floor":40,"key":"The Specimen"},{"floor":43,"key":"Pen Nib"},{"floor":43,"key":"AT_ForceNature"},{"floor":44,"key":"Molten Egg 2"},{"floor":55,"key":"Blue Candle"}],"event_choices":[{"damage_healed":0,"gold_gain":0,"player_choice":"Ignored","damage_taken":0,"max_hp_gain":0,"max_hp_loss":0,"event_name":"给自己的盒子","floor":2,"gold_loss":0},{"damage_healed":0,"gold_gain":0,"player_choice":"Success","damage_taken":35,"relics_obtained":["Akabeko"],"max_hp_gain":0,"max_hp_loss":0,"event_name":"Scrap Ooze","floor":4,"gold_loss":0},{"damage_healed":0,"gold_gain":0,"player_choice":"Box","damage_taken":0,"relics_obtained":["Letter Opener"],"max_hp_gain":0,"max_hp_loss":0,"event_name":"Big Fish","floor":12,"gold_loss":0,"cards_obtained":["Regret"]},{"damage_healed":0,"gold_gain":0,"player_choice":"Obtained Book","damage_taken":21,"max_hp_gain":0,"max_hp_loss":0,"event_name":"Cursed Tome","floor":20,"gold_loss":0},{"cards_removed":["AT_ArcaneSupremacy"],"damage_healed":0,"gold_gain":0,"player_choice":"Purged","damage_taken":0,"max_hp_gain":0,"max_hp_loss":0,"event_name":"Purifier","floor":21,"gold_loss":0},{"damage_healed":0,"gold_gain":0,"player_choice":"Read","damage_taken":0,"max_hp_gain":0,"max_hp_loss":0,"event_name":"The Library","floor":29,"gold_loss":0,"cards_obtained":["Backflip"]},{"damage_healed":0,"gold_gain":0,"player_choice":"Ignored","damage_taken":0,"max_hp_gain":0,"max_hp_loss":0,"event_name":"Tomb of Lord Red Mask","floor":37,"gold_loss":0},{"damage_healed":0,"gold_gain":0,"player_choice":"Fight","damage_taken":0,"max_hp_gain":0,"max_hp_loss":0,"event_name":"MindBloom","floor":38,"gold_loss":0}],"is_beta":false,"boss_relics":[{"not_picked":["SynthV:MejaisSoulstealer","testmod-Recursion"],"picked":"testmod-BatchProcessingSystem"},{"not_picked":["JellyFishMachine","Calling Bell"],"picked":"ChiXiaoBlade"}],"items_purged_floors":[3,11,14,22,28,42,45,47,54],"is_endless":false,"potions_floor_spawned":[1,6,10,13,16,18,19,23,24,25,27,31,33,35,36,38,39,40,44,48,55],"ascension_level":20}}