{"host":"fjaupvxe7fzqrf4j","time":1609752330,"event":{"mods":["ATMod(°¢èªMod)","BaseMod","Minty Spire (QoL Compilation)","StSLib"],"gold_per_floor":[119,44,119,119,119,146,146,171,171,196,225,255,283,295,295,372,372,385,385,58,58,75,103,134,163,188,217,217,247,247,281,281,354,354,372,161,161,186,236,267,369,424,450,551,604,604,704,762,762,812,937,937,937,335,410,435],"floor_reached":57,"playtime":1181,"items_purged":["Underhanded Strike","Underhanded Strike","Dagger Throw"],"score":4820,"play_id":"3400b96d-561d-4349-812f-7fa3cd7cbdd0","local_time":"20210104172530","daily_mods":["SealedDeck","Heirloom","Time Dilation","Flight","Elite Swarm"],"is_ascension_mode":true,"campfire_choices":[{"data":"Tactician","floor":7.0,"key":"SMITH"},{"data":"Calculated Gamble","floor":15,"key":"SMITH"},{"data":"AT_KingSlayer","floor":28,"key":"SMITH"},{"data":"Expertise","floor":32,"key":"SMITH"},{"data":"Terror","floor":46,"key":"SMITH"},{"floor":49,"key":"RECALL"},{"data":"Acrobatics","floor":53,"key":"SMITH"}],"circlet_count":0,"master_deck":["AscendersBane","Backflip+1","Calculated Gamble+1","Terror+1","Escape Plan","Expertise+1","Tactician+1","AT_KingSlayer+1","Grand Finale","Prepared","Acrobatics+1","Footwork+1","After Image+1","Adrenaline","Dark Shackles","Wraith Form v2+1"],"relics":["Ring of the Snake","AT_ATBox","Prayer Wheel","War Paint","AT_Kusabimaru","CaptainsWheel","AT_BladeRuinedKing","Frozen Egg 2","White Beast Statue","Sundial","Black Star","Lantern","Smiling Mask","AT_ChloranthyRing","Juzu Bracelet","Letter Opener","Centennial Puzzle","Dream Catcher","Darkstone Periapt","AT_DeathDance","Oddly Smooth Stone","Turnip","AT_TrinityForce","OrangePellets","Du-Vu Doll","Bronze Scales","Omamori","AT_MibuBalloonWealth","Mummified Hand","Mango","Vajra","Pen Nib","Snake Skull","MealTicket","AT_PhaseBoots","Pear","Bottled Flame","Meat on the Bone","Unceasing Top","AT_LudenTempest","Happy Flower","Ginger","Blood Vial","Lizard Tail","Toy Ornithopter"],"acts_visited":["Exordium","TheCity","TheBeyond","TheEnding"],"potions_floor_usage":[56,56],"damage_taken":[{"damage":0.0,"enemies":"Jaw Worm","floor":1.0,"turns":1.0},{"damage":20.0,"enemies":"3 Sentries","floor":6.0,"turns":7.0},{"damage":0.0,"enemies":"Lagavulin","floor":8.0,"turns":1.0},{"damage":0.0,"enemies":"3 Sentries","floor":10.0,"turns":2.0},{"damage":0.0,"enemies":"Lagavulin","floor":11.0,"turns":2.0},{"damage":0,"enemies":"3 Sentries","floor":12,"turns":3},{"damage":0,"enemies":"Gremlin Nob","floor":13,"turns":1},{"damage":0,"enemies":"Cultist","floor":14,"turns":1},{"damage":0,"enemies":"The Guardian","floor":16,"turns":1},{"damage":0,"enemies":"3 Byrds","floor":18,"turns":1},{"damage":0,"enemies":"2 Thieves","floor":22,"turns":1},{"damage":0,"enemies":"Gremlin Leader","floor":23,"turns":1},{"damage":0,"enemies":"Slavers","floor":24,"turns":1},{"damage":0,"enemies":"Book of Stabbing","floor":25,"turns":1},{"damage":0,"enemies":"Slavers","floor":27,"turns":1},{"damage":0,"enemies":"Book of Stabbing","floor":29,"turns":1},{"damage":0,"enemies":"Slavers","floor":31,"turns":1},{"damage":0,"enemies":"Collector","floor":33,"turns":1},{"damage":0,"enemies":"3 Darklings","floor":35,"turns":1},{"damage":0,"enemies":"Mind Bloom Boss Battle","floor":38,"turns":1},{"damage":0,"enemies":"Giant Head","floor":40,"turns":1},{"damage":0,"enemies":"Reptomancer","floor":41,"turns":1},{"damage":0,"enemies":"Nemesis","floor":42,"turns":1},{"damage":0,"enemies":"Reptomancer","floor":44,"turns":1},{"damage":0,"enemies":"Nemesis","floor":45,"turns":1},{"damage":0,"enemies":"Reptomancer","floor":47,"turns":1},{"damage":0,"enemies":"Nemesis","floor":48,"turns":1},{"damage":0,"enemies":"Donu and Deca","floor":50,"turns":1},{"damage":0,"enemies":"Awakened One","floor":51,"turns":2},{"damage":0,"enemies":"Shield and Spear","floor":55,"turns":1},{"damage":0,"enemies":"The Heart","floor":56,"turns":4}],"seed_played":"-9200602911611719273","potions_obtained":[{"floor":11.0,"key":"FairyPotion"},{"floor":12,"key":"Strength Potion"},{"floor":16,"key":"SteroidPotion"},{"floor":23,"key":"DuplicationPotion"},{"floor":27,"key":"DuplicationPotion"},{"floor":40,"key":"Swift Potion"}],"is_trial":true,"path_per_floor":["M","$","?","$","?","E","R","E","T","E","E","E","E","M","R","B",null,"M","?","$","?","M","E","E","E","T","E","R","E","?","E","R","B",null,"M","$","?","?","T","E","E","E","T","E","E","R","E","E","R","B","B",null,"R","$","E","B",null],"character_chosen":"THE_SILENT","items_purchased":["Lantern","Prepared","OrangePellets","Ginger","Blood Vial","Dark Shackles"],"campfire_rested":0,"item_purchase_floors":[20,20,36,54,54,54],"current_hp_per_floor":[59,59,48,48,48,28,28,28,28,28,28,28,28,28,28,28,57,57,57,57,57,57,57,57,57,57,57,57,57,48,48,48,48,65,65,65,65,65,65,65,79,79,79,79,89,89,89,89,89,89,89,94,94,95,95,95],"gold":435,"neow_bonus":"","is_daily":false,"chose_seed":false,"campfire_upgraded":6,"win_rate":0.0,"timestamp":1609752330,"path_taken":["M","$","?","$","?","E","R","E","T","E","E","E","E","?","R","BOSS","M","?","$","?","M","E","E","E","T","E","R","E","?","E","R","BOSS","M","$","?","?","?","E","E","E","T","E","E","R","E","E","R","BOSS","BOSS","R","$","E","BOSS"],"items_purchased_type":["Relic","Card","Relic","Relic","Relic","Card"],"build_version":"2020-12-22","purchased_purges":3,"victory":true,"max_hp_per_floor":[66,66,66,66,66,66,66,66,66,66,66,66,66,66,66,66,66,66,66,66,66,66,66,66,66,66,66,66,66,71,71,71,71,71,71,71,71,71,71,71,85,85,85,85,95,95,95,95,95,95,95,95,95,95,95,95],"card_choices":[{"not_picked":["Deflect","Bane"],"picked":"Tactician","floor":1.0},{"not_picked":["Backflip","Dodge and Roll","Crippling Poison"],"picked":"SKIP","floor":1.0},{"not_picked":["Venomology","AT_MyraUnstableElement"],"picked":"AT_KingSlayer","floor":6.0},{"not_picked":["Die Die Die","Storm of Steel","Burst"],"picked":"SKIP","floor":8.0},{"not_picked":["Night Terror","AT_EssenceShift","Bullet Time"],"picked":"SKIP","floor":10.0},{"not_picked":["Phantasmal Killer","Storm of Steel","Doppelganger"],"picked":"SKIP","floor":11.0},{"not_picked":["Die Die Die","Bullet Time","Malaise"],"picked":"SKIP","floor":12},{"not_picked":["Venomology","Storm of Steel"],"picked":"Grand Finale","floor":13},{"not_picked":["Dagger Throw","Slice","PiercingWail"],"picked":"SKIP","floor":14},{"not_picked":["PiercingWail","Dagger Throw","Outmaneuver"],"picked":"SKIP","floor":14},{"not_picked":["Poisoned Stab","Cloak And Dagger","Blade Dance"],"picked":"SKIP","floor":18},{"not_picked":["Infinite Blades+1","Endless Agony","Dodge and Roll"],"picked":"SKIP","floor":18},{"not_picked":["Leg Sweep","Flying Knee","Finisher+1"],"picked":"SKIP","floor":22},{"not_picked":["Bane+1","Blade Dance","Slice+1"],"picked":"SKIP","floor":22},{"not_picked":["A Thousand Cuts+1","Unload","Bullet Time"],"picked":"SKIP","floor":23},{"not_picked":["Storm of Steel","Phantasmal Killer","Wraith Form v2+1"],"picked":"SKIP","floor":24},{"not_picked":["Bullet Time","AT_KingSlayer","AT_MyraUnstableElement"],"picked":"SKIP","floor":25},{"not_picked":["AT_EssenceShift+1","Night Terror","Venomology"],"picked":"SKIP","floor":27},{"not_picked":["Glass Knife","Malaise","Grand Finale"],"picked":"SKIP","floor":29},{"not_picked":["Bullet Time","Burst","Unload"],"picked":"SKIP","floor":31},{"not_picked":["Deflect","Bane"],"picked":"Acrobatics","floor":35},{"not_picked":["Deflect","Distraction+1"],"picked":"Footwork+1","floor":35},{"not_picked":["Burst","Tools of the Trade+1","Phantasmal Killer"],"picked":"SKIP","floor":40},{"not_picked":["A Thousand Cuts+1","Night Terror","Venomology"],"picked":"SKIP","floor":41},{"not_picked":["AT_EssenceShift+1","Night Terror","Storm of Steel"],"picked":"SKIP","floor":42},{"not_picked":["Doppelganger","Malaise","AT_KingSlayer"],"picked":"SKIP","floor":44},{"not_picked":["AT_EssenceShift+1","AT_MyraUnstableElement"],"picked":"After Image+1","floor":45},{"not_picked":["Glass Knife","Night Terror"],"picked":"Adrenaline","floor":47},{"not_picked":["AT_MyraUnstableElement","Burst","A Thousand Cuts+1"],"picked":"SKIP","floor":48},{"not_picked":["AT_EssenceShift+1","Storm of Steel"],"picked":"Wraith Form v2+1","floor":55}],"player_experience":338690,"relics_obtained":[{"floor":6.0,"key":"War Paint"},{"floor":8.0,"key":"AT_Kusabimaru"},{"floor":9.0,"key":"CaptainsWheel"},{"floor":10.0,"key":"AT_BladeRuinedKing"},{"floor":11.0,"key":"Frozen Egg 2"},{"floor":12,"key":"White Beast Statue"},{"floor":13,"key":"Sundial"},{"floor":23,"key":"Smiling Mask"},{"floor":23,"key":"AT_ChloranthyRing"},{"floor":24,"key":"Juzu Bracelet"},{"floor":24,"key":"Letter Opener"},{"floor":25,"key":"Centennial Puzzle"},{"floor":25,"key":"Dream Catcher"},{"floor":27,"key":"Darkstone Periapt"},{"floor":29,"key":"AT_DeathDance"},{"floor":29,"key":"Oddly Smooth Stone"},{"floor":31,"key":"Turnip"},{"floor":38,"key":"Du-Vu Doll"},{"floor":39,"key":"Bronze Scales"},{"floor":40,"key":"Omamori"},{"floor":40,"key":"AT_MibuBalloonWealth"},{"floor":41,"key":"Mummified Hand"},{"floor":41,"key":"Mango"},{"floor":42,"key":"Vajra"},{"floor":42,"key":"Pen Nib"},{"floor":43,"key":"Snake Skull"},{"floor":44,"key":"MealTicket"},{"floor":44,"key":"AT_SpeedBoots"},{"floor":45,"key":"Pear"},{"floor":45,"key":"Bottled Flame"},{"floor":47,"key":"Meat on the Bone"},{"floor":47,"key":"Unceasing Top"},{"floor":48,"key":"AT_LudenTempest"},{"floor":48,"key":"Happy Flower"},{"floor":55,"key":"Lizard Tail"},{"floor":55,"key":"Toy Ornithopter"}],"event_choices":[{"damage_healed":0.0,"max_hp_gain":0.0,"max_hp_loss":0.0,"gold_gain":75.0,"event_name":"World of Goop","player_choice":"Gather Gold","floor":3.0,"gold_loss":0.0,"damage_taken":11.0},{"damage_healed":0.0,"max_hp_gain":0.0,"max_hp_loss":0.0,"gold_gain":0.0,"event_name":"Transmorgrifier","player_choice":"Ignored","floor":5.0,"gold_loss":0.0,"damage_taken":0.0},{"cards_removed":["Underhanded Strike"],"damage_healed":0,"gold_gain":0,"player_choice":"Elegance","damage_taken":0,"max_hp_gain":0,"max_hp_loss":0,"event_name":"Back to Basics","floor":19,"gold_loss":0},{"damage_healed":0,"gold_gain":0,"player_choice":"Ignored","damage_taken":0,"max_hp_gain":0,"max_hp_loss":0,"event_name":"Vampires","floor":21,"gold_loss":0},{"damage_healed":0,"gold_gain":0,"player_choice":"Shed Blood","damage_taken":23,"max_hp_gain":5,"max_hp_loss":0,"event_name":"Forgotten Altar","floor":30,"gold_loss":0},{"cards_removed":["PiercingWail"],"damage_healed":0,"gold_gain":0,"player_choice":"Removed Skill","damage_taken":0,"max_hp_gain":0,"max_hp_loss":0,"event_name":"Falling","floor":37,"gold_loss":0},{"damage_healed":0,"gold_gain":0,"player_choice":"Fight","damage_taken":0,"max_hp_gain":0,"max_hp_loss":0,"event_name":"MindBloom","floor":38,"gold_loss":0}],"is_beta":false,"boss_relics":[{"not_picked":["AT_MortalBlade","SacredBark"],"picked":"Black Star"},{"not_picked":["Runic Dome","Velvet Choker"],"picked":"AT_TrinityForce"}],"items_purged_floors":[2,20,36],"is_endless":false,"potions_floor_spawned":[11,12,13,14,16,18,22,23,24,25,27,29,31,33,35,38,40,41,42,44,45,47,48,55],"ascension_level":20}}