{"host":"dnd25fcf5l5puhl9","time":1609800232,"event":{"mods":["AchievementEnabler","Act Like it!","BaseMod","BetterRewards","Colored Map","Colored Powertips","Downfall","Infinite Spire","Minty Spire (QoL Compilation)","Replay The Spire","StSLib","SuperFastMode"],"gold_per_floor":[99,99,99,99,99,199,276,209,209,309,335,353,378,388,400,400,400,400],"floor_reached":16,"playtime":944,"items_purged":[],"score":111,"play_id":"ceeacfb8-ca38-4d70-9b96-c0cd92af19e5","local_time":"20210104204352","is_ascension_mode":true,"campfire_choices":[{"data":"champ:Taunt","floor":1,"key":"SMITH"}],"circlet_count":0,"master_deck":["champ:Strike","champ:Strike","champ:Strike","champ:Strike","champ:Defend+1","champ:Defend+1","champ:Defend+1","champ:Defend","champ:Execute","champ:Taunt+1","champ:TornadoPunch","champ:IgnorePain","champ:SwordSigil+1","Regret","champ:Haymaker","champ:SteelEdge","champ:Lariat"],"relics":["Burning Blood","downfall:HeartsMalice","infinitespire:Cubic Diamond","Darkstone Periapt","CloakClasp","infinitespire:Eraser","Lantern"],"acts_visited":["Exordium"],"potions_floor_usage":[11,16,16],"damage_taken":[{"damage":0,"enemies":"2 Louse","floor":2,"turns":1},{"damage":0,"enemies":"Small Slimes","floor":3,"turns":1},{"damage":0,"enemies":"downfall:FleeingMerchant","floor":4,"turns":1},{"damage":5,"enemies":"downfall:FleeingMerchant","floor":8,"turns":4},{"damage":81,"enemies":"downfall:FleeingMerchant","floor":10,"turns":12},{"damage":50,"enemies":"Replay:BlueRogue","floor":11,"turns":6},{"damage":17,"enemies":"Jaw Worm","floor":12,"turns":3},{"damage":28,"enemies":"Gremlin Nob","floor":13,"turns":5},{"damage":2,"enemies":"3 Louse","floor":14,"turns":3},{"damage":1,"enemies":"Lots of Slimes","floor":15,"turns":4},{"damage":57,"enemies":"downfall:Silent","floor":16,"turns":12}],"seed_played":"-7400416736818062555","potions_obtained":[{"floor":10,"key":"ColorlessPotion"},{"floor":11,"key":"Doom Potion"},{"floor":14,"key":"Energy Potion"},{"floor":15,"key":"AttackPotion"}],"is_trial":false,"path_per_floor":["R","M","M","$","?","?","T","$","?","?","E","M","E","M","M","B"],"character_chosen":"THE_CHAMP","items_purchased":["champ:SwordSigil+1"],"campfire_rested":0,"item_purchase_floors":[8],"current_hp_per_floor":[90,90,90,90,90,90,90,90,96,61,42,36,19,23,28,0,0,0],"gold":400,"neow_bonus":"THREE_ENEMY_KILL","is_daily":false,"chose_seed":false,"campfire_upgraded":1,"win_rate":0.0,"timestamp":1609800232,"path_taken":["R","M","M","$","?","?","T","$","?","?","E","M","E","M","M","BOSS"],"items_purchased_type":["Card"],"build_version":"2020-12-22","purchased_purges":0,"victory":false,"max_hp_per_floor":[90,90,90,90,90,90,90,90,96,96,96,96,96,96,96,96,96,96],"card_choices":[{"not_picked":["champ:FalseCounter","champ:Backstep","champ:StanceDance"],"picked":"SKIP","floor":2},{"not_picked":["champ:Encircle","champ:CrookedStrike","champ:PerfectedStrike"],"picked":"SKIP","floor":3},{"not_picked":["champ:BringItOn","champ:StanceDance"],"picked":"champ:TornadoPunch","floor":4},{"not_picked":["champ:GladiatorStyle","champ:RageSigil"],"picked":"champ:IgnorePain","floor":8},{"not_picked":["champ:Riposte","champ:Backstep"],"picked":"champ:Haymaker","floor":11},{"not_picked":["champ:BringItOn","champ:ViciousMockery","champ:FlashCut"],"picked":"SKIP","floor":12},{"not_picked":["champ:PerfectForm","champ:BerserkerStyle"],"picked":"champ:SteelEdge","floor":13},{"not_picked":["champ:PerfectedStrike","champ:DefensiveShout","champ:StanceDance"],"picked":"SKIP","floor":14},{"not_picked":["champ:PerfectedStrike","champ:BladeFlurry"],"picked":"champ:Lariat","floor":15}],"player_experience":490731,"relics_obtained":[{"floor":7,"key":"Darkstone Periapt"},{"floor":10,"key":"CloakClasp"},{"floor":11,"key":"infinitespire:Eraser"},{"floor":13,"key":"Lantern"}],"event_choices":[],"is_beta":false,"boss_relics":[],"items_purged_floors":[],"is_endless":false,"potions_floor_spawned":[10,11,14,15],"killed_by":"downfall:Silent","ascension_level":1}}