{"host":"2se5dq1do2gp0x9k","time":1609730161,"event":{"mods":["AchievementEnabler","BaseMod","Block Reminder","Colored Map","Colored Powertips","Minty Spire (QoL Compilation)","Relic Stats","StSLib","SuperFastMode"],"gold_per_floor":[17,32,32,45,63,94,94,115,115,115,115,128,128,156,156,258,258,271,271,271,290,73,73,86,86,112,112,112,30,30,48,48,149,149,161,161,10,10,10,10,43,95,95,123,123,153,176,190,190,190,190],"floor_reached":50,"playtime":6158,"items_purged":[],"score":991,"play_id":"e59e368c-e0fd-4fb1-bd5f-eea8ea5a4334","local_time":"20210103191601","is_ascension_mode":true,"campfire_choices":[{"floor":11.0,"key":"REST"},{"data":"Scrawl","floor":13.0,"key":"SMITH"},{"data":"Panache","floor":15.0,"key":"SMITH"},{"floor":23.0,"key":"REST"},{"floor":28.0,"key":"REST"},{"data":"Vault","floor":32.0,"key":"SMITH"},{"data":"Fasting2","floor":40.0,"key":"SMITH"},{"data":"1","floor":45.0,"key":"LIFT"},{"data":"2","floor":49.0,"key":"LIFT"}],"circlet_count":0,"master_deck":["AscendersBane","Strike_P","Strike_P","Strike_P","Defend_P+1","Defend_P","Defend_P","Defend_P","Eruption","Vigilance","Panache+1","CutThroughFate","JustLucky","Evaluate","Scrawl+1","Evaluate","Vault+1","Tantrum","Ghostly","Ghostly+1","Ghostly","Ghostly","Ghostly","CutThroughFate","Wireheading","EmptyFist+1","Writhe","DevaForm","ThirdEye","Fasting2+1","DeusExMachina","Halt+1","ThirdEye","CutThroughFate+1","Scrawl","ForeignInfluence+1"],"relics":["PureWater","Ice Cream","Odd Mushroom","TeardropLocket","Ornamental Fan","Runic Pyramid","Enchiridion","Toolbox","Lantern","Bag of Preparation","Sozu","War Paint","Strange Spoon","Girya","Peace Pipe","Pantograph","StrikeDummy","Akabeko","Ancient Tea Set"],"acts_visited":["Exordium","TheCity","TheBeyond"],"potions_floor_usage":[],"damage_taken":[{"damage":6.0,"enemies":"Jaw Worm","floor":1.0,"turns":4.0},{"damage":2.0,"enemies":"Cultist","floor":2.0,"turns":4.0},{"damage":3.0,"enemies":"2 Louse","floor":4.0,"turns":4.0},{"damage":17.0,"enemies":"Exordium Thugs","floor":5.0,"turns":4.0},{"damage":22.0,"enemies":"3 Sentries","floor":6.0,"turns":9.0},{"damage":7.0,"enemies":"The Mushroom Lair","floor":8.0,"turns":4.0},{"damage":0.0,"enemies":"3 Louse","floor":12.0,"turns":1.0},{"damage":0.0,"enemies":"Gremlin Nob","floor":14.0,"turns":2.0},{"damage":27.0,"enemies":"Hexaghost","floor":16.0,"turns":10.0},{"damage":7.0,"enemies":"2 Thieves","floor":18.0,"turns":4.0},{"damage":13.0,"enemies":"3 Byrds","floor":21.0,"turns":5.0},{"damage":0.0,"enemies":"Centurion and Healer","floor":24.0,"turns":4.0},{"damage":2.0,"enemies":"Cultist and Chosen","floor":31.0,"turns":5.0},{"damage":8.0,"enemies":"Automaton","floor":33.0,"turns":8.0},{"damage":1.0,"enemies":"Orb Walker","floor":35.0,"turns":4.0},{"damage":3.0,"enemies":"Nemesis","floor":41.0,"turns":8.0},{"damage":0.0,"enemies":"2 Orb Walkers","floor":42.0,"turns":6.0},{"damage":0.0,"enemies":"Giant Head","floor":44.0,"turns":8.0},{"damage":0.0,"enemies":"Nemesis","floor":46.0,"turns":6.0},{"damage":0.0,"enemies":"3 Shapes","floor":48.0,"turns":2.0},{"damage":55,"enemies":"Time Eater","floor":50,"turns":8}],"seed_played":"8465903224156470758","potions_obtained":[{"floor":4.0,"key":"Explosive Potion"},{"floor":14.0,"key":"LiquidMemories"},{"floor":16.0,"key":"Weak Potion"},{"floor":18.0,"key":"Energy Potion"},{"floor":24.0,"key":"Strength Potion"}],"is_trial":false,"path_per_floor":["M","M","?","M","M","E","$","?","T","?","R","M","R","E","R","B",null,"M","?","?","M","$","R","M","?","T","?","R","$","?","M","R","B",null,"M","?","$","?","$","R","E","?","T","E","R","E","T","M","R","B"],"character_chosen":"WATCHER","items_purchased":["Wireheading","Toolbox","DevaForm","Strange Spoon"],"campfire_rested":3,"item_purchase_floors":[22,22,29,37],"current_hp_per_floor":[59,57,57,54,37,15,15,8,8,8,29,29,29,29,29,2,55,48,36,20,7,7,17,17,17,17,17,27,27,27,25,25,17,31,30,30,30,30,30,30,27,27,27,27,27,27,27,27,27,0,0],"gold":190,"neow_bonus":"RANDOM_COLORLESS_2","is_daily":false,"chose_seed":false,"campfire_upgraded":4,"win_rate":0.0,"timestamp":1609730161,"path_taken":["M","M","?","M","M","E","$","?","T","?","R","?","R","E","R","BOSS","M","?","?","M","$","R","M","?","T","?","R","$","?","M","R","BOSS","M","?","$","?","$","R","E","?","T","E","R","E","?","M","R","BOSS"],"items_purchased_type":["Card","Relic","Card","Relic"],"build_version":"2020-12-22","purchased_purges":0,"victory":false,"max_hp_per_floor":[72,72,72,72,72,72,72,72,72,72,72,72,72,72,72,72,72,72,36,36,36,36,36,36,36,36,36,36,36,36,36,36,36,36,36,36,36,36,36,36,36,36,36,36,36,36,36,36,36,36,36],"relic_stats":{"Sozu":1,"Peace Pipe":0,"Strange Spoon":[43],"counters":[21,110],"Ornamental Fan":[132],"Pantograph":9,"Bag of Preparation":[17],"War Paint":["Defend_P","Ghostly"],"obtain_stats":[{"Ice Cream":6,"Girya":41,"Lantern":26,"Enchiridion":20,"Bag of Preparation":27,"TeardropLocket":9,"Odd Mushroom":8,"War Paint":36,"Ancient Tea Set":47,"Akabeko":46,"Sozu":34,"Peace Pipe":42,"Strange Spoon":37,"Ornamental Fan":14,"Pantograph":43,"Toolbox":22,"PureWater":0,"StrikeDummy":44,"Runic Pyramid":17},{"Ice Cream":5,"Girya":16,"Lantern":12,"Enchiridion":10,"Bag of Preparation":12,"TeardropLocket":6,"Odd Mushroom":6,"War Paint":15,"Ancient Tea Set":19,"Akabeko":19,"Sozu":14,"Peace Pipe":17,"Strange Spoon":15,"Ornamental Fan":8,"Pantograph":17,"Toolbox":11,"PureWater":0,"StrikeDummy":18,"Runic Pyramid":9},{"Ice Cream":25,"Girya":80,"Lantern":55,"Enchiridion":46,"Bag of Preparation":55,"TeardropLocket":29,"Odd Mushroom":29,"War Paint":72,"Ancient Tea Set":100,"Akabeko":100,"Sozu":68,"Peace Pipe":86,"Strange Spoon":72,"Ornamental Fan":32,"Pantograph":86,"Toolbox":51,"PureWater":0,"StrikeDummy":94,"Runic Pyramid":42}]},"card_choices":[{"not_picked":["HandOfGreed","Violence"],"picked":"Panache","floor":0.0},{"not_picked":["PathToVictory","EmptyBody"],"picked":"Weave","floor":1.0},{"not_picked":["Protect","Crescendo"],"picked":"CutThroughFate","floor":2.0},{"not_picked":["ClearTheMind","DeceiveReality"],"picked":"JustLucky","floor":4.0},{"not_picked":["SignatureMove","FollowUp"],"picked":"Evaluate","floor":5.0},{"not_picked":["ClearTheMind","PathToVictory","EmptyBody"],"picked":"SKIP","floor":6.0},{"not_picked":["Meditate","FlurryOfBlows"],"picked":"Scrawl","floor":8.0},{"not_picked":["ClearTheMind","PathToVictory"],"picked":"Evaluate","floor":12.0},{"not_picked":["Blasphemy","Worship","Protect"],"picked":"SKIP","floor":14.0},{"not_picked":["Devotion","ConjureBlade"],"picked":"Vault","floor":16.0},{"not_picked":["Halt","PathToVictory"],"picked":"Tantrum","floor":18.0},{"not_picked":["CrushJoints","Consecrate"],"picked":"CutThroughFate","floor":21.0},{"not_picked":["FlurryOfBlows","Prostrate"],"picked":"EmptyFist+1","floor":24.0},{"not_picked":["FlurryOfBlows","FlyingSleeves"],"picked":"Fasting2","floor":31.0},{"not_picked":["LessonLearned","Scrawl"],"picked":"DeusExMachina","floor":33.0},{"not_picked":["CutThroughFate","ThirdEye"],"picked":"Halt+1","floor":35.0},{"not_picked":["FlurryOfBlows","Consecrate"],"picked":"ThirdEye","floor":41.0},{"not_picked":["FearNoEvil","Halt+1"],"picked":"CutThroughFate+1","floor":42.0},{"not_picked":["Fasting2","Wallop"],"picked":"Scrawl","floor":44.0},{"not_picked":["Crescendo+1","Protect"],"picked":"ForeignInfluence+1","floor":46.0},{"not_picked":["FlyingSleeves","Evaluate+1","EmptyFist+1"],"picked":"SKIP","floor":48.0}],"player_experience":3752645,"relics_obtained":[{"floor":6.0,"key":"Ice Cream"},{"floor":8.0,"key":"Odd Mushroom"},{"floor":9.0,"key":"TeardropLocket"},{"floor":14.0,"key":"Ornamental Fan"},{"floor":20.0,"key":"Enchiridion"},{"floor":26.0,"key":"Lantern"},{"floor":41.0,"key":"Girya"},{"floor":42.0,"key":"Peace Pipe"},{"floor":43.0,"key":"Pantograph"},{"floor":44.0,"key":"StrikeDummy"},{"floor":46.0,"key":"Akabeko"},{"floor":47.0,"key":"Ancient Tea Set"}],"event_choices":[{"cards_removed":["Strike_P"],"damage_healed":0.0,"max_hp_gain":0.0,"max_hp_loss":0.0,"gold_gain":0.0,"event_name":"Purifier","player_choice":"Purged","floor":3.0,"gold_loss":0.0,"damage_taken":0.0},{"damage_healed":0.0,"max_hp_gain":0.0,"max_hp_loss":0.0,"gold_gain":0.0,"event_name":"Mushrooms","player_choice":"Fought Mushrooms","floor":8.0,"gold_loss":0.0,"damage_taken":0.0},{"damage_healed":0.0,"max_hp_gain":0.0,"max_hp_loss":0.0,"gold_gain":0.0,"event_name":"Golden Wing","player_choice":"Ignored","floor":10.0,"gold_loss":0.0,"damage_taken":0.0},{"damage_healed":0.0,"max_hp_gain":0.0,"max_hp_loss":36.0,"gold_gain":0.0,"event_name":"Ghosts","player_choice":"Became a Ghost","floor":19.0,"gold_loss":0.0,"damage_taken":0.0,"cards_obtained":["Ghostly","Ghostly","Ghostly","Ghostly","Ghostly"]},{"damage_healed":0.0,"max_hp_gain":0.0,"max_hp_loss":0.0,"gold_gain":0.0,"event_name":"Cursed Tome","player_choice":"Obtained Book","floor":20.0,"gold_loss":0.0,"damage_taken":16.0},{"damage_healed":0.0,"max_hp_gain":0.0,"max_hp_loss":0.0,"gold_gain":0.0,"event_name":"Beggar","player_choice":"Ignored","floor":25.0,"gold_loss":0.0,"damage_taken":0.0},{"damage_healed":0.0,"max_hp_gain":0.0,"max_hp_loss":0.0,"gold_gain":0.0,"event_name":"The Mausoleum","player_choice":"Opened","floor":27.0,"gold_loss":0.0,"damage_taken":0.0,"relics_obtained":["Bag of Preparation"],"cards_obtained":["Writhe"]},{"damage_healed":0.0,"max_hp_gain":0.0,"max_hp_loss":0.0,"gold_gain":0.0,"event_name":"Match and Keep!","player_choice":"1 cards matched","floor":30.0,"gold_loss":0.0,"damage_taken":0.0,"cards_obtained":["ThirdEye"]},{"damage_healed":0.0,"max_hp_gain":0.0,"max_hp_loss":0.0,"gold_gain":0.0,"event_name":"WeMeetAgain","player_choice":"Gave Potion","floor":36.0,"gold_loss":0.0,"damage_taken":0.0,"relics_obtained":["War Paint"]},{"cards_removed":["Weave"],"damage_healed":0.0,"max_hp_gain":0.0,"max_hp_loss":0.0,"gold_gain":0.0,"event_name":"Falling","player_choice":"Removed Attack","floor":38.0,"gold_loss":0.0,"damage_taken":0.0},{"damage_healed":0.0,"max_hp_gain":0.0,"max_hp_loss":0.0,"gold_gain":0.0,"event_name":"Mysterious Sphere","player_choice":"Fight","floor":42.0,"gold_loss":0.0,"damage_taken":0.0}],"is_beta":false,"boss_relics":[{"not_picked":["Ectoplasm","Runic Dome"],"picked":"Runic Pyramid"},{"not_picked":["Tiny House","Astrolabe"],"picked":"Sozu"}],"items_purged_floors":[],"is_endless":false,"potions_floor_spawned":[4,14,16,18,24,42],"killed_by":"Time Eater","ascension_level":11}}