{"host":"54vghy6hfkyy1r39","time":1609722805,"event":{"mods":["AchievementEnabler","BaseMod","Minty Spire (QoL Compilation)","StSLib","SuperFastMode","everything is the same but u backflip on backflip"],"gold_per_floor":[367,382,138,313,313,343,363,363,363,363,378,378,404,418,418,516,516,533,632,632,632,647,647,663,356,436,456,489,489,501,411,411,512,512,524,537,551,551,551],"floor_reached":38,"playtime":1123,"items_purged":["Strike_R","Strike_R"],"score":552,"play_id":"0eedf188-a255-481b-b6d9-dcaf99f14e23","local_time":"20210104101325","is_ascension_mode":true,"campfire_choices":[{"data":"Whirlwind","floor":10,"key":"SMITH"},{"floor":12,"key":"REST"},{"data":"Bash","floor":15,"key":"SMITH"},{"data":"Flex","floor":23,"key":"SMITH"},{"floor":29,"key":"REST"},{"data":"Inflame","floor":32,"key":"SMITH"}],"circlet_count":0,"master_deck":["Strike_R","Strike_R","Defend_R","Defend_R","Defend_R","Defend_R+1","Bash+1","Whirlwind+1","Inflame+1","Flex+1","Offering","Inflame","Blood for Blood","Reaper","Shrug It Off+1","Flex","Rage","Berserk","CurseOfTheBell","Warcry+1"],"relics":["Burning Blood","Lee\u0027s Waffle","Pantograph","Kunai","Oddly Smooth Stone","Mark of Pain","Champion Belt","HandDrill","Bottled Flame","Darkstone Periapt","Calling Bell","Vajra","Toxic Egg 2","StoneCalendar"],"acts_visited":["Exordium","TheCity","TheBeyond"],"potions_floor_usage":[13,16,33,33,33,38],"damage_taken":[{"damage":6,"enemies":"Cultist","floor":1,"turns":4},{"damage":11,"enemies":"Jaw Worm","floor":2,"turns":5},{"damage":42,"enemies":"3 Sentries","floor":6,"turns":10},{"damage":3,"enemies":"2 Louse","floor":7,"turns":2},{"damage":17,"enemies":"Looter","floor":11,"turns":2},{"damage":28,"enemies":"Gremlin Nob","floor":13,"turns":4},{"damage":8,"enemies":"Blue Slaver","floor":14,"turns":3},{"damage":6,"enemies":"Slime Boss","floor":16,"turns":6},{"damage":20,"enemies":"Shell Parasite","floor":18,"turns":4},{"damage":9,"enemies":"Chosen","floor":22,"turns":4},{"damage":29,"enemies":"Centurion and Healer","floor":24,"turns":4},{"damage":14,"enemies":"3 Cultists","floor":27,"turns":6},{"damage":25,"enemies":"Slavers","floor":28,"turns":4},{"damage":12,"enemies":"Chosen and Byrds","floor":30,"turns":3},{"damage":80,"enemies":"Champ","floor":33,"turns":9},{"damage":39,"enemies":"3 Shapes","floor":35,"turns":5},{"damage":34,"enemies":"Orb Walker","floor":36,"turns":3},{"damage":70,"enemies":"Spire Growth","floor":37,"turns":6},{"damage":48,"enemies":"4 Shapes","floor":38,"turns":3}],"seed_played":"-6740730555278926231","potions_obtained":[{"floor":2,"key":"Weak Potion"},{"floor":7,"key":"Dexterity Potion"},{"floor":11,"key":"Regen Potion"},{"floor":14,"key":"Weak Potion"},{"floor":18,"key":"DistilledChaos"},{"floor":27,"key":"ColorlessPotion"},{"floor":33,"key":"Energy Potion"},{"floor":37,"key":"Regen Potion"}],"is_trial":false,"path_per_floor":["M","M","$","?","?","E","M","?","T","R","M","R","E","M","R","B",null,"M","?","?","?","M","R","M","$","T","M","E","R","M","?","R","B",null,"M","M","M","M"],"character_chosen":"IRONCLAD","items_purchased":["Flex","Lee\u0027s Waffle","HandDrill","Flex"],"campfire_rested":2,"item_purchase_floors":[3,3,25,25],"current_hp_per_floor":[72,67,79,79,84,48,51,51,51,51,40,65,48,46,46,71,84,70,70,54,54,57,57,54,54,54,52,33,59,53,53,53,20,95,90,73,23,0,0],"gold":551,"neow_bonus":"TWO_FIFTY_GOLD","is_daily":false,"chose_seed":false,"campfire_upgraded":4,"win_rate":0.0,"timestamp":1609722805,"path_taken":["M","M","$","?","?","E","M","?","T","R","M","R","E","M","R","BOSS","M","?","?","?","?","R","M","$","T","M","E","R","M","?","R","BOSS","M","M","?","M"],"items_purchased_type":["Card","Relic","Relic","Card"],"build_version":"2020-12-22","purchased_purges":2,"victory":false,"max_hp_per_floor":[72,72,79,79,84,84,84,84,84,84,84,84,84,84,84,84,84,84,84,89,89,89,89,89,89,89,89,89,89,89,89,89,89,95,95,95,95,95,95],"card_choices":[{"not_picked":["True Grit","Clothesline"],"picked":"Whirlwind","floor":1},{"not_picked":["Heavy Blade","Pommel Strike"],"picked":"Inflame","floor":2},{"not_picked":["Rupture","Clash"],"picked":"Offering","floor":6},{"not_picked":["Twin Strike","Burning Pact"],"picked":"Inflame","floor":7},{"not_picked":["Cleave","Pommel Strike","Clothesline"],"picked":"SKIP","floor":11},{"not_picked":["Body Slam","Perfected Strike"],"picked":"Blood for Blood","floor":13},{"not_picked":["Headbutt","Clash","Twin Strike"],"picked":"SKIP","floor":14},{"not_picked":["Corruption","Fiend Fire"],"picked":"Reaper","floor":16},{"not_picked":["Power Through","Cleave+1"],"picked":"Shrug It Off+1","floor":18},{"not_picked":["Iron Wave","Feel No Pain","Headbutt"],"picked":"SKIP","floor":22},{"not_picked":["Havoc+1","Entrench","Sword Boomerang+1"],"picked":"SKIP","floor":24},{"not_picked":["Cleave","Warcry"],"picked":"Rage","floor":27},{"not_picked":["Dual Wield","Inflame","Ghostly Armor"],"picked":"SKIP","floor":28},{"not_picked":["Anger","True Grit","Pommel Strike"],"picked":"SKIP","floor":30},{"not_picked":["Limit Break","Barricade"],"picked":"Berserk","floor":33},{"not_picked":["Dropkick","Clothesline+1","Intimidate+1"],"picked":"SKIP","floor":35},{"not_picked":["Infernal Blade+1","Blood for Blood+1"],"picked":"Warcry+1","floor":36},{"not_picked":["Pommel Strike+1","Heavy Blade","Anger"],"picked":"SKIP","floor":37}],"player_experience":179632,"relics_obtained":[{"floor":6,"key":"Pantograph"},{"floor":9,"key":"Kunai"},{"floor":13,"key":"Oddly Smooth Stone"},{"floor":26,"key":"Bottled Flame"},{"floor":28,"key":"Darkstone Periapt"},{"floor":34,"key":"Vajra"},{"floor":34,"key":"Toxic Egg 2"},{"floor":34,"key":"StoneCalendar"}],"event_choices":[{"damage_healed":0,"gold_gain":175,"player_choice":"AGREE","damage_taken":0,"max_hp_gain":0,"max_hp_loss":0,"event_name":"Liars Game","floor":4,"gold_loss":0,"cards_obtained":["Doubt"]},{"damage_healed":0,"gold_gain":0,"player_choice":"Donut","damage_taken":0,"max_hp_gain":5,"max_hp_loss":0,"event_name":"Big Fish","floor":5,"gold_loss":0},{"cards_removed":["Doubt"],"damage_healed":0,"gold_gain":0,"player_choice":"Forget","damage_taken":0,"max_hp_gain":0,"max_hp_loss":0,"event_name":"Living Wall","floor":8,"gold_loss":0},{"damage_healed":0,"gold_gain":99,"player_choice":"Stole From Cult","damage_taken":0,"max_hp_gain":0,"max_hp_loss":0,"event_name":"Nest","floor":19,"gold_loss":0},{"damage_healed":0,"gold_gain":0,"player_choice":"Shed Blood","damage_taken":21,"max_hp_gain":5,"max_hp_loss":0,"event_name":"Forgotten Altar","floor":20,"gold_loss":0},{"damage_healed":0,"gold_gain":0,"player_choice":"Opened","damage_taken":0,"relics_obtained":["Champion Belt"],"max_hp_gain":0,"max_hp_loss":0,"event_name":"The Mausoleum","floor":21,"gold_loss":0},{"cards_removed":["Strike_R"],"damage_healed":0,"gold_gain":0,"player_choice":"Upgrade and Remove","damage_taken":0,"max_hp_gain":0,"max_hp_loss":0,"event_name":"Designer","floor":31,"gold_loss":90,"cards_upgraded":["Defend_R"]}],"is_beta":false,"boss_relics":[{"not_picked":["Runic Cube","Velvet Choker"],"picked":"Mark of Pain"},{"not_picked":["Black Blood","Cursed Key"],"picked":"Calling Bell"}],"items_purged_floors":[3,25],"is_endless":false,"potions_floor_spawned":[2,7,11,14,18,27,33,37],"killed_by":"4 Shapes","ascension_level":2}}