{"host":"126yiuos2nq86se7","time":1609745662,"event":{"mods":["AchievementEnabler","Act Like it!","BaseMod","Colored Map","Colored Powertips","Downfall","Friendly Minions","Halation","Highlight Path","Minty Spire (QoL Compilation)","StSLib","SuperFastMode","The Animator"],"gold_per_floor":[113,123,73,48,59,59,134,134,157,171,171,171,183,211,211,310,310,322,322,322,341,351,351,55,72,72,18,32,48,48,60,60,161,161,181,181,181,192,211,211,239,250,250,250,250,250,261,276,276,276],"floor_reached":51,"playtime":1794,"items_purged":["Strike_B"],"score":739,"play_id":"031c1a55-9f4a-47d3-82da-576516b8cb9a","local_time":"20210104183422","is_ascension_mode":true,"campfire_choices":[{"data":"Zap","floor":6,"key":"SMITH"},{"data":"Dualcast","floor":8,"key":"SMITH"},{"data":"Mayhem","floor":12,"key":"SMITH"},{"floor":15,"key":"REST"},{"data":"Hologram","floor":23,"key":"SMITH"},{"floor":30,"key":"REST"},{"data":"Self Repair","floor":32,"key":"SMITH"},{"data":"Recycle","floor":40,"key":"SMITH"},{"data":"Redo","floor":44,"key":"SMITH"},{"data":"Capacitor","floor":46,"key":"SMITH"},{"data":"expansioncontent:DecasProtection","floor":49,"key":"SMITH"}],"circlet_count":0,"master_deck":["Strike_B","Strike_B","Defend_B","Defend_B","Defend_B","Defend_B","Zap+1","Dualcast+1","Mayhem+1","BootSequence","Reinforced Body+1","Sweeping Beam","Hologram+1","Sweeping Beam","Electrodynamics","Go for the Eyes+1","Machine Learning","Self Repair+1","Leap+1","Beam Cell","Recycle+1","Redo+1","Coolheaded","Skim+1","Mayhem+1","Static Discharge+1","Redo+1","White Noise+1","Capacitor+1","expansioncontent:DecasProtection+1","Conserve Battery+1","Coolheaded+1"],"relics":["Cracked Core","Centennial Puzzle","halation:PinkSoulGem","PreservedInsect","Cursed Key","DataDisk","Philosopher\u0027s Stone","halation:SelfBoilingWater"],"acts_visited":["Exordium","TheCity","TheBeyond"],"potions_floor_usage":[14,14,33,33,33,41,41,50,50],"damage_taken":[{"damage":0,"enemies":"Small Slimes","floor":1,"turns":3},{"damage":0,"enemies":"2 Louse","floor":2,"turns":2},{"damage":1,"enemies":"Jaw Worm","floor":5,"turns":4},{"damage":0,"enemies":"Gremlin Gang","floor":10,"turns":6},{"damage":0,"enemies":"3 Louse","floor":13,"turns":4},{"damage":4,"enemies":"3 Sentries","floor":14,"turns":7},{"damage":29,"enemies":"Hexaghost","floor":16,"turns":11},{"damage":0,"enemies":"2 Thieves","floor":18,"turns":4},{"damage":13,"enemies":"3 Byrds","floor":21,"turns":4},{"damage":1,"enemies":"3 Cultists","floor":22,"turns":3},{"damage":16,"enemies":"Snecko","floor":25,"turns":6},{"damage":11,"enemies":"Snake Plant","floor":28,"turns":4},{"damage":16,"enemies":"Cultist and Chosen","floor":29,"turns":5},{"damage":5,"enemies":"Shelled Parasite and Fungi","floor":31,"turns":6},{"damage":29,"enemies":"Collector","floor":33,"turns":10},{"damage":12,"enemies":"3 Shapes","floor":35,"turns":4},{"damage":1,"enemies":"Orb Walker","floor":38,"turns":2},{"damage":12,"enemies":"Writhing Mass","floor":39,"turns":6},{"damage":11,"enemies":"Reptomancer","floor":41,"turns":7},{"damage":3,"enemies":"3 Darklings","floor":42,"turns":4},{"damage":0,"enemies":"4 Shapes","floor":47,"turns":3},{"damage":4,"enemies":"Jaw Worm Horde","floor":48,"turns":6},{"damage":16,"enemies":"Awakened One","floor":50,"turns":15}],"seed_played":"6457044549031671003","potions_obtained":[{"floor":2,"key":"Guardian:BlockOnCardUsePotion"},{"floor":5,"key":"sneckomod:MuddlingPotion"},{"floor":10,"key":"Swift Potion"},{"floor":22,"key":"Fire Potion"},{"floor":28,"key":"LiquidBronze"},{"floor":31,"key":"PowerPotion"},{"floor":33,"key":"BlessingOfTheForge"},{"floor":39,"key":"Ancient Potion"},{"floor":41,"key":"Slimebound:ThreeZeroPotion"},{"floor":47,"key":"LiquidMemories"},{"floor":48,"key":"SmokeBomb"}],"is_trial":false,"path_per_floor":["M","M","?","$","M","R","?","R","T","M","?","R","M","E","R","B",null,"M","?","?","M","M","R","$","M","T","$","M","M","R","M","R","B",null,"M","?","?","M","M","R","E","M","T","R","?","R","M","M","R","B",null],"character_chosen":"DEFECT","items_purchased":["Conserve Battery","DataDisk","Self Repair","Beam Cell"],"campfire_rested":2,"item_purchase_floors":[4,24,24,27],"current_hp_per_floor":[54,54,54,54,53,53,42,42,42,42,42,42,42,38,60,31,75,75,75,75,62,61,61,61,45,45,45,41,32,54,56,56,37,75,73,73,73,72,70,70,69,66,66,66,66,66,66,72,72,66],"gold":276,"neow_bonus":"RANDOM_COLORLESS_2","is_daily":false,"chose_seed":false,"campfire_upgraded":9,"win_rate":0.0,"timestamp":1609745662,"path_taken":["M","M","?","$","M","R","?","R","T","M","?","R","M","E","R","BOSS","M","?","?","M","M","R","$","?","T","$","M","M","R","M","R","BOSS","M","?","?","?","M","R","E","M","T","R","?","R","M","M","R","BOSS"],"items_purchased_type":["Card","Relic","Card","Card"],"build_version":"2020-12-22","purchased_purges":1,"victory":true,"max_hp_per_floor":[75,75,75,75,75,75,75,75,75,75,75,75,75,75,75,75,75,75,75,75,75,75,75,75,75,75,75,75,75,75,75,75,75,75,75,75,75,75,75,75,75,75,75,75,75,75,75,75,75,75],"card_choices":[{"not_picked":["HandOfGreed","expansioncontent:Corrupt"],"picked":"Mayhem","floor":0},{"not_picked":["Stack","Go for the Eyes"],"picked":"BootSequence","floor":1},{"not_picked":["Chill","Streamline"],"picked":"Reinforced Body","floor":2},{"not_picked":["Streamline","Lockon"],"picked":"Sweeping Beam","floor":5},{"not_picked":["Darkness","Stack"],"picked":"Hologram","floor":10},{"not_picked":["Cold Snap","Force Field","Steam"],"picked":"SKIP","floor":13},{"not_picked":["Streamline","Conserve Battery"],"picked":"Sweeping Beam","floor":14},{"not_picked":["Amplify","Biased Cognition"],"picked":"Electrodynamics","floor":16},{"not_picked":["Rip and Tear","Redo"],"picked":"Go for the Eyes+1","floor":18},{"not_picked":["Ball Lightning","Hologram","Cold Snap"],"picked":"SKIP","floor":21},{"not_picked":["Ball Lightning","Consume"],"picked":"Machine Learning","floor":22},{"not_picked":["Stack","Chaos"],"picked":"Leap+1","floor":25},{"not_picked":["Beam Cell","Steam"],"picked":"Recycle","floor":28},{"not_picked":["Ball Lightning","Aggregate"],"picked":"Redo","floor":29},{"not_picked":["Genetic Algorithm","Force Field"],"picked":"Coolheaded","floor":31},{"not_picked":["Reprogram","Stack"],"picked":"Skim+1","floor":35},{"not_picked":["Compile Driver","Force Field+1"],"picked":"Static Discharge+1","floor":38},{"not_picked":["Doom and Gloom+1","Barrage"],"picked":"Redo+1","floor":39},{"not_picked":["Turbo","Leap+1"],"picked":"White Noise+1","floor":41},{"not_picked":["Steam Power+1","Storm+1"],"picked":"Capacitor","floor":42},{"not_picked":["expansioncontent:SuperHexaguard","expansioncontent:Corrupt"],"picked":"expansioncontent:DecasProtection","floor":45},{"not_picked":["Streamline","Recycle"],"picked":"Conserve Battery+1","floor":47},{"not_picked":["Reinforced Body","Hologram+1"],"picked":"Coolheaded+1","floor":48}],"player_experience":1595298,"relics_obtained":[{"floor":9,"key":"Centennial Puzzle"},{"floor":14,"key":"PreservedInsect"},{"floor":41,"key":"halation:SelfBoilingWater"}],"event_choices":[{"cards_removed":["Strike_B"],"damage_healed":0,"gold_gain":0,"player_choice":"Card Removal","damage_taken":0,"max_hp_gain":0,"max_hp_loss":0,"event_name":"The Cleric","floor":3,"gold_loss":50},{"damage_healed":0,"gold_gain":75,"player_choice":"Gather Gold","damage_taken":11,"max_hp_gain":0,"max_hp_loss":0,"event_name":"World of Goop","floor":7,"gold_loss":0},{"damage_healed":0,"gold_gain":0,"player_choice":"Ignored","damage_taken":0,"max_hp_gain":0,"max_hp_loss":0,"event_name":"Vampires","floor":19,"gold_loss":0},{"damage_healed":0,"gold_gain":0,"player_choice":"Forge","damage_taken":0,"max_hp_gain":0,"max_hp_loss":0,"event_name":"Accursed Blacksmith","floor":20,"gold_loss":0,"cards_upgraded":["Reinforced Body"]},{"cards_removed":["Conserve Battery"],"damage_healed":0,"gold_gain":0,"player_choice":"Removed Skill","damage_taken":0,"max_hp_gain":0,"max_hp_loss":0,"event_name":"Falling","floor":36,"gold_loss":0},{"damage_healed":0,"gold_gain":0,"player_choice":"Copied","damage_taken":0,"max_hp_gain":0,"max_hp_loss":0,"event_name":"Duplicator","floor":37,"gold_loss":0,"cards_obtained":["Mayhem"]},{"damage_healed":0,"gold_gain":0,"player_choice":"Memory 1","damage_taken":0,"max_hp_gain":0,"max_hp_loss":0,"event_name":"SensoryStone","floor":45,"gold_loss":0}],"is_beta":false,"boss_relics":[{"not_picked":["halation:Yufonium","Runic Dome"],"picked":"Cursed Key"},{"not_picked":["Astrolabe","halation:Risk"],"picked":"Philosopher\u0027s Stone"}],"items_purged_floors":[24],"is_endless":false,"potions_floor_spawned":[2,5,10,22,28,31,33,39,41,47,48],"ascension_level":1}}