{"host":"mzp3pvw1g1kyjyte","time":1609754653,"event":{"mods":["AchievementEnabler","Arknights The Spire","BaseMod","Colored Powertips","Highlight Path","Minty Spire (QoL Compilation)","Quick Restart","Relic Stats","Remilia（蕾米莉亚）","Shop Mod","StSLib","SuperFastMode","TestMod","[IsaacMod]以撒尖塔"],"gold_per_floor":[119,119,119,95,95,95,95],"floor_reached":6,"playtime":549,"items_purged":[],"score":207,"play_id":"35122f70-740b-43bc-8fd7-a9e0c8573a55","local_time":"20210104180413","is_ascension_mode":false,"campfire_choices":[],"circlet_count":0,"master_deck":["Strike_RM","Strike_RM","Strike_RM","Strike_RM","Defend_RM","Defend_RM","Defend_RM","Defend_RM","RedMoon","ScarletShoot","Pride","testmod-Lust","testmod-Wrath","testmod-Sloth","testmod-Envy","testmod-Greed","testmod-Gluttony","testmod-Gluttony","testmod-Gluttony","HellCatastrophe","Regret","testmod-Gluttony","ScarletDevil"],"relics":["ScarletHat","HushsDoor","testmod-SevenDeadlySins","Du-Vu Doll","Darkstone Periapt","Blue Candle","GuppysHead","Juzu Bracelet","ScarletDevilRocket"],"acts_visited":["Exordium"],"potions_floor_usage":[],"damage_taken":[{"damage":2,"enemies":"Small Slimes","floor":1,"turns":4},{"damage":70,"enemies":"Lagavulin","floor":6,"turns":9}],"seed_played":"2808163051456831278","potions_obtained":[],"is_trial":false,"path_per_floor":["M","?","?","$","T","E"],"character_chosen":"REMILIA","items_purchased":["ScarletDevil"],"campfire_rested":0,"item_purchase_floors":[4],"current_hp_per_floor":[139,139,151,151,151,83,83],"gold":95,"neow_bonus":"TEN_PERCENT_HP_BONUS","is_daily":false,"chose_seed":false,"campfire_upgraded":0,"win_rate":0.0,"timestamp":1609754653,"path_taken":["M","?","?","$","?","E"],"items_purchased_type":["Card"],"build_version":"2020-12-22","purchased_purges":0,"victory":false,"max_hp_per_floor":[141,141,153,153,153,153,153],"relic_stats":{"Darkstone Periapt":66,"counters":[2,13],"Blue Candle":[7],"Juzu Bracelet":0,"obtain_stats":[{"KeepersGift":0,"Du-Vu Doll":0,"Darkstone Periapt":0,"testmod-TestBox":0,"ScarletDevilRocket":3,"Blue Candle":0,"testmod-SevenDeadlySins":0,"Juzu Bracelet":2,"GuppysHead":0,"HushsDoor":0,"ScarletHat":0},{"KeepersGift":0,"Du-Vu Doll":0,"Darkstone Periapt":0,"testmod-TestBox":0,"ScarletDevilRocket":1,"Blue Candle":0,"testmod-SevenDeadlySins":0,"Juzu Bracelet":1,"GuppysHead":0,"HushsDoor":0,"ScarletHat":0},{"KeepersGift":0,"Du-Vu Doll":0,"Darkstone Periapt":0,"testmod-TestBox":0,"ScarletDevilRocket":4,"Blue Candle":0,"testmod-SevenDeadlySins":0,"Juzu Bracelet":4,"GuppysHead":0,"HushsDoor":0,"ScarletHat":0}]},"card_choices":[{"not_picked":[],"picked":"ChaosCard","floor":0},{"not_picked":["VampireKiss","UnstableMagic"],"picked":"HellCatastrophe","floor":1}],"player_experience":21087,"relics_obtained":[],"event_choices":[{"damage_healed":0,"gold_gain":0,"player_choice":"Swap Relic","damage_taken":0,"relics_obtained":["Juzu Bracelet"],"max_hp_gain":0,"max_hp_loss":0,"event_name":"给自己的盒子","floor":2,"relics_lost":["testmod-TestBox"],"gold_loss":0},{"damage_healed":0,"gold_gain":0,"player_choice":"Box","damage_taken":0,"relics_obtained":["ScarletDevilRocket"],"max_hp_gain":0,"max_hp_loss":0,"event_name":"Big Fish","floor":3,"gold_loss":0,"cards_obtained":["Regret"]}],"is_beta":false,"boss_relics":[],"items_purged_floors":[],"is_endless":false,"potions_floor_spawned":[],"killed_by":"Lagavulin","ascension_level":0}}