{"host":"g5zc4ej6zn2at89o","time":1609736441,"event":{"mods":["2.2 Compatiblity","AchievementEnabler","BaseMod","Colored Map","DeckTracker","Highlight Path","KOR Keyword Fix","Keyboard Shortcuts","Minty Spire (QoL Compilation)","Permanent Neow","Quick Restart","Say the Spire","StSLib","SuperFastMode","everything is the same but u backflip on backflip"],"gold_per_floor":[18,32,44,57,57,75,75,0,0,13,13,13,30,30,30,30,30],"floor_reached":16,"playtime":593,"items_purged":["Strike_G"],"score":118,"play_id":"cded239d-9ae8-48cc-bd06-8764a71f9da2","local_time":"20210104140041","is_ascension_mode":true,"campfire_choices":[{"data":"Phantasmal Killer","floor":7,"key":"SMITH"},{"floor":12,"key":"REST"},{"data":"Leg Sweep","floor":15,"key":"SMITH"}],"circlet_count":0,"master_deck":["Strike_G","Strike_G","Defend_G","Defend_G","Defend_G","Defend_G","Survivor","Neutralize","Dodge and Roll","Dagger Throw","Phantasmal Killer+1","Quick Slash","Distraction","Leg Sweep+1"],"relics":["Ring of the Snake","Bag of Marbles","Bag of Preparation","GremlinMask"],"acts_visited":["Exordium"],"potions_floor_usage":[],"damage_taken":[{"damage":5,"enemies":"Cultist","floor":1,"turns":6},{"damage":5,"enemies":"2 Louse","floor":2,"turns":3},{"damage":0,"enemies":"Small Slimes","floor":3,"turns":3},{"damage":3,"enemies":"2 Fungi Beasts","floor":4,"turns":4},{"damage":0,"enemies":"Large Slime","floor":6,"turns":5},{"damage":17,"enemies":"Gremlin Gang","floor":10,"turns":5},{"damage":3,"enemies":"Looter","floor":13,"turns":2},{"damage":0,"enemies":"The Guardian","floor":16,"turns":6}],"seed_played":"-2059645233764446730","potions_obtained":[{"floor":2,"key":"FairyPotion"},{"floor":3,"key":"Ancient Potion"},{"floor":4,"key":"Weak Potion"},{"floor":13,"key":"ColorlessPotion"}],"is_trial":false,"path_per_floor":["M","M","M","M","?","M","R","$","T","M","?","R","M","?","R","B"],"character_chosen":"THE_SILENT","items_purchased":[],"campfire_rested":1,"item_purchase_floors":[],"current_hp_per_floor":[65,60,60,57,50,50,50,50,50,33,33,54,51,44,44,44,44],"gold":30,"neow_bonus":"REMOVE_TWO","is_daily":false,"chose_seed":false,"campfire_upgraded":2,"win_rate":0.0,"timestamp":1609736441,"path_taken":["M","M","?","M","?","M","R","$","T","M","?","R","?","?","R","BOSS"],"items_purchased_type":[],"build_version":"2020-12-22","purchased_purges":1,"victory":false,"max_hp_per_floor":[70,70,70,70,70,70,70,70,70,70,70,70,70,70,70,70,70],"card_choices":[{"not_picked":["Slice","Bane"],"picked":"Dodge and Roll","floor":1},{"not_picked":["Slice","Caltrops"],"picked":"Dagger Throw","floor":2},{"not_picked":["Outmaneuver","Deflect"],"picked":"Phantasmal Killer","floor":3},{"not_picked":["Crippling Poison","Backstab"],"picked":"Quick Slash","floor":4},{"not_picked":["Sucker Punch","Backflip"],"picked":"Distraction","floor":6},{"not_picked":["Heel Hook","Cloak And Dagger","Crippling Poison"],"picked":"SKIP","floor":10},{"not_picked":["Underhanded Strike","Acrobatics"],"picked":"Leg Sweep","floor":13}],"player_experience":148610,"relics_obtained":[{"floor":9,"key":"Bag of Preparation"}],"event_choices":[{"damage_healed":0,"gold_gain":0,"player_choice":"Success","damage_taken":7,"relics_obtained":["Bag of Marbles"],"max_hp_gain":0,"max_hp_loss":0,"event_name":"Scrap Ooze","floor":5,"gold_loss":0},{"damage_healed":0,"gold_gain":0,"player_choice":"Trade","damage_taken":0,"relics_obtained":["GremlinMask"],"max_hp_gain":0,"max_hp_loss":0,"event_name":"FaceTrader","floor":11,"gold_loss":0},{"cards_removed":["Strike_G"],"damage_healed":0,"gold_gain":0,"player_choice":"Card Removal","damage_taken":7,"max_hp_gain":0,"max_hp_loss":0,"event_name":"Golden Wing","floor":14,"gold_loss":0}],"is_beta":false,"boss_relics":[],"items_purged_floors":[8],"is_endless":false,"potions_floor_spawned":[2,3,4,13],"killed_by":"The Guardian","ascension_level":5}}