{"host":"2461dio7vetlq1z3","time":1609720644,"event":{"mods":["2.2 Compatiblity","AchievementEnabler","Aspiration","BaseMod","Better Third Choice","Friendly Minions","Minty Spire (QoL Compilation)","Relic Stats","Spicy Shops","StSLib","Waifu the Spire"],"gold_per_floor":[111,127,143,143,159,159,185,185,185,213,213,213,246,261,261,333,333,351,12,12,12,28,60,76,1,1,21,21,21,21,47,47,126,126,142,196,196,96,107,107,132,132,210,237,251,277,291,291,291,291,291,291,291,123,153,153],"floor_reached":57,"playtime":2218,"items_purged":["Strike_R","Slice"],"score":2892,"play_id":"412d9afa-5835-44bf-9080-866553546582","local_time":"20210104013724","is_ascension_mode":true,"campfire_choices":[{"data":"Bash","floor":6.0,"key":"SMITH"},{"floor":12.0,"key":"REST"},{"data":"Uppercut","floor":15.0,"key":"SMITH"},{"data":"Demon Form","floor":28.0,"key":"SMITH"},{"data":"Uppercut","floor":30.0,"key":"SMITH"},{"data":"Metallicize","floor":32,"key":"SMITH"},{"data":"Metallicize","floor":40,"key":"SMITH"},{"floor":42,"key":"RECALL"},{"data":"Metallicize","floor":49,"key":"SMITH"},{"data":"Whirlwind","floor":53,"key":"SMITH"}],"circlet_count":0,"master_deck":["AscendersBane","Defend_R","Defend_R","Defend_R","Defend_R","Bash+1","Whirlwind+1","Metallicize+1","Demon Form+1","Whirlwind+1","Flechettes","Riddle With Holes","Uppercut+1","Reaper","Limit Break+1","Uppercut+1","Necronomicurse","Exhume+1","Metallicize+1","Offering+1","Metallicize+1","Headbutt+1","Pummel+1","True Grit+1"],"relics":["Burning Blood","Mercury Hourglass","Toxic Egg 2","Bag of Marbles","Eternal Feather","Coffee Dripper","aspiration:HummingbirdHeart","Necronomicon","aspiration:DSix","Ice Cream","FossilizedHelix","Incense Burner","Philosopher\u0027s Stone","Pocketwatch","Du-Vu Doll","Regal Pillow","TungstenRod","Lizard Tail","White Beast Statue","Bronze Scales","Bottled Lightning"],"acts_visited":["Exordium","TheCity","TheBeyond","TheEnding"],"potions_floor_usage":[56,56],"damage_taken":[{"damage":1.0,"enemies":"Cultist","floor":1.0,"turns":3.0},{"damage":5.0,"enemies":"Small Slimes","floor":2.0,"turns":3.0},{"damage":4.0,"enemies":"Jaw Worm","floor":3.0,"turns":4.0},{"damage":13.0,"enemies":"Large Slime","floor":5.0,"turns":6.0},{"damage":36.0,"enemies":"Lagavulin","floor":7.0,"turns":7.0},{"damage":25.0,"enemies":"3 Sentries","floor":10.0,"turns":4.0},{"damage":12.0,"enemies":"Lagavulin","floor":13.0,"turns":5.0},{"damage":0.0,"enemies":"2 Fungi Beasts","floor":14.0,"turns":1.0},{"damage":53.0,"enemies":"Hexaghost","floor":16.0,"turns":9.0},{"damage":6.0,"enemies":"Spheric Guardian","floor":18.0,"turns":3.0},{"damage":1.0,"enemies":"Shell Parasite","floor":22.0,"turns":3.0},{"damage":27.0,"enemies":"Book of Stabbing","floor":23.0,"turns":5.0},{"damage":1.0,"enemies":"Snake Plant","floor":24.0,"turns":3.0},{"damage":2.0,"enemies":"Snecko","floor":27.0,"turns":4.0},{"damage":8.0,"enemies":"Gremlin Leader","floor":31.0,"turns":4.0},{"damage":18,"enemies":"Champ","floor":33,"turns":9},{"damage":0,"enemies":"3 Darklings","floor":35,"turns":1},{"damage":38,"enemies":"2 Orb Walkers","floor":36,"turns":4},{"damage":0,"enemies":"Orb Walker","floor":39,"turns":2},{"damage":0,"enemies":"Giant Head","floor":41,"turns":4},{"damage":6,"enemies":"Nemesis","floor":44,"turns":5},{"damage":0,"enemies":"Writhing Mass","floor":45,"turns":5},{"damage":12,"enemies":"Reptomancer","floor":46,"turns":4},{"damage":0,"enemies":"Maw","floor":47,"turns":4},{"damage":16,"enemies":"Donu and Deca","floor":50,"turns":4},{"damage":26,"enemies":"Time Eater","floor":51,"turns":8},{"damage":2,"enemies":"Shield and Spear","floor":55,"turns":2},{"damage":89,"enemies":"The Heart","floor":56,"turns":7}],"seed_played":"4136518398868764080","potions_obtained":[{"floor":2.0,"key":"Regen Potion"},{"floor":10.0,"key":"SpeedPotion"},{"floor":14.0,"key":"LiquidMemories"},{"floor":16.0,"key":"DuplicationPotion"},{"floor":23.0,"key":"LiquidBronze"},{"floor":44,"key":"FearPotion"},{"floor":55,"key":"Swift Potion"}],"is_trial":false,"path_per_floor":["M","M","M","?","M","R","E","?","T","E","?","R","E","M","R","B",null,"M","$","?","T","M","E","M","?","T","M","R","?","R","E","R","B",null,"M","?","?","$","M","R","E","R","T","E","M","E","M","T","R","B","B",null,"R","$","E","B",null],"character_chosen":"IRONCLAD","items_purchased":["aspiration:HummingbirdHeart","Bronze Scales"],"campfire_rested":1,"item_purchase_floors":[19,54],"current_hp_per_floor":[80,81,82,82,75,75,58,58,58,39,39,63,57,63,72,35,70,78,78,57,57,68,47,57,57,57,69,81,81,82,80,82,82,82,82,50,50,50,74,82,82,82,82,82,82,76,82,82,82,72,82,82,82,82,82,61],"gold":153,"neow_bonus":"TEN_PERCENT_HP_BONUS","is_daily":false,"chose_seed":false,"campfire_upgraded":8,"win_rate":0.0,"timestamp":1609720644,"path_taken":["M","?","M","?","M","R","E","?","T","E","?","R","E","M","R","BOSS","M","$","?","?","M","E","M","?","T","M","R","?","R","E","R","BOSS","M","?","?","$","?","R","E","R","T","E","M","E","M","?","R","BOSS","BOSS","R","$","E","BOSS"],"items_purchased_type":["Relic","Relic"],"build_version":"2020-12-22","purchased_purges":2,"victory":true,"max_hp_per_floor":[82,82,82,82,82,82,82,82,82,82,82,82,82,82,82,82,82,82,82,82,82,82,82,82,82,82,82,82,82,82,82,82,82,82,82,82,82,82,82,82,82,82,82,82,82,82,82,82,82,82,82,82,82,82,82,82],"relic_stats":{"Regal Pillow":0,"Lizard Tail":0,"counters":[28,123],"Bronze Scales":[105],"Eternal Feather":32,"Necronomicon":[60],"obtain_stats":[{"Ice Cream":23,"Regal Pillow":41,"Eternal Feather":13,"aspiration:HummingbirdHeart":19,"Incense Burner":31,"Burning Blood":0,"White Beast Statue":48,"Mercury Hourglass":7,"Du-Vu Doll":37,"Lizard Tail":46,"Bronze Scales":54,"Philosopher\u0027s Stone":34,"Bag of Marbles":10,"Coffee Dripper":17,"Necronomicon":20,"Bottled Lightning":55,"Toxic Egg 2":9,"aspiration:DSix":21,"FossilizedHelix":26,"TungstenRod":44,"Pocketwatch":36},{"Ice Cream":12,"Regal Pillow":20,"Eternal Feather":7,"aspiration:HummingbirdHeart":10,"Incense Burner":15,"Burning Blood":0,"White Beast Statue":24,"Mercury Hourglass":5,"Du-Vu Doll":18,"Lizard Tail":23,"Bronze Scales":26,"Philosopher\u0027s Stone":16,"Bag of Marbles":6,"Coffee Dripper":9,"Necronomicon":10,"Bottled Lightning":27,"Toxic Egg 2":5,"aspiration:DSix":10,"FossilizedHelix":13,"TungstenRod":21,"Pocketwatch":18},{"Ice Cream":53,"Regal Pillow":84,"Eternal Feather":32,"aspiration:HummingbirdHeart":45,"Incense Burner":64,"Burning Blood":0,"White Beast Statue":102,"Mercury Hourglass":23,"Du-Vu Doll":78,"Lizard Tail":98,"Bronze Scales":114,"Philosopher\u0027s Stone":73,"Bag of Marbles":27,"Coffee Dripper":42,"Necronomicon":45,"Bottled Lightning":116,"Toxic Egg 2":23,"aspiration:DSix":45,"FossilizedHelix":56,"TungstenRod":89,"Pocketwatch":78}],"Burning Blood":121,"TungstenRod":61,"Mercury Hourglass":[342],"Pocketwatch":[45]},"card_choices":[{"not_picked":["Body Slam","Havoc","Clash"],"picked":"SKIP","floor":1.0},{"not_picked":["Clothesline","Heavy Blade"],"picked":"Whirlwind","floor":2.0},{"not_picked":["Clash","Sentinel","Warcry"],"picked":"SKIP","floor":3.0},{"not_picked":["Blood for Blood","Twin Strike"],"picked":"Metallicize","floor":5.0},{"not_picked":["Dual Wield","Heavy Blade"],"picked":"Demon Form","floor":7.0},{"not_picked":["Cleave","Intimidate+1"],"picked":"Whirlwind","floor":10.0},{"not_picked":["Wild Strike","Shrug It Off+1"],"picked":"Uppercut","floor":13.0},{"not_picked":["Sword Boomerang","Whirlwind"],"picked":"Reaper","floor":14.0},{"not_picked":["Brutality","Barricade"],"picked":"Limit Break+1","floor":16.0},{"not_picked":["Heavy Blade","Sword Boomerang"],"picked":"Uppercut","floor":18.0},{"not_picked":["Thunderclap","Shrug It Off+1"],"picked":"Exhume+1","floor":22.0},{"not_picked":["Heavy Blade","Sever Soul"],"picked":"Metallicize","floor":23.0},{"not_picked":["Ghostly Armor+1","Hemokinesis","Sword Boomerang"],"picked":"SKIP","floor":24.0},{"not_picked":["Evolve","Havoc+1","Twin Strike"],"picked":"SKIP","floor":27.0},{"not_picked":["Power Through+1","Clash+1","Flex+1"],"picked":"SKIP","floor":31},{"not_picked":["Limit Break+1","Juggernaut"],"picked":"Offering+1","floor":33},{"not_picked":["Headbutt","Flex+1"],"picked":"Metallicize","floor":35},{"not_picked":["Twin Strike+1","Heavy Blade"],"picked":"Headbutt+1","floor":39},{"not_picked":["Havoc+1","Combust","Thunderclap+1"],"picked":"SKIP","floor":41},{"not_picked":["Infernal Blade+1","Berserk","Pummel+1"],"picked":"SKIP","floor":44},{"not_picked":["Infernal Blade+1","Berserk"],"picked":"Pummel+1","floor":44},{"not_picked":["Rage+1","Clash","Body Slam"],"picked":"SKIP","floor":45},{"not_picked":["Brutality","Armaments+1","Clothesline"],"picked":"SKIP","floor":46},{"not_picked":["Clothesline+1","Inflame"],"picked":"True Grit+1","floor":47},{"not_picked":["Thunderclap","Havoc+1","Sword Boomerang+1"],"picked":"SKIP","floor":55}],"player_experience":1044599,"relics_obtained":[{"floor":7.0,"key":"Mercury Hourglass"},{"floor":9.0,"key":"Toxic Egg 2"},{"floor":10.0,"key":"Bag of Marbles"},{"floor":13.0,"key":"Eternal Feather"},{"floor":20.0,"key":"Necronomicon"},{"floor":21.0,"key":"aspiration:DSix"},{"floor":23.0,"key":"Ice Cream"},{"floor":26.0,"key":"FossilizedHelix"},{"floor":31,"key":"Incense Burner"},{"floor":36,"key":"Pocketwatch"},{"floor":41,"key":"Regal Pillow"},{"floor":44,"key":"TungstenRod"},{"floor":46,"key":"Lizard Tail"},{"floor":48,"key":"White Beast Statue"},{"floor":55,"key":"Bottled Lightning"}],"event_choices":[{"damage_healed":0.0,"max_hp_gain":0.0,"max_hp_loss":0.0,"gold_gain":0.0,"event_name":"Living Wall","player_choice":"Grow","floor":4.0,"gold_loss":0.0,"damage_taken":0.0,"cards_upgraded":["Whirlwind"]},{"damage_healed":0.0,"max_hp_gain":0.0,"max_hp_loss":0.0,"gold_gain":0.0,"event_name":"betterThird:BetterSerpent","player_choice":"Ignored","floor":8.0,"gold_loss":0.0,"damage_taken":185.0},{"damage_healed":0.0,"max_hp_gain":0.0,"max_hp_loss":0.0,"gold_gain":0.0,"event_name":"Cursed Tome","player_choice":"Obtained Book","floor":20.0,"gold_loss":0.0,"damage_taken":21.0},{"cards_removed":["Strike_R"],"damage_healed":0.0,"max_hp_gain":0.0,"max_hp_loss":0.0,"gold_gain":0.0,"event_name":"Beggar","player_choice":"Gave Gold","floor":25.0,"gold_loss":75.0,"damage_taken":0.0},{"damage_healed":0.0,"max_hp_gain":0.0,"max_hp_loss":0.0,"gold_gain":0.0,"event_name":"Vampires","player_choice":"Ignored","floor":29.0,"gold_loss":0.0,"damage_taken":0.0},{"damage_healed":0,"gold_gain":0,"player_choice":"Fight","damage_taken":0,"max_hp_gain":0,"max_hp_loss":0,"event_name":"Mysterious Sphere","floor":36,"gold_loss":0},{"damage_healed":0,"gold_gain":0,"player_choice":"Gave Potion","damage_taken":0,"relics_obtained":["Du-Vu Doll"],"max_hp_gain":0,"max_hp_loss":0,"event_name":"WeMeetAgain","floor":37,"gold_loss":0}],"is_beta":false,"boss_relics":[{"not_picked":["Cursed Key","aspiration:FutureDiary"],"picked":"Coffee Dripper"},{"not_picked":["Tiny House","Calling Bell"],"picked":"Philosopher\u0027s Stone"}],"items_purged_floors":[19,38],"is_endless":false,"potions_floor_spawned":[2,10,14,16,23,27,44,46,55],"ascension_level":20}}