{"host":"g5zc4ej6zn2at89o","time":1609769208,"event":{"mods":["2.2 Compatiblity","AchievementEnabler","BaseMod","Colored Map","DeckTracker","Highlight Path","KOR Keyword Fix","Keyboard Shortcuts","Minty Spire (QoL Compilation)","Permanent Neow","Quick Restart","Say the Spire","StSLib","SuperFastMode","everything is the same but u backflip on backflip"],"gold_per_floor":[109,128,6,6,81,81,115,115,115,115,44,54,65,83,83,179,179,199,211,21,21,38,72,72,89,139,139,139,158,158,170,170,265,265,275,275,286,336,336,336],"floor_reached":39,"playtime":1845,"items_purged":["Defend_R","Regret"],"score":428,"play_id":"496b7dd9-a971-4479-948d-9dc1f9be8d1c","local_time":"20210104230648","is_ascension_mode":false,"campfire_choices":[{"data":"Bash","floor":6.0,"key":"SMITH"},{"floor":8.0,"key":"REST"},{"data":"Flex","floor":10.0,"key":"SMITH"},{"data":"Heavy Blade","floor":15.0,"key":"SMITH"},{"floor":24.0,"key":"REST"},{"data":"Demon Form","floor":28.0,"key":"SMITH"},{"floor":30.0,"key":"REST"},{"floor":32.0,"key":"REST"}],"circlet_count":0,"master_deck":["Bash+1","Anger","Flex+1","Shockwave","Spot Weakness","Heavy Blade+1","Shrug It Off","Demon Form+1","Sentinel","Headbutt+1","Impervious+1","Shame","Heavy Blade+1","Flex+1","Limit Break+1","Clash","Metallicize","Reaper","Havoc+1","Flame Barrier+1","Bludgeon","Uppercut","Spot Weakness+1","Sword Boomerang+1","Shrug It Off+1"],"relics":["Burning Blood","Incense Burner","Paper Frog","Smiling Mask","Singing Bowl","Black Star","War Paint","Toxic Egg 2","Unceasing Top","Lantern","Pandora\u0027s Box","Peace Pipe"],"acts_visited":["Exordium","TheCity","TheBeyond"],"potions_floor_usage":[38,38,38,38],"damage_taken":[{"damage":1.0,"enemies":"2 Louse","floor":1.0,"turns":3.0},{"damage":1.0,"enemies":"Jaw Worm","floor":2.0,"turns":3.0},{"damage":29.0,"enemies":"Gremlin Nob","floor":7.0,"turns":4.0},{"damage":2.0,"enemies":"Cultist","floor":12.0,"turns":3.0},{"damage":16.0,"enemies":"Large Slime","floor":13.0,"turns":6.0},{"damage":0.0,"enemies":"Exordium Wildlife","floor":14.0,"turns":2.0},{"damage":22.0,"enemies":"Hexaghost","floor":16.0,"turns":6.0},{"damage":13.0,"enemies":"Chosen","floor":18.0,"turns":5.0},{"damage":20.0,"enemies":"Spheric Guardian","floor":19.0,"turns":5.0},{"damage":2.0,"enemies":"Centurion and Healer","floor":22.0,"turns":8.0},{"damage":75.0,"enemies":"Slavers","floor":23.0,"turns":7.0},{"damage":16.0,"enemies":"Cultist and Chosen","floor":25.0,"turns":8.0},{"damage":0.0,"enemies":"Sentry and Sphere","floor":27.0,"turns":2.0},{"damage":23.0,"enemies":"3 Cultists","floor":29.0,"turns":6.0},{"damage":13.0,"enemies":"Shelled Parasite and Fungi","floor":31.0,"turns":5.0},{"damage":46.0,"enemies":"Champ","floor":33.0,"turns":7.0},{"damage":53.0,"enemies":"3 Darklings","floor":35.0,"turns":7.0},{"damage":40.0,"enemies":"3 Shapes","floor":37.0,"turns":5.0},{"damage":60,"enemies":"2 Orb Walkers","floor":38,"turns":6},{"damage":53,"enemies":"Spire Growth","floor":39,"turns":7}],"seed_played":"-2991166110671964132","potions_obtained":[{"floor":2.0,"key":"Strength Potion"},{"floor":7.0,"key":"GamblersBrew"},{"floor":13.0,"key":"Regen Potion"},{"floor":19.0,"key":"Regen Potion"},{"floor":25.0,"key":"SmokeBomb"},{"floor":29.0,"key":"PowerPotion"},{"floor":33.0,"key":"SpeedPotion"},{"floor":36.0,"key":"EntropicBrew"},{"floor":36.0,"key":"Dexterity Potion"}],"is_trial":false,"path_per_floor":["M","M","$","?","?","R","E","R","T","R","$","M","M","M","R","B",null,"M","M","$","?","M","E","R","M","T","M","R","M","R","M","R","B",null,"M","?","M","?","M"],"character_chosen":"IRONCLAD","items_purchased":["Flex","Shockwave","Impervious"],"campfire_rested":4,"item_purchase_floors":[3,11,20],"current_hp_per_floor":[72,72,72,72,61,61,38,59,59,59,59,63,53,59,59,43,72,65,51,51,51,72,17,39,29,29,35,35,20,42,37,60,20,78,78,78,80,45,0,0],"gold":336,"neow_bonus":"ONE_RARE_RELIC","is_daily":false,"chose_seed":false,"campfire_upgraded":4,"win_rate":0.0,"timestamp":1609769208,"path_taken":["M","M","$","?","?","R","E","R","T","R","?","M","M","M","R","BOSS","M","M","$","?","M","E","R","M","T","M","R","M","R","M","R","BOSS","M","?","?","?","M"],"items_purchased_type":["Card","Card","Card"],"build_version":"2020-12-22","purchased_purges":2,"victory":false,"max_hp_per_floor":[72,72,72,72,72,72,72,72,72,72,72,72,72,72,72,72,72,72,72,72,72,74,74,74,74,74,74,74,76,76,78,78,78,78,78,78,80,80,80,80],"card_choices":[{"not_picked":["Perfected Strike","Clothesline"],"picked":"Anger","floor":1.0},{"not_picked":["Warcry","Body Slam","Clothesline"],"picked":"SKIP","floor":2.0},{"not_picked":["Wild Strike","Havoc","Thunderclap"],"picked":"SKIP","floor":7.0},{"not_picked":["Warcry","Iron Wave"],"picked":"Spot Weakness","floor":12.0},{"not_picked":["Barricade","Clash"],"picked":"Heavy Blade","floor":13.0},{"not_picked":["Clash","Wild Strike"],"picked":"Shrug It Off","floor":14.0},{"not_picked":["Immolate","Brutality"],"picked":"Demon Form","floor":16.0},{"not_picked":["Whirlwind+1","Thunderclap"],"picked":"Sentinel","floor":18.0},{"not_picked":["Reckless Charge+1","Body Slam"],"picked":"Headbutt+1","floor":19.0},{"not_picked":["Iron Wave+1","Clothesline","Sentinel"],"picked":"Singing Bowl","floor":22.0},{"not_picked":["Warcry+1","Pummel"],"picked":"Heavy Blade+1","floor":23.0},{"not_picked":["Body Slam","Headbutt+1"],"picked":"Flex+1","floor":25.0},{"not_picked":["Pommel Strike","Disarm+1","Second Wind+1"],"picked":"Singing Bowl","floor":29.0},{"not_picked":["Combust","Thunderclap","Twin Strike"],"picked":"Singing Bowl","floor":31.0},{"not_picked":["Barricade","Feed"],"picked":"Limit Break+1","floor":33.0},{"not_picked":["Headbutt+1","Rupture+1"],"picked":"Sword Boomerang+1","floor":35.0},{"not_picked":["Rampage","Flex+1","Wild Strike+1"],"picked":"Singing Bowl","floor":37.0},{"not_picked":["Second Wind+1","Uppercut+1"],"picked":"Shrug It Off+1","floor":38}],"player_experience":95796,"relics_obtained":[{"floor":7.0,"key":"Smiling Mask"},{"floor":9.0,"key":"Singing Bowl"},{"floor":23.0,"key":"Toxic Egg 2"},{"floor":23.0,"key":"Unceasing Top"},{"floor":26.0,"key":"Lantern"},{"floor":38,"key":"Peace Pipe"}],"event_choices":[{"damage_healed":0.0,"max_hp_gain":0.0,"max_hp_loss":0.0,"gold_gain":0.0,"event_name":"Big Fish","player_choice":"Box","floor":4.0,"gold_loss":0.0,"damage_taken":0.0,"relics_obtained":["Paper Frog"],"cards_obtained":["Regret"]},{"damage_healed":0.0,"max_hp_gain":0.0,"max_hp_loss":0.0,"gold_gain":75.0,"event_name":"World of Goop","player_choice":"Gather Gold","floor":5.0,"gold_loss":0.0,"damage_taken":11.0},{"damage_healed":0.0,"max_hp_gain":0.0,"max_hp_loss":0.0,"gold_gain":0.0,"event_name":"Addict","player_choice":"Stole Relic","floor":21.0,"gold_loss":0.0,"damage_taken":0.0,"relics_obtained":["War Paint"],"cards_obtained":["Shame"]},{"damage_healed":0.0,"max_hp_gain":0.0,"max_hp_loss":0.0,"gold_gain":0.0,"event_name":"Lab","player_choice":"Got Potions","floor":36.0,"gold_loss":0.0,"damage_taken":0.0},{"damage_healed":0,"gold_gain":0,"player_choice":"Fight","damage_taken":0,"max_hp_gain":0,"max_hp_loss":0,"event_name":"Mysterious Sphere","floor":38,"gold_loss":0}],"is_beta":false,"boss_relics":[{"not_picked":["Runic Cube","Sozu"],"picked":"Black Star"},{"not_picked":["Runic Dome","Empty Cage"],"picked":"Pandora\u0027s Box"}],"items_purged_floors":[3,20],"is_endless":false,"potions_floor_spawned":[2,7,13,19,25,29,33],"killed_by":"Spire Growth","ascension_level":0}}