{"host":"2lvuisjyit3p3u01","time":1609769896,"event":{"mods":["Act Like it!","BaseMod","Bestiary","Better Synergies","CapriCore","Colored Map","Colored Powertips","Duelist Mod","GifTheSpireLib","Minty Spire (QoL Compilation)","Quick Restart","Replay The Spire","StSLib"],"gold_per_floor":[136,136,161,181,106,106,6,6,6,6,26,26,100,118,118,263,263,281,291,84,100,118,197,229,229,229,249,249,249,4,4,4,103,103,123,73,73,73,73,73,106,106,106,106,136,154,188,204,204,204],"floor_reached":51,"playtime":2452,"items_purged":["theDuelist:CastleWalls","theDuelist:CastleWalls","theDuelist:BeaverWarrior","theDuelist:Sparks"],"score":784,"play_id":"a59b8b85-1a4e-4c6e-b8b3-9a58076f7614","local_time":"20210104161816","is_ascension_mode":true,"campfire_choices":[{"data":"theDuelist:SwordDeepSeated","floor":6,"key":"SMITH"},{"floor":15,"key":"REST"},{"data":"theDuelist:MillenniumGolem","floor":25,"key":"SMITH"},{"data":"theDuelist:DeltaMagnet","floor":29,"key":"SMITH"},{"data":"theDuelist:Reinforcements","floor":32,"key":"SMITH"},{"data":"theDuelist:AmuletAmbition+2","floor":40,"key":"SMITH"},{"data":"theDuelist:AmuletAmbition+3","floor":42,"key":"SMITH"},{"data":"theDuelist:AmuletAmbition+4","floor":44,"key":"SMITH"},{"data":"theDuelist:FuryFire+1","floor":49,"key":"SMITH"}],"circlet_count":0,"master_deck":["theDuelist:SwordDeepSeated+1","theDuelist:BeaverWarrior+1","theDuelist:FinalFlame+1","theDuelist:GiantSoldier+1","theDuelist:GiantSoldier+1","theDuelist:Sparks+1","theDuelist:Eva+1","theDuelist:CrystalRaigeki+1","theDuelist:DokiDoki+1","theDuelist:Tuningware+1","theDuelist:FuryFire+2","theDuelist:KamionTimelord+1","theDuelist:RainbowNeos+1","theDuelist:MillenniumGolem+1","theDuelist:HappyLover+1","theDuelist:DeltaMagnet+1","theDuelist:Reinforcements+1","theDuelist:AmuletAmbition+5","theDuelist:MillenniumGolem+1","theDuelist:HappyLover+1"],"relics":["theDuelist:MillenniumPuzzle","theDuelist:CardPoolRelic","theDuelist:CardPoolBasicRelic","theDuelist:BoosterPackPoolRelic","theDuelist:CardPoolAddRelic","theDuelist:CardPoolMinusRelic","theDuelist:CardPoolSaveRelic","theDuelist:CardPoolOptionsRelic","Calipers","theDuelist:MetronomeRelicB","Bottled Flame","Ring of Fury","ReplayTheSpireMod:Ring of Challenge","Smiling Mask","Ooze Armor","Bag of Marbles","ReplayTheSpireMod:Spearhead","Gambling Chip","theDuelist:DuelistTeaSet","Paper Crane","Black Star","Mark of the Bloom","theDuelist:ElectricToken","King of Hearts","ReplayTheSpireMod:Shallot","Nunchaku","Unceasing Top","Strawberry","Carrot"],"acts_visited":["Exordium","TheCity","TheBeyond"],"potions_floor_usage":[16,23,33,33,50,50,50],"damage_taken":[{"damage":0,"enemies":"Cultist","floor":1,"turns":4},{"damage":0,"enemies":"Jaw Worm","floor":4,"turns":3},{"damage":0,"enemies":"2 Louse","floor":11,"turns":1},{"damage":23,"enemies":"Gremlin Nob","floor":13,"turns":4},{"damage":5,"enemies":"Blue Slaver","floor":14,"turns":2},{"damage":23,"enemies":"Slime Boss","floor":16,"turns":5},{"damage":0,"enemies":"2 Thieves","floor":18,"turns":3},{"damage":0,"enemies":"Chosen","floor":19,"turns":2},{"damage":0,"enemies":"Sentry and Sphere","floor":21,"turns":3},{"damage":9,"enemies":"Shelled Parasite and Fungi","floor":22,"turns":3},{"damage":10,"enemies":"Book of Stabbing","floor":23,"turns":4},{"damage":0,"enemies":"Centurion and Healer","floor":24,"turns":3},{"damage":0,"enemies":"3 Cultists","floor":27,"turns":2},{"damage":0,"enemies":"Collector","floor":33,"turns":6},{"damage":0,"enemies":"3 Shapes","floor":35,"turns":1},{"damage":0,"enemies":"Nemesis","floor":41,"turns":5},{"damage":2,"enemies":"Giant Head","floor":45,"turns":8},{"damage":0,"enemies":"Orb Walker","floor":46,"turns":3},{"damage":0,"enemies":"R_Hoarder","floor":47,"turns":5},{"damage":0,"enemies":"Sphere and 2 Shapes","floor":48,"turns":2},{"damage":0,"enemies":"Replay:Hell Engine","floor":50,"turns":5}],"seed_played":"-5287045402181099685","potions_obtained":[{"floor":1,"key":"FocusPotion"},{"floor":16,"key":"theDuelist:SealedPackC"},{"floor":18,"key":"Weak Potion"},{"floor":21,"key":"PowerPotion"},{"floor":23,"key":"SpeedPotion"},{"floor":33,"key":"Elixir"},{"floor":41,"key":"theDuelist:SummonFuryPotion"}],"is_trial":false,"path_per_floor":["M","?","?","M","$","R","$","?","T","$","M","?","E","M","R","B",null,"M","M","$","M","M","E","M","R","T","M","?","R","$","?","R","B",null,"M","$","?","?","?","R","E","R","T","R","E","M","E","M","R","B",null],"character_chosen":"THE_DUELIST","items_purchased":["Bag of Marbles","Paper Crane"],"campfire_rested":1,"item_purchase_floors":[20,30],"current_hp_per_floor":[80,80,48,48,48,48,48,42,42,42,42,42,19,14,38,15,80,80,80,80,80,71,61,61,61,61,61,61,61,61,61,61,61,80,80,80,80,80,80,80,80,80,80,80,78,78,78,78,78,78],"gold":204,"neow_bonus":"THREE_CARDS","is_daily":false,"chose_seed":false,"campfire_upgraded":8,"win_rate":0.0,"timestamp":1609769896,"path_taken":["M","?","?","M","$","R","$","?","T","?","M","?","E","?","R","BOSS","M","M","$","M","M","E","M","R","T","M","?","R","$","?","R","BOSS","M","$","?","?","?","R","E","R","T","R","E","?","E","M","R","BOSS"],"items_purchased_type":["Relic","Relic"],"build_version":"2020-12-22","purchased_purges":4,"victory":true,"max_hp_per_floor":[80,80,80,80,80,80,80,80,80,80,80,80,80,80,80,80,80,80,80,80,80,80,80,80,80,80,80,80,80,80,80,80,80,80,80,80,80,80,80,80,80,80,80,80,80,80,87,87,87,87],"card_choices":[{"not_picked":["theDuelist:PowerKaishin","theDuelist:WormApocalypse"],"picked":"theDuelist:Eva","floor":0},{"not_picked":["theDuelist:VendreadCharge","theDuelist:LightningBlade"],"picked":"theDuelist:CrystalRaigeki","floor":1},{"not_picked":["theDuelist:DoubleTool","theDuelist:CombinationAttack","theDuelist:Downbeat","theDuelist:AfterTheStorm","theDuelist:Invigoration"],"picked":"SKIP","floor":4},{"not_picked":["theDuelist:WormWarlord","theDuelist:SphereKuriboh","theDuelist:Electrowhip","theDuelist:TimeSeal"],"picked":"theDuelist:DokiDoki","floor":11},{"not_picked":["theDuelist:DeltaAttacker","theDuelist:AfterTheStorm","theDuelist:SilverApples","theDuelist:DarkBurningAttack"],"picked":"theDuelist:Tuningware","floor":13},{"not_picked":["theDuelist:BattleOx","theDuelist:FutureFusion","theDuelist:SphereKuriboh","theDuelist:GreyGreedOni"],"picked":"theDuelist:FuryFire","floor":14},{"not_picked":["theDuelist:YamiForm","theDuelist:SwordsRevealing","theDuelist:PineappleBlast","theDuelist:LightLaser"],"picked":"theDuelist:KamionTimelord","floor":16},{"not_picked":["theDuelist:WhiteMagicalHat","theDuelist:SpiritHarp","theDuelist:Eva+1","theDuelist:KamionTimelord"],"picked":"theDuelist:RainbowNeos+1","floor":18},{"not_picked":["theDuelist:ImperialOrder","theDuelist:Electrowhip","theDuelist:ElectromagneticShield","theDuelist:MiraculousDescent"],"picked":"SKIP","floor":19},{"not_picked":["theDuelist:HammerShot","theDuelist:LightningRodLord","theDuelist:ClearKuriboh","theDuelist:MudGolem"],"picked":"theDuelist:MillenniumGolem","floor":21},{"not_picked":["theDuelist:RainbowNeos","theDuelist:KamionTimelord","theDuelist:Eva","theDuelist:YellowBelliedOni"],"picked":"theDuelist:HappyLover","floor":22},{"not_picked":["theDuelist:BattleOx+1","theDuelist:ScrapFactory+1","theDuelist:BattleFootballer","theDuelist:DarkHole","theDuelist:DokiDoki"],"picked":"SKIP","floor":23},{"not_picked":["theDuelist:Hinotama","theDuelist:CoreBlaster","theDuelist:SwordDeepSeated","theDuelist:FairyBox","theDuelist:GravityBlaster"],"picked":"SKIP","floor":24},{"not_picked":["theDuelist:ImperialOrder","theDuelist:GravityAxe","theDuelist:Electrowhip","theDuelist:ElectromagneticShield"],"picked":"SKIP","floor":27},{"not_picked":["theDuelist:Raigeki","theDuelist:FeatherShot+1","theDuelist:Mathematician","theDuelist:KamionTimelord"],"picked":"theDuelist:AmuletAmbition+1","floor":33},{"not_picked":["theDuelist:LightningDarts","theDuelist:Mudora+1","theDuelist:BattleOx","theDuelist:GaiaMidNightSun+1"],"picked":"theDuelist:MillenniumGolem+1","floor":35},{"not_picked":["theDuelist:RainbowNeos+1","theDuelist:HappyLover+1","theDuelist:Eva","theDuelist:RainbowKuriboh","theDuelist:RainbowOverdragon"],"picked":"SKIP","floor":41},{"not_picked":["theDuelist:SpellShatteringArrow+1","theDuelist:Eva","theDuelist:RainbowNeos+1","theDuelist:MagnumShield+1","theDuelist:BigKoala+1"],"picked":"SKIP","floor":45},{"not_picked":["theDuelist:RainbowNeos","theDuelist:KamionTimelord","theDuelist:HappyLover","theDuelist:Eva+1","theDuelist:RainbowOverdragon+1"],"picked":"SKIP","floor":46},{"not_picked":["theDuelist:SpellShatteringArrow","theDuelist:CoreBlaster","theDuelist:CombinationAttack+1","theDuelist:BigFire","theDuelist:SparkBlaster+4"],"picked":"SKIP","floor":47},{"not_picked":["theDuelist:SpellShatteringArrow","theDuelist:WhiteMagicalHat+1","theDuelist:Eva+1","theDuelist:MeteorDestruction+1","theDuelist:StarBlast"],"picked":"SKIP","floor":48}],"player_experience":246841,"relics_obtained":[{"floor":3,"key":"Calipers"},{"floor":9,"key":"Bottled Flame"},{"floor":12,"key":"Ring of Fury"},{"floor":12,"key":"ReplayTheSpireMod:Ring of Challenge"},{"floor":13,"key":"Smiling Mask"},{"floor":23,"key":"ReplayTheSpireMod:Spearhead"},{"floor":24,"key":"Gambling Chip"},{"floor":26,"key":"theDuelist:DuelistTeaSet"},{"floor":41,"key":"theDuelist:ElectricToken"},{"floor":41,"key":"King of Hearts"},{"floor":43,"key":"ReplayTheSpireMod:Shallot"},{"floor":45,"key":"Nunchaku"},{"floor":45,"key":"Unceasing Top"},{"floor":47,"key":"Strawberry"},{"floor":47,"key":"Carrot"}],"event_choices":[{"damage_healed":0,"gold_gain":0,"player_choice":"Traded Scrap Factory for Sword of Deep","duelist":true,"damage_taken":0,"max_hp_gain":0,"max_hp_loss":0,"event_name":"Card Trader","floor":2,"gold_loss":0},{"damage_healed":0,"gold_gain":0,"player_choice":"Dig - random Duelist relic","duelist":true,"damage_taken":0,"max_hp_gain":0,"max_hp_loss":0,"event_name":"Aknamkanon\u0027s Tomb","floor":8,"gold_loss":0},{"damage_healed":0,"gold_gain":0,"player_choice":"Delta Electro","duelist":true,"damage_taken":0,"max_hp_gain":0,"max_hp_loss":0,"event_name":"Egyptian Village","floor":28,"gold_loss":0,"cards_obtained":["Delta Electromagnet Warrior"]},{"damage_healed":0,"gold_gain":0,"player_choice":"Read","damage_taken":0,"max_hp_gain":0,"max_hp_loss":0,"event_name":"The Library","floor":31,"gold_loss":0,"cards_obtained":["theDuelist:Reinforcements"]},{"damage_healed":0,"gold_gain":0,"player_choice":"Leave","duelist":true,"damage_taken":0,"max_hp_gain":0,"max_hp_loss":0,"event_name":"Tomb of the Nameless","floor":37,"gold_loss":0},{"damage_healed":0,"gold_gain":0,"player_choice":"Upgrade","damage_taken":0,"relics_obtained":["Mark of the Bloom"],"max_hp_gain":0,"max_hp_loss":0,"event_name":"MindBloom","floor":38,"gold_loss":0,"cards_upgraded":["theDuelist:BeaverWarrior","theDuelist:FinalFlame","theDuelist:GiantSoldier","theDuelist:GiantSoldier","theDuelist:Sparks","theDuelist:Eva","theDuelist:CrystalRaigeki","theDuelist:DokiDoki","theDuelist:Tuningware","theDuelist:FuryFire","theDuelist:KamionTimelord","theDuelist:HappyLover","theDuelist:AmuletAmbition"]},{"damage_healed":0,"gold_gain":0,"player_choice":"Copied","damage_taken":0,"max_hp_gain":0,"max_hp_loss":0,"event_name":"Duplicator","floor":39,"gold_loss":0,"cards_obtained":["theDuelist:HappyLover"]}],"is_beta":false,"boss_relics":[{"not_picked":["Painkiller Herb","Coffee Dripper"],"picked":"Ooze Armor"},{"not_picked":["HoveringKite","Snecko Eye"],"picked":"Black Star"}],"items_purged_floors":[5,7,20,36],"is_endless":false,"potions_floor_spawned":[1,16,18,21,23,33,41,45],"ascension_level":1}}