{"host":"3vgzk5mhz751jdrj","time":1609774044,"event":{"mods":["2.2 Compatiblity","AchievementEnabler","Act Like it!","Aspiration","BaseMod","Better Match","Better Note","Better Sensory Stone","Better Skull","Better Third Choice","Block Reminder","Colored Map","Conspire","Displayed Cursed Tome","Downfall","Friendly Minions","GifTheSpireLib","Halation","Hubris","Marked Mod","Mimic Mod","Minty Spire (QoL Compilation)","Quick Restart","Rare Cards Sparkle","Replay The Spire","Reworked Bosses","Shop Mod","Spicy Shops","Spikes Relics","StSLib","Stuff the Spire","Trackpad","vexMod"],"gold_per_floor":[99,112,112,131,142,142,191,101,129,141,66,51,63,94,116,227,239,176,203,215,212,238,250,289,301,313,356,368,411,423,470,502,616,628,640,669,681,712,804,816,852,864,393,409,419,429,704,20,39,39],"floor_reached":51,"playtime":8245,"items_purged":[],"score":855,"play_id":"d7cfe186-e28d-4791-8d69-764f4aa50965","local_time":"20210104102724","is_ascension_mode":true,"campfire_choices":[{"data":"hexamod:Float","floor":1,"key":"SMITH"},{"data":"hexamod:FastForward","floor":6,"key":"SMITH"},{"floor":11,"key":"REST"},{"data":"hexamod:FastForward","floor":18,"key":"SMITH"},{"data":"hexamod:HeatShield","floor":23,"key":"SMITH"},{"data":"hexamod:RadiantFlame","floor":25,"key":"SMITH"},{"floor":30,"key":"REST"},{"data":"hexamod:RecurringNightmare","floor":35,"key":"SMITH"},{"floor":40,"key":"RECALL"}],"circlet_count":0,"master_deck":["hexamod:Sear","hexamod:Float+1","hexamod:FastForward+1","hexamod:ExtraCrispy","hexamod:FastForward+1","hexamod:ExtraCrispy","hexamod:SpectersWail","hexamod:HeatShield+1","hexamod:HeatShield+1","hexamod:ShieldOfDarkness","hexamod:ParanormalForm","hexamod:Hexaguard","hexamod:ApocalypseNow","hexamod:RadiantFlame+1","Ghostly","Ghostly","Ghostly","hexamod:CouncilsJustice","hexamod:CouncilsJustice","hexamod:CouncilsJustice","hexamod:RainOfEmbers+1","hexamod:RecurringNightmare+1","hexamod:VolcanoVisage","hexamod:ShieldOfDarkness+1","hexamod:UnleashSpirits","hexamod:EmpoweredFlame","hexamod:StepThrough+1"],"relics":["hexamod:SpiritBrand","halation:OrihimeAndHikoboshiSamaAndTears","downfall:HeartBlessingBlue","hexamod:IceCube","downfall:HeartBlessingGreen","Tiny Chest","Mercury Hourglass","SnailShell","Pet Ghost","Philosopher\u0027s Stone","StuffTheSpire:RubySignet","Blue Doll","Replay:WaspNest","StuffTheSpire:Tea","halation:Komachan","HandDrill","MerchantsRug","trackpad:BottledShadow","vexMod:FocusSash","aspiration:ChemicalBlood"],"acts_visited":["Exordium","TheCity","TheBeyond"],"potions_floor_usage":[9,12,13,16,21,21,29,33,46,46,50],"damage_taken":[{"damage":5,"enemies":"Jaw Worm","floor":2,"turns":3},{"damage":1,"enemies":"Cultist","floor":4,"turns":3},{"damage":6,"enemies":"2 Louse","floor":5,"turns":2},{"damage":0,"enemies":"downfall:FleeingMerchant","floor":8,"turns":4},{"damage":49,"enemies":"Gremlin Nob","floor":9,"turns":6},{"damage":1,"enemies":"Blue Slaver","floor":10,"turns":4},{"damage":0,"enemies":"downfall:FleeingMerchant","floor":12,"turns":4},{"damage":9,"enemies":"Exordium Wildlife","floor":13,"turns":5},{"damage":16,"enemies":"Lagavulin","floor":14,"turns":7},{"damage":0,"enemies":"3 Louse","floor":15,"turns":3},{"damage":9,"enemies":"downfall:Ironclad","floor":16,"turns":9},{"damage":0,"enemies":"Chosen","floor":19,"turns":5},{"damage":16,"enemies":"downfall:FleeingMerchant","floor":21,"turns":4},{"damage":6,"enemies":"Snecko","floor":22,"turns":4},{"damage":8,"enemies":"Book of Stabbing","floor":27,"turns":4},{"damage":6,"enemies":"conspire:Head Lice","floor":29,"turns":4},{"damage":6,"enemies":"Replay:Snechameleon","floor":31,"turns":5},{"damage":1,"enemies":"Cultist and Chosen","floor":32,"turns":5},{"damage":6,"enemies":"downfall:Watcher","floor":33,"turns":7},{"damage":1,"enemies":"3 Darklings","floor":36,"turns":5},{"damage":0,"enemies":"3 Shapes","floor":38,"turns":5},{"damage":1,"enemies":"downfall:FleeingMerchant","floor":43,"turns":4},{"damage":0,"enemies":"Jaw Worm Horde","floor":44,"turns":3},{"damage":18,"enemies":"Sphere and 2 Shapes","floor":45,"turns":4},{"damage":0,"enemies":"Transient","floor":46,"turns":5},{"damage":1,"enemies":"Spire Growth","floor":49,"turns":4},{"damage":8,"enemies":"downfall:Defect","floor":50,"turns":6}],"seed_played":"5726667252055384589","potions_obtained":[{"floor":5,"key":"Languid Potion"},{"floor":9,"key":"hexamod:InfernoChargePotion"},{"floor":10,"key":"SkillPotion"},{"floor":15,"key":"Energy Potion"},{"floor":16,"key":"LiquidMemories"},{"floor":19,"key":"Adrenaline Potion"},{"floor":22,"key":"SteroidPotion"},{"floor":29,"key":"hexamod:DoubleChargePotion"},{"floor":32,"key":"LifebloodPotion"},{"floor":36,"key":"Regen Potion"},{"floor":46,"key":"LiquidBronze"},{"floor":49,"key":"Strength Potion"}],"is_trial":false,"path_per_floor":["R","M","?","M","M","R","T","$","E","M","R","$","M","E","M","B",null,"R","M","?","$","M","R","T","R","?","E","?","E","R","E","M","B",null,"R_BF","M","?","M","T","R","T","?","$","M","M","M","?","$","M","B",null],"character_chosen":"THE_SPIRIT","items_purchased":["hexamod:HeatShield","Omamori","Replay:WaspNest","StuffTheSpire:Tea","halation:Komachan","HandDrill","PrismaticShard","MerchantsRug","trackpad:BottledShadow","vexMod:FocusSash","aspiration:ChemicalBlood"],"campfire_rested":2,"item_purchase_floors":[8,43,43,43,43,48,48,48,48,48,48],"current_hp_per_floor":[70,65,65,64,58,58,58,58,9,8,42,42,33,17,17,8,80,80,80,72,56,50,50,50,50,40,32,32,26,38,32,31,25,40,40,39,39,39,39,39,39,39,38,38,20,35,35,35,34,26],"gold":39,"neow_bonus":"THREE_CARDS","is_daily":false,"chose_seed":false,"campfire_upgraded":6,"win_rate":0.0,"timestamp":1609774044,"path_taken":["R","M","?","M","M","R","T","$","E","?","R","$","M","E","M","BOSS","R","M","?","$","?","R","T","R","?","E","?","E","R","E","M","BOSS","R_BF","M","?","M","?","R","T","?","$","M","M","M","?","$","M","BOSS"],"items_purchased_type":["Card","Relic","Relic","Relic","Relic","Relic","Relic","Relic","Relic","Relic","Relic"],"build_version":"2020-12-22","purchased_purges":0,"victory":true,"max_hp_per_floor":[70,70,70,70,70,70,70,70,70,70,80,80,80,80,80,80,80,80,80,80,80,80,80,80,80,40,40,40,40,40,40,40,40,40,40,40,40,40,40,40,40,40,40,40,40,40,40,40,40,40],"card_choices":[{"not_picked":["hexamod:Firestarter","hexamod:AdvancingGuard"],"picked":"hexamod:FastForward","floor":0},{"not_picked":["hexamod:BacktrackSmack","hexamod:Firestarter"],"picked":"hexamod:ExtraCrispy","floor":2},{"not_picked":["hexamod:InspiringFlames","hexamod:HeatMetal"],"picked":"hexamod:FastForward","floor":4},{"not_picked":["hexamod:NightmareStrike","hexamod:RainOfEmbers"],"picked":"hexamod:ExtraCrispy","floor":5},{"not_picked":["hexamod:BacktrackSmack","hexamod:InspiringFlames"],"picked":"hexamod:SpectersWail","floor":8},{"not_picked":["hexamod:AdvancingGuard","hexamod:Haunt"],"picked":"hexamod:HeatShield","floor":9},{"not_picked":["hexamod:BurningTouch","hexamod:ThirdSeal"],"picked":"hexamod:ShieldOfDarkness","floor":10},{"not_picked":["hexamod:SwordOfDarkness","hexamod:Hexaguard"],"picked":"hexamod:ParanormalForm","floor":12},{"not_picked":["hexamod:PhantomCloak","hexamod:HeatShield","hexamod:SpectralSpark"],"picked":"SKIP","floor":13},{"not_picked":["hexamod:ThermalTransfer","hexamod:RainOfEmbers"],"picked":"hexamod:Hexaguard","floor":14},{"not_picked":["hexamod:ThermalTransfer","hexamod:FastForward","hexamod:Hexaguard"],"picked":"SKIP","floor":15},{"not_picked":["hexamod:Toasty","hexamod:UnlimitedPower"],"picked":"hexamod:ApocalypseNow","floor":16},{"not_picked":["hexamod:BurningTouch","hexamod:GhostShield","hexamod:Firestarter"],"picked":"SKIP","floor":19},{"not_picked":["hexamod:TimeOfNeed","hexamod:ExtraCrispy"],"picked":"hexamod:RadiantFlame","floor":21},{"not_picked":["hexamod:NightmareGuise","hexamod:ThirdSeal","hexamod:BurningTouch"],"picked":"SKIP","floor":22},{"not_picked":["hexamod:GhostflameInferno","hexamod:BacktrackSmack"],"picked":"hexamod:RainOfEmbers+1","floor":27},{"not_picked":["hexamod:GhostOfSpireFuture","hexamod:DynamicBlow+1","hexamod:SecondSeal"],"picked":"SKIP","floor":29},{"not_picked":["hexamod:AdvancingGuard","hexamod:GhostShield+1"],"picked":"hexamod:VolcanoVisage","floor":31},{"not_picked":["hexamod:ThermalTransfer","hexamod:SpectersWail"],"picked":"hexamod:ShieldOfDarkness+1","floor":32},{"not_picked":["hexamod:VolcanoVisage","hexamod:TimeOfNeed"],"picked":"hexamod:UnleashSpirits","floor":33},{"not_picked":["hexamod:BurningTouch+1","hexamod:Hexaguard+1","hexamod:InspiringFlames"],"picked":"SKIP","floor":36},{"not_picked":["hexamod:ThermalTransfer","hexamod:BacktrackSmack+1","hexamod:GhostShield+1"],"picked":"SKIP","floor":38},{"not_picked":["hexamod:InspiringFlames","hexamod:GhostShield"],"picked":"hexamod:EmpoweredFlame","floor":43},{"not_picked":["hexamod:NecessarySacrifice","hexamod:HeatShield+1"],"picked":"hexamod:StepThrough+1","floor":44},{"not_picked":["hexamod:SpectersWail","hexamod:PhantomFireball+1","hexamod:StepThrough"],"picked":"SKIP","floor":45},{"not_picked":["hexamod:BurningTouch+1","hexamod:RetreatToShadows+1","hexamod:BacktrackSmack"],"picked":"SKIP","floor":46},{"not_picked":["hexamod:CatchUp+1","hexamod:PhantomFireball+1","hexamod:GhostShield+1"],"picked":"SKIP","floor":49}],"player_experience":292490,"relics_obtained":[{"floor":9,"key":"halation:OrihimeAndHikoboshiSamaAndTears"},{"floor":14,"key":"MawBank"},{"floor":24,"key":"Tiny Chest"},{"floor":27,"key":"Mercury Hourglass"},{"floor":29,"key":"SnailShell"},{"floor":31,"key":"Pet Ghost"},{"floor":39,"key":"StuffTheSpire:RubySignet"},{"floor":41,"key":"Blue Doll"}],"event_choices":[{"cards_removed":["hexamod:Defend"],"damage_healed":0,"gold_gain":0,"player_choice":"Offered Basic","damage_taken":0,"max_hp_gain":0,"max_hp_loss":0,"event_name":"Bonfire Elementals","floor":3,"gold_loss":0},{"damage_healed":0,"gold_gain":0,"player_choice":"Read","damage_taken":0,"max_hp_gain":0,"max_hp_loss":0,"event_name":"The Library","floor":28,"gold_loss":0,"cards_obtained":["hexamod:RecurringNightmare"]},{"damage_healed":0,"gold_gain":0,"player_choice":"Leave","damage_taken":0,"max_hp_gain":0,"max_hp_loss":0,"event_name":"conspire:Investor","floor":42,"gold_loss":0}],"is_beta":false,"boss_relics":[{"not_picked":["hubris:GrandSneckoEye","halation:Prosthetics"],"picked":"hexamod:IceCube"},{"not_picked":["Cursed Key","aspiration:FutureDiary"],"picked":"Philosopher\u0027s Stone"}],"items_purged_floors":[],"is_endless":false,"potions_floor_spawned":[5,9,10,15,16,19,22,29,32,36,46,49],"ascension_level":1}}