{"host":"ch74xfb1n85e86fc","time":1609727509,"event":{"mods":["AchievementEnabler","BaseMod","Colored Map","DeckTracker","Minty Spire (QoL Compilation)","Relic Stats","StSLib","SuperFastMode","everything is the same but u backflip on backflip"],"gold_per_floor":[110,110,128,146,18,43,43,43,43,62,72,72,72,85,85,183,183,183,183,195,208,227,227,127,144,144,155,155,165,183,233,233,335,335,352,84,94,114,114,139,149,162,241,241,51,51,51,51],"floor_reached":47,"playtime":1970,"items_purged":["Defend_G","Strike_G","Strike_G","Strike_G"],"score":463,"play_id":"a4b40a9f-5d98-4067-a819-44c43f08c342","local_time":"20210104113149","is_ascension_mode":false,"campfire_choices":[{"floor":8.0,"key":"REST"},{"data":"Tools of the Trade","floor":12.0,"key":"SMITH"},{"data":"Calculated Gamble","floor":15.0,"key":"SMITH"},{"data":"A Thousand Cuts","floor":23.0,"key":"SMITH"},{"data":"Calculated Gamble","floor":32,"key":"SMITH"}],"circlet_count":0,"master_deck":["Strike_G+1","Strike_G","Defend_G","Defend_G","Defend_G","Defend_G","Survivor","Neutralize","Tools of the Trade+1","Predator","Flying Knee","Deadly Poison","Well Laid Plans+1","Dagger Throw","Blade Dance+1","Calculated Gamble+1","A Thousand Cuts+1","Noxious Fumes+1","Deflect+1","Escape Plan+1","Crippling Poison+1","Calculated Gamble+1","Phantasmal Killer+1","Backflip+1","Dodge and Roll+1","Backflip+1","Footwork+1","Calculated Gamble"],"relics":["Ring of the Snake","Tough Bandages","MealTicket","StoneCalendar","Sundial","Philosopher\u0027s Stone","Vajra","Runic Pyramid","Centennial Puzzle","War Paint"],"acts_visited":["Exordium","TheCity","TheBeyond"],"potions_floor_usage":[33,33,40],"damage_taken":[{"damage":5.0,"enemies":"Jaw Worm","floor":1.0,"turns":5.0},{"damage":0.0,"enemies":"Small Slimes","floor":3.0,"turns":2.0},{"damage":0.0,"enemies":"2 Louse","floor":4.0,"turns":3.0},{"damage":21.0,"enemies":"3 Sentries","floor":6.0,"turns":10.0},{"damage":3.0,"enemies":"Red Slaver","floor":10.0,"turns":4.0},{"damage":10.0,"enemies":"Exordium Wildlife","floor":11.0,"turns":4.0},{"damage":1.0,"enemies":"Gremlin Gang","floor":14.0,"turns":4.0},{"damage":5.0,"enemies":"Slime Boss","floor":16.0,"turns":7.0},{"damage":0.0,"enemies":"3 Byrds","floor":18.0,"turns":2.0},{"damage":18.0,"enemies":"2 Thieves","floor":20.0,"turns":4.0},{"damage":4.0,"enemies":"Cultist and Chosen","floor":21.0,"turns":5.0},{"damage":4.0,"enemies":"Centurion and Healer","floor":22.0,"turns":5.0},{"damage":6,"enemies":"Snecko","floor":25,"turns":4},{"damage":7,"enemies":"Snake Plant","floor":27,"turns":3},{"damage":2,"enemies":"Cultist and Chosen","floor":29,"turns":6},{"damage":6,"enemies":"3 Cultists","floor":30,"turns":4},{"damage":21,"enemies":"Collector","floor":33,"turns":6},{"damage":0,"enemies":"3 Darklings","floor":35,"turns":4},{"damage":11,"enemies":"Orb Walker","floor":37,"turns":3},{"damage":11,"enemies":"Writhing Mass","floor":38,"turns":6},{"damage":36,"enemies":"Nemesis","floor":40,"turns":7},{"damage":0,"enemies":"4 Shapes","floor":41,"turns":3},{"damage":3,"enemies":"Maw","floor":42,"turns":7},{"damage":0,"enemies":"Writhing Mass","floor":47,"turns":1}],"seed_played":"-6602976680658311030","potions_obtained":[{"floor":1.0,"key":"Regen Potion"},{"floor":3.0,"key":"CunningPotion"},{"floor":6.0,"key":"FearPotion"},{"floor":16.0,"key":"SmokeBomb"},{"floor":20.0,"key":"PowerPotion"},{"floor":21.0,"key":"DuplicationPotion"},{"floor":22.0,"key":"Swift Potion"},{"floor":33,"key":"LiquidMemories"},{"floor":35,"key":"CultistPotion"}],"is_trial":false,"path_per_floor":["M","?","M","M","$","E","?","R","T","M","M","R","T","M","R","B",null,"M","?","M","M","M","R","$","M","T","M","?","M","M","?","R","B",null,"M","$","M","M","?","E","M","M","T","?","$","?","M"],"character_chosen":"THE_SILENT","items_purchased":["Poisoned Stab","Centennial Puzzle","Calculated Gamble"],"campfire_rested":1,"item_purchase_floors":[5,36,45],"current_hp_per_floor":[65,53,53,53,53,32,18,39,39,36,26,26,26,25,25,35,70,70,70,52,48,44,44,59,53,53,46,46,44,38,38,38,17,70,70,70,59,48,48,12,12,9,9,61,61,61,61,61],"gold":51,"neow_bonus":"ONE_RANDOM_RARE_CARD","is_daily":false,"chose_seed":false,"campfire_upgraded":4,"win_rate":0.0,"timestamp":1609727509,"path_taken":["M","?","M","M","$","E","?","R","T","M","M","R","?","M","R","BOSS","M","?","M","M","M","R","$","M","T","?","?","?","M","?","R","BOSS","M","$","M","M","?","E","M","?","T","?","$","?","M"],"items_purchased_type":["Card","Relic","Card"],"build_version":"2020-12-22","purchased_purges":4,"victory":false,"max_hp_per_floor":[70,70,70,70,70,70,70,70,70,70,70,70,70,70,70,70,70,70,70,70,70,70,70,70,70,70,70,70,70,70,70,70,70,70,70,70,70,70,70,70,70,70,70,61,61,61,61,61],"relic_stats":{"Tough Bandages":[540],"Centennial Puzzle":[12],"counters":[24,109],"Sundial":[14],"MealTicket":15,"StoneCalendar":[6],"War Paint":["Phantasmal Killer","Blade Dance"],"obtain_stats":[{"Tough Bandages":2,"Centennial Puzzle":36,"Sundial":13,"Vajra":26,"MealTicket":6,"StoneCalendar":9,"Philosopher\u0027s Stone":17,"War Paint":40,"Ring of the Snake":0,"Runic Pyramid":34},{"Tough Bandages":1,"Centennial Puzzle":18,"Sundial":6,"Vajra":13,"MealTicket":4,"StoneCalendar":4,"Philosopher\u0027s Stone":8,"War Paint":21,"Ring of the Snake":0,"Runic Pyramid":17},{"Tough Bandages":5,"Centennial Puzzle":82,"Sundial":28,"Vajra":59,"MealTicket":20,"StoneCalendar":20,"Philosopher\u0027s Stone":39,"War Paint":98,"Ring of the Snake":0,"Runic Pyramid":78}],"Ring of the Snake":[48]},"card_choices":[{"not_picked":["All Out Attack","Deadly Poison"],"picked":"Predator","floor":1.0},{"not_picked":["Deflect","Finisher"],"picked":"Flying Knee","floor":3.0},{"not_picked":["Footwork","Underhanded Strike"],"picked":"Deadly Poison","floor":4.0},{"not_picked":["Quick Slash","Heel Hook"],"picked":"Well Laid Plans","floor":6.0},{"not_picked":["Bouncing Flask","Dodge and Roll"],"picked":"Dagger Throw","floor":10.0},{"not_picked":["Deadly Poison","Deflect"],"picked":"Blade Dance","floor":11.0},{"not_picked":["Escape Plan","Flying Knee"],"picked":"Calculated Gamble","floor":14.0},{"not_picked":["Burst","After Image"],"picked":"A Thousand Cuts","floor":16.0},{"not_picked":["Sucker Punch+1","Quick Slash"],"picked":"Noxious Fumes+1","floor":20.0},{"not_picked":["Backstab+1","Flying Knee"],"picked":"Deflect+1","floor":21.0},{"not_picked":["Quick Slash+1","Dodge and Roll"],"picked":"Escape Plan+1","floor":22.0},{"not_picked":["Quick Slash","Deadly Poison","Deflect+1"],"picked":"SKIP","floor":25},{"not_picked":["Catalyst","Flying Knee+1"],"picked":"Crippling Poison","floor":27},{"not_picked":["Flechettes","Backstab","Slice"],"picked":"SKIP","floor":29},{"not_picked":["Deadly Poison","Backflip"],"picked":"Calculated Gamble","floor":30},{"not_picked":["Tools of the Trade","Bullet Time"],"picked":"Phantasmal Killer","floor":33},{"not_picked":["Quick Slash+1","Caltrops","Skewer"],"picked":"SKIP","floor":35},{"not_picked":["Poisoned Stab","Dagger Throw+1"],"picked":"Backflip+1","floor":37},{"not_picked":["Flying Knee","Distraction","Bane+1"],"picked":"SKIP","floor":38},{"not_picked":["Flying Knee","Leg Sweep+1"],"picked":"Dodge and Roll+1","floor":40},{"not_picked":["Acrobatics+1","Blade Dance"],"picked":"Backflip+1","floor":41},{"not_picked":["Finisher","Poisoned Stab+1"],"picked":"Footwork+1","floor":42}],"player_experience":19886,"relics_obtained":[{"floor":6.0,"key":"MealTicket"},{"floor":9.0,"key":"StoneCalendar"},{"floor":13.0,"key":"Sundial"},{"floor":26,"key":"Vajra"},{"floor":40,"key":"War Paint"}],"event_choices":[{"damage_healed":0.0,"max_hp_gain":0.0,"max_hp_loss":0.0,"gold_gain":0.0,"event_name":"Scrap Ooze","player_choice":"Success","floor":2.0,"gold_loss":0.0,"damage_taken":12.0,"relics_obtained":["Tough Bandages"]},{"damage_healed":0.0,"max_hp_gain":0.0,"max_hp_loss":0.0,"gold_gain":0.0,"event_name":"Shining Light","player_choice":"Entered Light","floor":7.0,"gold_loss":0.0,"damage_taken":14.0,"cards_upgraded":["Well Laid Plans","Strike_G"]},{"damage_healed":0.0,"max_hp_gain":0.0,"max_hp_loss":0.0,"gold_gain":0.0,"event_name":"Wheel of Change","player_choice":"Full Heal","floor":19.0,"gold_loss":0.0,"damage_taken":0.0},{"damage_healed":0,"gold_gain":0,"player_choice":"Forge","damage_taken":0,"max_hp_gain":0,"max_hp_loss":0,"event_name":"Accursed Blacksmith","floor":28,"gold_loss":0,"cards_upgraded":["Crippling Poison"]},{"damage_healed":0,"gold_gain":100,"player_choice":"Bet on Murderer","damage_taken":0,"max_hp_gain":0,"max_hp_loss":0,"event_name":"The Joust","floor":31,"gold_loss":50},{"damage_healed":0,"gold_gain":0,"player_choice":"Ignored","damage_taken":0,"max_hp_gain":0,"max_hp_loss":0,"event_name":"SecretPortal","floor":39,"gold_loss":0},{"damage_healed":61,"gold_gain":0,"player_choice":"Heal","damage_taken":0,"max_hp_gain":0,"max_hp_loss":9,"event_name":"The Moai Head","floor":44,"gold_loss":0},{"cards_removed":["Poisoned Stab"],"damage_healed":0,"gold_gain":0,"player_choice":"Removed Attack","damage_taken":0,"max_hp_gain":0,"max_hp_loss":0,"event_name":"Falling","floor":46,"gold_loss":0}],"is_beta":false,"boss_relics":[{"not_picked":["Astrolabe","Tiny House"],"picked":"Philosopher\u0027s Stone"},{"not_picked":["SlaversCollar","Sozu"],"picked":"Runic Pyramid"}],"items_purged_floors":[5,24,36,45],"is_endless":false,"potions_floor_spawned":[1,3,6,11,16,20,21,22,30,33,35,38],"killed_by":"Writhing Mass","ascension_level":0}}