{"host":"ci7ivtocgfxh0ueo","time":1609726332,"event":{"mods":["BaseMod","GifTheSpireLib","Minty Spire (QoL Compilation)","StSLib"],"gold_per_floor":[114,3,153,170,95,95,112,112,112,112,112,126,141,160,160,239,239,253,31,31,41,41,41,41,41,41,41,59,59,59],"floor_reached":29,"playtime":582,"items_purged":["Doubt"],"score":394,"play_id":"b0eb4efa-2d5e-4b26-9b8c-8a52265e5764","local_time":"20210104101212","is_ascension_mode":true,"campfire_choices":[{"data":"Heavy Blade","floor":6,"key":"SMITH"},{"data":"Seeing Red","floor":11,"key":"SMITH"},{"data":"Armaments","floor":15,"key":"SMITH"},{"floor":23,"key":"REST"},{"floor":27,"key":"REST"}],"circlet_count":0,"master_deck":["AscendersBane","Strike_R+1","Strike_R+1","Strike_R+1","Defend_R+1","Defend_R+1","Defend_R+1","Bash","Sever Soul","Heavy Blade+1","Seeing Red+1","Armaments+1","Reaper","Exhume","Cleave","Infernal Blade+1","Feed","Twin Strike"],"relics":["Burning Blood","MealTicket","StrikeDummy","Runic Cube","Toy Ornithopter","Art of War"],"acts_visited":["Exordium","TheCity"],"potions_floor_usage":[16,16,18,21],"damage_taken":[{"damage":19,"enemies":"Jaw Worm","floor":1,"turns":4},{"damage":10,"enemies":"Small Slimes","floor":4,"turns":3},{"damage":6,"enemies":"Cultist","floor":7,"turns":3},{"damage":11,"enemies":"Looter","floor":12,"turns":2},{"damage":8,"enemies":"Exordium Wildlife","floor":13,"turns":3},{"damage":13,"enemies":"3 Louse","floor":14,"turns":3},{"damage":43,"enemies":"The Guardian","floor":16,"turns":12},{"damage":48,"enemies":"Shell Parasite","floor":18,"turns":7},{"damage":13,"enemies":"Chosen","floor":21,"turns":4},{"damage":32,"enemies":"Centurion and Healer","floor":28,"turns":5},{"damage":62,"enemies":"Book of Stabbing","floor":29,"turns":4}],"seed_played":"6061136925320377984","potions_obtained":[{"floor":16,"key":"BloodPotion"}],"is_trial":false,"path_per_floor":["M","$","?","M","$","R","M","$","T","?","R","M","M","M","R","B",null,"M","$","?","M","?","R","?","?","T","R","M","E"],"character_chosen":"IRONCLAD","items_purchased":["Strength Potion","Strength Potion","Toy Ornithopter","AttackPotion"],"campfire_rested":2,"item_purchase_floors":[2,2,19,19],"current_hp_per_floor":[55,70,70,66,75,75,75,75,75,75,75,70,68,61,61,24,62,33,48,27,25,25,49,49,49,49,73,47,0,0],"gold":59,"neow_bonus":"RANDOM_COMMON_RELIC","is_daily":false,"chose_seed":false,"campfire_upgraded":3,"win_rate":0.0,"timestamp":1609726332,"path_taken":["M","$","?","M","$","R","M","$","T","?","R","?","M","M","R","BOSS","M","$","?","M","?","R","?","?","T","R","M","E"],"items_purchased_type":["Potion","Potion","Relic","Potion"],"build_version":"2020-12-22","purchased_purges":1,"victory":false,"max_hp_per_floor":[75,75,75,75,75,75,75,75,75,75,75,75,75,75,75,75,75,75,75,80,80,80,80,80,80,80,80,80,80,80],"card_choices":[{"not_picked":["Twin Strike","Perfected Strike"],"picked":"Sever Soul","floor":1},{"not_picked":["Twin Strike","Clothesline"],"picked":"Heavy Blade","floor":4},{"not_picked":["Heavy Blade","Warcry"],"picked":"Seeing Red","floor":7},{"not_picked":["Dual Wield","Headbutt","Heavy Blade"],"picked":"SKIP","floor":12},{"not_picked":["Reckless Charge","Havoc"],"picked":"Armaments","floor":13},{"not_picked":["True Grit","Armaments"],"picked":"Reaper","floor":14},{"not_picked":["Impervious","Brutality"],"picked":"Exhume","floor":16},{"not_picked":["Rupture","Shrug It Off"],"picked":"Cleave","floor":18},{"not_picked":["Entrench+1","Feel No Pain"],"picked":"Infernal Blade+1","floor":21},{"not_picked":["Burning Pact","Sword Boomerang","Sentinel"],"picked":"SKIP","floor":28}],"player_experience":1320566,"relics_obtained":[{"floor":9,"key":"StrikeDummy"},{"floor":26,"key":"Art of War"}],"event_choices":[{"damage_healed":0,"gold_gain":150,"player_choice":"AGREE","damage_taken":0,"max_hp_gain":0,"max_hp_loss":0,"event_name":"Liars Game","floor":3,"gold_loss":0,"cards_obtained":["Doubt"]},{"cards_removed":["Strike_R"],"damage_healed":0,"gold_gain":0,"player_choice":"Purged","damage_taken":0,"max_hp_gain":0,"max_hp_loss":0,"event_name":"Purifier","floor":10,"gold_loss":0},{"damage_healed":0,"gold_gain":0,"player_choice":"Shed Blood","damage_taken":26,"max_hp_gain":5,"max_hp_loss":0,"event_name":"Forgotten Altar","floor":20,"gold_loss":0},{"damage_healed":0,"gold_gain":0,"cards_transformed":["Strike_R","Defend_R"],"player_choice":"Became Test Subject","damage_taken":0,"max_hp_gain":0,"max_hp_loss":0,"event_name":"Drug Dealer","floor":22,"gold_loss":0,"cards_obtained":["Feed","Twin Strike"]},{"damage_healed":0,"gold_gain":0,"player_choice":"Ignored","damage_taken":0,"max_hp_gain":0,"max_hp_loss":0,"event_name":"Cursed Tome","floor":24,"gold_loss":0},{"damage_healed":0,"gold_gain":0,"player_choice":"Simplicity","damage_taken":0,"max_hp_gain":0,"max_hp_loss":0,"event_name":"Back to Basics","floor":25,"gold_loss":0,"cards_upgraded":["Strike_R","Strike_R","Strike_R","Defend_R","Defend_R","Defend_R"]}],"is_beta":false,"boss_relics":[{"not_picked":["Ectoplasm","Velvet Choker"],"picked":"Runic Cube"}],"items_purged_floors":[5],"is_endless":false,"potions_floor_spawned":[7,13,14,16],"killed_by":"Book of Stabbing","ascension_level":17}}