{"host":"08z5bj28eube4vug","time":1609804384,"event":{"mods":["2.2 Compatiblity","Abigail Mod","Act Like it!","BaseMod","Beaked The Cultist","Bestiary","Friendly Minions","Gensokyo","GungeonMod","Hallownest","Kiyohime????","Koishi","Lobotomy","Marisa????????","Minty Spire (QoL Compilation)","Prisma Mod","Remilia??????","Replay The Spire","StSLib","Td1madao Mod","The Alterego","The Bug Knight","The Jungle","The Sage","The Senshi","The Servant 0.9.4","Waifu the Spire","WarShipGirlsR/????R mod","Yuri Mod"],"gold_per_floor":[117,117,135,153,153,153,186,200,255,98,123,100,100,131,131,232,232,251,55,55,88,54,54,87,87,87,100,100,100,130,130,130,233,233,253,243,33,33,33,67,67,67,67,97,97,97,109,121,121,168,168,168],"floor_reached":53,"playtime":2686,"items_purged":[],"score":1086,"play_id":"cba5519a-c751-461f-bebf-3785091b5e2e","local_time":"20210105025304","is_ascension_mode":true,"campfire_choices":[{"data":"MysteriousBeam","floor":6,"key":"SMITH"},{"data":"FairyDestructionRay","floor":13,"key":"SMITH"},{"data":"MilkyWay","floor":15,"key":"SMITH"},{"data":"MillisecondPulsars","floor":23,"key":"SMITH"},{"floor":25,"key":"REST"},{"floor":32,"key":"REST"},{"floor":41,"key":"REST"},{"data":"Acceleration","floor":46,"key":"SMITH"},{"data":"DeepEcoloBomb","floor":49,"key":"SMITH"},{"data":"MilkyWay","floor":51,"key":"SMITH"}],"circlet_count":0,"master_deck":["Strike_MRS","Strike_MRS","Strike_MRS","Defend_MRS","Defend_MRS","Defend_MRS","Defend_MRS","MasterSpark+1","UpSweep","FairyDestructionRay+1","MysteriousBeam+1","ShootingEcho","6A+1","MilkyWay+1","MilkyWay+1","MillisecondPulsars+1","beaked:WalkersFury+1","SporeBomb+1","AsteroidBelt","DoubleSpark+1","MysteriousBeam+1","Acceleration+1","OrrerysSun+1","DeepEcoloBomb+1","OrrerysSun+1","AsteroidBelt+1","6A","BlazeAway+1","Parasite","MysteriousBeam+1","OrrerysSun"],"relics":["MiniHakkero","GremlinMask","Calipers","Replay:Baseball","Juzu Bracelet","DemoMod:WhiteGuonStone","Mummified Hand","beaked:SacredDeck","ClockworkSouvenir","Red Mask","Gremlin Food","yuri:PortableGlitches","Centennial Puzzle","MutagenicStrength","Onion Ring","Snecko Heart","Simple Rune","Mirror","Pet Ghost","DemoMod:GlassGuonStoneRelic","HornCleat","Turnip"],"acts_visited":["Exordium","TheCity","TheBeyond"],"potions_floor_usage":[7,11,16,18,24,30,33,40,44,52,52],"damage_taken":[{"damage":0,"enemies":"Small Slimes","floor":1,"turns":1},{"damage":0,"enemies":"Cultist","floor":3,"turns":4},{"damage":8,"enemies":"Jaw Worm","floor":4,"turns":3},{"damage":12,"enemies":"Gremlin Nob","floor":7,"turns":4},{"damage":0,"enemies":"Large Slime","floor":8,"turns":3},{"damage":13,"enemies":"3 Sentries","floor":11,"turns":5},{"damage":12,"enemies":"Lagavulin","floor":14,"turns":4},{"damage":17,"enemies":"Fading Forest","floor":16,"turns":11},{"damage":10,"enemies":"2 Thieves","floor":18,"turns":3},{"damage":11,"enemies":"Masked Bandits","floor":21,"turns":3},{"damage":23,"enemies":"Gremlin Leader","floor":24,"turns":5},{"damage":6,"enemies":"Chosen","floor":27,"turns":3},{"damage":0,"enemies":"Book of Stabbing","floor":30,"turns":3},{"damage":0,"enemies":"Pondfish","floor":33,"turns":5},{"damage":0,"enemies":"Orb Walker","floor":35,"turns":1},{"damage":13,"enemies":"Reptomancer","floor":40,"turns":4},{"damage":0,"enemies":"Nemesis","floor":44,"turns":3},{"damage":0,"enemies":"3 Shapes","floor":47,"turns":3},{"damage":0,"enemies":"Writhing Mass","floor":48,"turns":3},{"damage":0,"enemies":"2 Orb Walkers","floor":50,"turns":2},{"damage":0,"enemies":"Time Eater","floor":52,"turns":7}],"seed_played":"-7417415583236609453","potions_obtained":[{"floor":1,"key":"DemoMod:LeadSkinPotion"},{"floor":3,"key":"Venom Potion"},{"floor":7,"key":"Languid Potion"},{"floor":11,"key":"Fruit Juice"},{"floor":14,"key":"Dexterity Potion"},{"floor":16,"key":"Dexterity Potion"},{"floor":24,"key":"Reflective Coating"},{"floor":30,"key":"Fire Potion"},{"floor":40,"key":"ColorlessPotion"},{"floor":47,"key":"Strength Potion"},{"floor":48,"key":"AttackPotion"}],"is_trial":false,"path_per_floor":["M","?","M","M","?","R","E","M","T","$","E","$","R","E","R","B",null,"M","$","?","?","$","R","E","R","T","M","?","?","E","?","R","B",null,"M","?","$","?","?","E","R","PTL","PTL","E","T","R","M","M","R","?","R","B",null],"character_chosen":"MARISA","items_purchased":["Juzu Bracelet","MilkyWay","ClockworkSouvenir","AsteroidBelt","MysteriousBeam+1","Simple Rune","OrrerysSun+1"],"campfire_rested":3,"item_purchase_floors":[10,12,19,19,22,37,37],"current_hp_per_floor":[75,75,75,67,60,60,48,48,48,48,40,40,40,28,28,19,80,70,70,70,59,59,59,36,60,60,58,58,58,62,62,80,80,80,80,80,80,80,80,67,80,80,80,80,80,80,80,80,80,80,80,80],"gold":168,"neow_bonus":"TRANSFORM_CARD","is_daily":false,"chose_seed":false,"campfire_upgraded":7,"win_rate":0.0,"timestamp":1609804384,"path_taken":["M","?","?","M","?","R","E","M","T","$","E","?","R","E","R","BOSS","M","$","?","?","$","R","E","R","T","M","?","?","E","?","R","BOSS","M","?","$","?","?","E","R","PTL","PTL","E","T","R","M","M","R","?","R","BOSS"],"items_purchased_type":["Relic","Card","Relic","Card","Card","Relic","Card"],"build_version":"2020-12-22","purchased_purges":0,"victory":true,"max_hp_per_floor":[75,75,75,75,75,75,75,75,75,75,80,80,80,80,80,80,80,80,80,80,80,80,80,80,80,80,80,80,80,80,80,80,80,80,80,80,80,80,80,80,80,80,80,80,80,80,80,80,80,80,80,80],"card_choices":[{"not_picked":["PulseMagic","GasGiant"],"picked":"FairyDestructionRay","floor":1},{"not_picked":["GrandCross","DC","StarlightTyphoon"],"picked":"SKIP","floor":3},{"not_picked":["PowerUp","AsteroidBelt"],"picked":"MysteriousBeam","floor":4},{"not_picked":["OneTimeOff","SatelliteIllusion"],"picked":"ShootingEcho","floor":7},{"not_picked":["Orbital","WitchLeyline"],"picked":"6A","floor":8},{"not_picked":["CollectingQuirk","WitchLeyline","DarkSpark"],"picked":"SKIP","floor":11},{"not_picked":["DragonMeteor","FairyDestructionRay"],"picked":"MilkyWay","floor":14},{"not_picked":["UltimateShortwave","StarDustReverie"],"picked":"MillisecondPulsars","floor":16},{"not_picked":["NonDirectionalLaser+1","MeteoricShower"],"picked":"SporeBomb+1","floor":18},{"not_picked":["DC","IllusionStar+1"],"picked":"DoubleSpark","floor":21},{"not_picked":["DoubleSpark","DC"],"picked":"EarthLightRay","floor":24},{"not_picked":["WitchOfGreed","6A","MillisecondPulsars"],"picked":"SKIP","floor":27},{"not_picked":["WitchOfGreed+1","EnergyRecoil"],"picked":"Acceleration","floor":30},{"not_picked":["GalacticHalo+1","OpenUniverse+1"],"picked":"OrrerysSun+1","floor":35},{"not_picked":[],"picked":"DeepEcoloBomb","floor":36},{"not_picked":["DoubleSpark","ShootingEcho+1"],"picked":"AsteroidBelt+1","floor":40},{"not_picked":["Acceleration+1","EventHorizon"],"picked":"6A","floor":44},{"not_picked":["GrandCross","SporeBomb+1"],"picked":"BlazeAway+1","floor":47},{"not_picked":["StarlightTyphoon+1","LuminesStrike"],"picked":"MysteriousBeam+1","floor":48},{"not_picked":["DragonMeteor+1","ShootingEcho+1"],"picked":"OrrerysSun","floor":50}],"player_experience":737943,"relics_obtained":[{"floor":7,"key":"Calipers"},{"floor":9,"key":"Replay:Baseball"},{"floor":11,"key":"DemoMod:WhiteGuonStone"},{"floor":14,"key":"Mummified Hand"},{"floor":21,"key":"Red Mask"},{"floor":24,"key":"Gremlin Food"},{"floor":26,"key":"yuri:PortableGlitches"},{"floor":30,"key":"Onion Ring"},{"floor":40,"key":"Mirror"},{"floor":44,"key":"Pet Ghost"},{"floor":45,"key":"HornCleat"},{"floor":50,"key":"Turnip"}],"event_choices":[{"damage_healed":0,"gold_gain":0,"player_choice":"Trade","damage_taken":0,"relics_obtained":["GremlinMask"],"max_hp_gain":0,"max_hp_loss":0,"event_name":"FaceTrader","floor":2,"gold_loss":0},{"cards_removed":["DarkSpark"],"damage_healed":0,"gold_gain":0,"player_choice":"Card Removal","damage_taken":7,"max_hp_gain":0,"max_hp_loss":0,"event_name":"Golden Wing","floor":5,"gold_loss":0},{"damage_healed":0,"gold_gain":0,"player_choice":"Fought Bandits","damage_taken":0,"max_hp_gain":0,"max_hp_loss":0,"event_name":"Masked Bandits","floor":21,"gold_loss":0},{"damage_healed":0,"gold_gain":0,"player_choice":"Opened","damage_taken":0,"relics_obtained":["Centennial Puzzle"],"max_hp_gain":0,"max_hp_loss":0,"event_name":"The Mausoleum","floor":28,"gold_loss":0},{"damage_healed":0,"gold_gain":0,"player_choice":"Inject Mutagens","damage_taken":0,"relics_obtained":["MutagenicStrength"],"max_hp_gain":0,"max_hp_loss":0,"event_name":"Drug Dealer","floor":29,"gold_loss":0},{"damage_healed":0,"gold_gain":0,"player_choice":"Ignored","damage_taken":0,"max_hp_gain":0,"max_hp_loss":0,"event_name":"Vampires","floor":31,"gold_loss":0},{"damage_healed":0,"gold_gain":0,"player_choice":"Forge","damage_taken":0,"max_hp_gain":0,"max_hp_loss":0,"event_name":"Accursed Blacksmith","floor":38,"gold_loss":0,"cards_upgraded":["beaked:WalkersFury"]},{"cards_removed":["EarthLightRay"],"damage_healed":0,"gold_gain":0,"player_choice":"Removed Skill","damage_taken":0,"max_hp_gain":0,"max_hp_loss":0,"event_name":"Falling","floor":39,"gold_loss":0},{"damage_healed":0,"gold_gain":0,"player_choice":"Fight","damage_taken":0,"max_hp_gain":0,"max_hp_loss":0,"event_name":"Mysterious Sphere","floor":50,"gold_loss":0}],"is_beta":false,"boss_relics":[{"not_picked":["Ring of Chaos","sagemod:Falmels_Amulet"],"picked":"beaked:SacredDeck"},{"not_picked":["Abe\u0027s Treasure","Kintsugi"],"picked":"Snecko Heart"}],"items_purged_floors":[],"is_endless":false,"potions_floor_spawned":[1,3,7,11,14,16,24,30,40,47,48,50],"ascension_level":4}}