{"host":"ixqzyafodex1tsi5","time":1609762047,"event":{"mods":["ATMod(°¢èªMod)","AchievementEnabler","Act Like it!","BaseMod","Gensokyo","GifTheSpireLib","Lobotomy","LobotomyExtend","Luminous","Minty Spire (QoL Compilation)","Relic Stats","Replay The Spire","RumiaBox-Â¶Ã×æ«µÄÉñÃØºÐ×Ó","Shop Mod","Spicy Shops","StSLib","The Cursed","[IsaacMod]ÒÔÈö¼âËþ","¡¾¹¦ÄÜMod¡¿»ìãçÖ®»·ÐÞ¸´²¹¶¡","¡¾ÒÅÎï¿¨ÅÆ¡¿REMEMod"],"gold_per_floor":[367,403,421,433,433,464,80,155,206,206,13,43,43,66,66,183,183,218,268,302,302,338,393,424,524,570,570,604,640,640,670,670,795,795,823,846,846,876,908,908,961,992,992,855,877,909,909,909,909,937,937],"floor_reached":52,"playtime":1415,"items_purged":[],"score":1133,"play_id":"d8837458-868c-4967-ba3e-abfd60ab3df0","local_time":"20210104200727","is_ascension_mode":false,"campfire_choices":[{"data":"AT_CaressingTears","floor":15,"key":"SMITH"},{"floor":27,"key":"RECALL"},{"data":"AT_BodySlamDance","floor":30,"key":"SMITH"},{"data":"REME_FirmDetermination","floor":32,"key":"SMITH"},{"data":"Immolate","floor":40,"key":"SMITH"},{"data":"AT_ManFootWork","floor":47,"key":"SMITH"},{"data":"REME_TheLastStrike","floor":49,"key":"SMITH"}],"circlet_count":0,"master_deck":["Strike_R","Defend_R","AT_IchimonjiDouble","TheCursedMod:CursedWand","AT_ShrugMaster","ReplayTheSpireMod:Stacked","REME_FirmDetermination+1","AT_BodySlamDance+1","AT_CaressingTears+1","REME_TheLastStrike+1","Master of Strategy","ReplayTheSpireMod:Muscle Training+1","Thunderclap+1","Spot Weakness+1","Bloodletting","Immolate+1","AT_ManFootWork+1","Dramatic Entrance+1","Pommel Strike+1"],"relics":["Burning Blood","REME_ComplimentaryCards","HushsDoor","AT_ATBox","MaYiHuaBei","LetterFromLob","PunchingBag","BookOfRevelations","Replay:Baseball","Torii","Replay:Bandana","Membership Card","Replay:Grab Bag","Sozu","ChewingGum","REME_LowDesire","Omamori","ReplayFunnel","Red Mask","Smiling Mask","AT_TrinityForce","StoneCalendar","CaptainsWheel","Pondfish Scales"],"acts_visited":["Exordium","TheCity","TheBeyond"],"potions_floor_usage":[22],"damage_taken":[{"damage":0,"enemies":"2 Louse","floor":1,"turns":1},{"damage":13,"enemies":"Jaw Worm","floor":3,"turns":3},{"damage":2,"enemies":"Small Slimes","floor":4,"turns":3},{"damage":28,"enemies":"3 Sentries","floor":6,"turns":8},{"damage":7,"enemies":"Exordium Thugs","floor":12,"turns":3},{"damage":0,"enemies":"Looter","floor":14,"turns":2},{"damage":1,"enemies":"The Guardian","floor":16,"turns":7},{"damage":0,"enemies":"Shell Parasite","floor":18,"turns":3},{"damage":29,"enemies":"Masked Bandits","floor":19,"turns":6},{"damage":0,"enemies":"Spheric Guardian","floor":20,"turns":3},{"damage":2,"enemies":"3 Cultists","floor":22,"turns":4},{"damage":15,"enemies":"Slavers","floor":23,"turns":3},{"damage":2,"enemies":"Cultist and Chosen","floor":24,"turns":3},{"damage":0,"enemies":"Snake Plant","floor":28,"turns":2},{"damage":1,"enemies":"Sentry and Sphere","floor":29,"turns":4},{"damage":0,"enemies":"Centurion and Healer","floor":31,"turns":2},{"damage":6,"enemies":"Pondfish","floor":33,"turns":4},{"damage":0,"enemies":"3 Darklings","floor":35,"turns":2},{"damage":0,"enemies":"Orb Walker","floor":36,"turns":2},{"damage":0,"enemies":"Transient","floor":38,"turns":5},{"damage":12,"enemies":"Maw","floor":39,"turns":7},{"damage":5,"enemies":"Giant Head","floor":41,"turns":6},{"damage":0,"enemies":"Jaw Worm Horde","floor":42,"turns":1},{"damage":0,"enemies":"Transient","floor":45,"turns":5},{"damage":23,"enemies":"Spire Growth","floor":46,"turns":3},{"damage":3,"enemies":"Awakened One","floor":50,"turns":5}],"seed_played":"-609307440248663107","potions_obtained":[{"floor":1,"key":"Adrenaline Potion"},{"floor":6,"key":"Strength Potion"},{"floor":14,"key":"Toxic Potion"}],"is_trial":false,"path_per_floor":["M","?","M","M","?","E","$","?","T","?","$","M","?","M","R","B",null,"M","?","M","?","M","E","M","?","T","R","M","M","R","M","R","B",null,"M","M","?","M","M","R","E","M","T","?","M","M","R","?","R","B",null,null],"character_chosen":"IRONCLAD","items_purchased":["Replay:Baseball","Torii","AT_ShrugMaster","Membership Card","REME_FirmDetermination"],"campfire_rested":0,"item_purchase_floors":[7,7,7,11,11],"current_hp_per_floor":[80,60,53,57,80,58,58,47,47,47,47,46,46,52,52,57,80,80,57,69,69,73,64,74,74,74,74,80,80,80,80,80,80,80,80,80,80,80,80,80,80,80,80,80,80,63,63,68,68,71,71],"gold":937,"neow_bonus":"TWO_FIFTY_GOLD","is_daily":false,"chose_seed":false,"campfire_upgraded":6,"win_rate":0.0,"timestamp":1609762047,"path_taken":["M","?","M","M","?","E","?","?","T","?","?","M","?","M","R","BOSS","M","?","M","?","M","E","?","?","T","R","M","M","R","M","R","BOSS","M","M","?","?","M","R","E","M","T","?","M","?","R","?","R","BOSS"],"items_purchased_type":["Relic","Relic","Card","Relic","Card"],"build_version":"2020-12-22","purchased_purges":0,"victory":true,"max_hp_per_floor":[80,80,80,80,80,80,80,80,80,80,80,80,80,80,80,80,80,80,80,80,80,80,80,80,80,80,80,80,80,80,80,80,80,80,80,80,80,80,80,80,80,80,80,80,80,80,80,80,80,80,80],"relic_stats":{"Sozu":10,"Torii":20,"counters":[26,97],"StoneCalendar":[0],"Smiling Mask":0,"obtain_stats":[{"MaYiHuaBei":0,"ReplayFunnel":17,"AT_ATBox":0,"Torii":7,"StoneCalendar":41,"Smiling Mask":23,"Burning Blood":0,"Sozu":17,"Replay:Bandana":9,"AT_TrinityForce":34,"Red Mask":19,"REME_LowDesire":17,"KeepersGift":0,"PunchingBag":2,"Replay:Grab Bag":17,"BookOfRevelations":6,"Omamori":17,"Replay:Baseball":7,"CaptainsWheel":43,"Pondfish Scales":44,"ChewingGum":17,"LetterFromLob":1,"Membership Card":11,"HushsDoor":0,"REME_ComplimentaryCards":0},{"MaYiHuaBei":0,"ReplayFunnel":7,"AT_ATBox":0,"Torii":4,"StoneCalendar":22,"Smiling Mask":12,"Burning Blood":0,"Sozu":7,"Replay:Bandana":4,"AT_TrinityForce":17,"Red Mask":9,"REME_LowDesire":7,"KeepersGift":0,"PunchingBag":1,"Replay:Grab Bag":7,"BookOfRevelations":4,"Omamori":7,"Replay:Baseball":4,"CaptainsWheel":23,"Pondfish Scales":23,"ChewingGum":7,"LetterFromLob":1,"Membership Card":4,"HushsDoor":0,"REME_ComplimentaryCards":0},{"MaYiHuaBei":0,"ReplayFunnel":27,"AT_ATBox":0,"Torii":15,"StoneCalendar":83,"Smiling Mask":46,"Burning Blood":0,"Sozu":27,"Replay:Bandana":15,"AT_TrinityForce":61,"Red Mask":36,"REME_LowDesire":27,"KeepersGift":0,"PunchingBag":1,"Replay:Grab Bag":27,"BookOfRevelations":15,"Omamori":27,"Replay:Baseball":15,"CaptainsWheel":84,"Pondfish Scales":84,"ChewingGum":27,"LetterFromLob":1,"Membership Card":15,"HushsDoor":0,"REME_ComplimentaryCards":0}],"Burning Blood":90},"card_choices":[{"not_picked":[],"picked":"Bomb","floor":0},{"not_picked":["Metallicize","Anger"],"picked":"AT_BodySlamDance","floor":1},{"not_picked":["Thunderclap","Body Slam","Anger"],"picked":"SKIP","floor":3},{"not_picked":["Twin Strike","Iron Wave","True Grit"],"picked":"SKIP","floor":4},{"not_picked":["Hemogenesis","AT_DiedThrough","AT_IchimonjiDouble"],"picked":"SKIP","floor":6},{"not_picked":["Thunderclap","Flex"],"picked":"AT_BodySlamDance","floor":12},{"not_picked":["Heavy Blade","Clothesline"],"picked":"AT_CaressingTears","floor":14},{"not_picked":["AT_Dispersion","Berserk"],"picked":"REME_TheLastStrike","floor":16},{"not_picked":["Carnage","Perfected Strike","REME_ACTH"],"picked":"Master of Strategy","floor":18},{"not_picked":["AT_GerminateFire+1","Sword Boomerang","Purity+1"],"picked":"ReplayTheSpireMod:Muscle Training+1","floor":19},{"not_picked":["Defy Death+1","Wild Strike+1","The Bomb"],"picked":"Thunderclap+1","floor":20},{"not_picked":["Headbutt","Pommel Strike","DoctorFetus"],"picked":"Spot Weakness+1","floor":22},{"not_picked":["True Grit","Burning Pact","Magnetism"],"picked":"Shrug It Off","floor":23},{"not_picked":["Battle Trance+1","True Grit+1","Sentinel+1","AT_LightSaberMaster+1"],"picked":"SKIP","floor":24},{"not_picked":["Perfected Strike","Rupture","AT_BodySlamDance","SuicideKing"],"picked":"SKIP","floor":28},{"not_picked":["Cleave","Heavy Blade","Trip"],"picked":"Bloodletting","floor":29},{"not_picked":["Massacre","Clash","REME_SingleHolding","REME_EyeOfCthun"],"picked":"SKIP","floor":31},{"not_picked":["Feed","Demonic Infusion","Flash of Steel"],"picked":"Immolate","floor":33},{"not_picked":["Sword Boomerang+1","Second Wind","Flex+1","AT_FamilyPortrait"],"picked":"SKIP","floor":35},{"not_picked":["Shrug It Off+1","Body Slam","Wild Strike+1","Survey Options+1"],"picked":"SKIP","floor":36},{"not_picked":["AT_GerminateFire","Thunderclap+1","Midas Touch"],"picked":"AT_ManFootWork","floor":38},{"not_picked":["Infernal Blade","Flex+1","Twin Strike+1"],"picked":"Dramatic Entrance+1","floor":39},{"not_picked":["Whirlwind+1","Ghostly Armor","Warcry","Thinking Ahead"],"picked":"SKIP","floor":41},{"not_picked":["Uppercut","Thunderclap","AT_IchimonjiDouble","Survey Options+1"],"picked":"SKIP","floor":42},{"not_picked":["Shrug It Off+1","Cleave","ReplayTheSpireMod:Corrosion Curse+1","REME_EyeOfCthun"],"picked":"SKIP","floor":45},{"not_picked":["Havoc+1","Wild Strike+1","Midas Touch"],"picked":"Pommel Strike+1","floor":46}],"player_experience":225228,"relics_obtained":[{"floor":1,"key":"LetterFromLob"},{"floor":2,"key":"PunchingBag"},{"floor":6,"key":"BookOfRevelations"},{"floor":9,"key":"Replay:Bandana"},{"floor":17,"key":"Omamori"},{"floor":17,"key":"ReplayFunnel"},{"floor":19,"key":"Red Mask"},{"floor":23,"key":"Smiling Mask"},{"floor":41,"key":"StoneCalendar"},{"floor":43,"key":"CaptainsWheel"}],"event_choices":[{"damage_healed":0,"gold_gain":75,"player_choice":"Gather Gold","damage_taken":11,"max_hp_gain":0,"max_hp_loss":0,"event_name":"World of Goop","floor":8,"gold_loss":0},{"damage_healed":0,"gold_gain":0,"cards_transformed":["Defend_R"],"player_choice":"Change","damage_taken":0,"max_hp_gain":0,"max_hp_loss":0,"event_name":"Living Wall","floor":10,"gold_loss":0,"cards_obtained":["ReplayTheSpireMod:Stacked"]},{"damage_healed":0,"gold_gain":0,"player_choice":"Fought Bandits","damage_taken":0,"max_hp_gain":0,"max_hp_loss":0,"event_name":"Masked Bandits","floor":19,"gold_loss":0},{"damage_healed":0,"gold_gain":100,"player_choice":"Pray","damage_taken":0,"max_hp_gain":0,"max_hp_loss":0,"event_name":"Golden Shrine","floor":25,"gold_loss":0},{"damage_healed":0,"gold_gain":0,"player_choice":"Ignored","damage_taken":0,"max_hp_gain":0,"max_hp_loss":0,"event_name":"NoteForYourself","floor":37,"gold_loss":0},{"damage_healed":0,"gold_gain":0,"player_choice":"Paid Gold","damage_taken":0,"relics_obtained":["Pondfish Scales"],"max_hp_gain":0,"max_hp_loss":0,"event_name":"WeMeetAgain","floor":44,"gold_loss":137},{"cards_removed":["Shrug It Off"],"damage_healed":5,"gold_gain":0,"player_choice":"Offered Common","damage_taken":0,"max_hp_gain":0,"max_hp_loss":0,"event_name":"Bonfire Elementals","floor":48,"gold_loss":0},{"cards_removed":["Shrug It Off"],"damage_healed":5,"gold_gain":0,"player_choice":"Offered Special","damage_taken":0,"max_hp_gain":0,"max_hp_loss":0,"event_name":"Bonfire Elementals","floor":48,"gold_loss":0}],"is_beta":false,"boss_relics":[{"not_picked":["Replay:Drink Me","Electric Blood"],"picked":"Replay:Grab Bag"},{"not_picked":["Cursed Key","Runic Dome"],"picked":"Sozu"},{"not_picked":["Velvet Choker","Fusion Hammer"],"picked":"ChewingGum"},{"not_picked":["Honey Jar","Runic Pyramid"],"picked":"REME_LowDesire"},{"not_picked":[]},{"not_picked":["ReplayTheSpireMod:DimensionalGlitch","Abe\u0027s Treasure"],"picked":"AT_TrinityForce"},{"not_picked":[]}],"items_purged_floors":[],"is_endless":false,"potions_floor_spawned":[1,6,14,22,23,24,28,31,35,38,39,42,46],"ascension_level":0}}