{"host":"rmsq46plbpwfbxcc","time":1609755758,"event":{"mods":["AchievementEnabler","BaseMod","Colored Map","Colored Powertips","DeckTracker","KOR Keyword Fix","Minty Spire (QoL Compilation)","Permanent Neow","Quick Restart","SuperFastMode"],"gold_per_floor":[113,113,131,131,56,56,69,69,95,107,138,1,30,30,30,30,30],"floor_reached":16,"playtime":338,"items_purged":["Strike_G"],"score":157,"play_id":"8e307889-fea4-4b7c-bb44-387bdb2d2b2e","local_time":"20210104192238","is_ascension_mode":true,"campfire_choices":[{"data":"Neutralize","floor":6,"key":"SMITH"},{"data":"Terror","floor":8,"key":"SMITH"},{"data":"After Image","floor":15,"key":"SMITH"}],"circlet_count":0,"master_deck":["Strike_G","Strike_G","Strike_G","Defend_G","Defend_G","Defend_G","Defend_G","Survivor","Neutralize+1","Terror+1","Poisoned Stab","Cloak And Dagger","Deadly Poison","After Image+1","Cloak And Dagger"],"relics":["WristBlade","Snake Skull","Orichalcum","Letter Opener","Omamori"],"acts_visited":["Exordium"],"potions_floor_usage":[11],"damage_taken":[{"damage":0,"enemies":"Jaw Worm","floor":1,"turns":4},{"damage":0,"enemies":"Small Slimes","floor":3,"turns":5},{"damage":0,"enemies":"Cultist","floor":7,"turns":3},{"damage":16,"enemies":"Exordium Thugs","floor":10,"turns":7},{"damage":7,"enemies":"3 Sentries","floor":11,"turns":11},{"damage":22,"enemies":"Gremlin Nob","floor":13,"turns":4},{"damage":0,"enemies":"Slime Boss","floor":16,"turns":3}],"seed_played":"-4960299557633680584","potions_obtained":[{"floor":3,"key":"GamblersBrew"},{"floor":10,"key":"FearPotion"},{"floor":11,"key":"Fruit Juice"}],"is_trial":false,"path_per_floor":["M","?","M","?","$","R","M","R","T","M","E","$","E","?","R","B"],"character_chosen":"THE_SILENT","items_purchased":["After Image"],"campfire_rested":0,"item_purchase_floors":[12],"current_hp_per_floor":[63,56,56,56,56,56,56,56,56,40,38,38,16,16,16,16,16],"gold":30,"neow_bonus":"BOSS_RELIC","is_daily":false,"chose_seed":false,"campfire_upgraded":3,"win_rate":0.0,"timestamp":1609755758,"path_taken":["M","?","M","?","$","R","M","R","T","M","E","$","E","?","R","BOSS"],"items_purchased_type":["Card"],"build_version":"2020-12-22","purchased_purges":1,"victory":false,"max_hp_per_floor":[70,70,70,70,70,70,70,70,70,70,75,75,75,75,75,75,75],"card_choices":[{"not_picked":["Outmaneuver","Deflect","Predator"],"picked":"SKIP","floor":1},{"not_picked":["Bane","Dodge and Roll"],"picked":"Terror","floor":3},{"not_picked":["Caltrops","Dagger Throw","Backflip"],"picked":"SKIP","floor":7},{"not_picked":["Deadly Poison","Outmaneuver"],"picked":"Cloak And Dagger","floor":10},{"not_picked":["Bullet Time","Poisoned Stab"],"picked":"Deadly Poison","floor":11},{"not_picked":["Backflip","Dash"],"picked":"Cloak And Dagger","floor":13}],"player_experience":651428,"relics_obtained":[{"floor":9,"key":"Snake Skull"},{"floor":11,"key":"Orichalcum"},{"floor":13,"key":"Letter Opener"}],"event_choices":[{"cards_removed":["Strike_G"],"damage_healed":0,"gold_gain":0,"player_choice":"Card Removal","damage_taken":7,"max_hp_gain":0,"max_hp_loss":0,"event_name":"Golden Wing","floor":2,"gold_loss":0},{"damage_healed":0,"gold_gain":0,"cards_transformed":["Defend_G"],"player_choice":"Change","damage_taken":0,"max_hp_gain":0,"max_hp_loss":0,"event_name":"Living Wall","floor":4,"gold_loss":0,"cards_obtained":["Poisoned Stab"]},{"damage_healed":0,"gold_gain":0,"player_choice":"Gave Potion","damage_taken":0,"relics_obtained":["Omamori"],"max_hp_gain":0,"max_hp_loss":0,"event_name":"WeMeetAgain","floor":14,"gold_loss":0}],"is_beta":false,"boss_relics":[],"items_purged_floors":[5],"is_endless":false,"potions_floor_spawned":[3,10,11],"killed_by":"Slime Boss","ascension_level":9}}