{"host":"g01l53quoe6lrer0","time":1609743158,"event":{"mods":["2.2 Compatiblity","AchievementEnabler","BaseMod","Colored Map","Highlight Path","Keyboard Shortcuts","Minty Spire (QoL Compilation)","Permanent Neow","Quick Restart","StSLib","SuperFastMode","everything is the same but u backflip on backflip"],"gold_per_floor":[117,42,55,71,71,71,102,118,118,118,143,143,171,183,183,285,285,304,314,133,143,72,72,97,97,97,97,128,128,128],"floor_reached":29,"playtime":2381,"items_purged":["Strike_P","Defend_P"],"score":321,"play_id":"4ef8bb14-9087-45c3-abff-45cd7b1ea840","local_time":"20210104155238","is_ascension_mode":true,"campfire_choices":[{"data":"Eruption","floor":6.0,"key":"SMITH"},{"data":"ThirdEye","floor":10.0,"key":"SMITH"},{"data":"Worship","floor":12.0,"key":"SMITH"},{"data":"Alpha","floor":15,"key":"SMITH"},{"data":"Study","floor":23,"key":"SMITH"},{"data":"Vault","floor":25,"key":"SMITH"},{"data":"Adaptation","floor":27,"key":"SMITH"}],"circlet_count":0,"master_deck":["Defend_P","Defend_P","Defend_P","Eruption+1","Vigilance","ThirdEye+1","Prostrate","WheelKick","Alpha+1","Pray","Worship+1","Vault+1","BattleHymn+1","Prostrate+1","Pray+1","Adaptation+1","InnerPeace","Crescendo","Study+1","MentalFortress"],"relics":["Coffee Dripper","Vajra","Lizard Tail","Blue Candle","Turnip","Juzu Bracelet","Astrolabe","Regal Pillow","InkBottle","Dream Catcher"],"acts_visited":["Exordium","TheCity"],"potions_floor_usage":[16,24],"damage_taken":[{"damage":0.0,"enemies":"Cultist","floor":1.0,"turns":2.0},{"damage":9.0,"enemies":"Jaw Worm","floor":3.0,"turns":3.0},{"damage":5.0,"enemies":"2 Louse","floor":4.0,"turns":3.0},{"damage":3.0,"enemies":"Gremlin Nob","floor":7.0,"turns":3.0},{"damage":11.0,"enemies":"Looter","floor":8.0,"turns":2.0},{"damage":8.0,"enemies":"3 Sentries","floor":11.0,"turns":3.0},{"damage":0,"enemies":"Lagavulin","floor":13,"turns":4},{"damage":8,"enemies":"2 Fungi Beasts","floor":14,"turns":4},{"damage":13,"enemies":"The Guardian","floor":16,"turns":7},{"damage":6,"enemies":"Chosen","floor":18,"turns":4},{"damage":12,"enemies":"2 Thieves","floor":19,"turns":4},{"damage":8,"enemies":"Centurion and Healer","floor":21,"turns":7},{"damage":14,"enemies":"Slavers","floor":24,"turns":3},{"damage":17,"enemies":"Book of Stabbing","floor":28,"turns":4},{"damage":59,"enemies":"Snake Plant","floor":29,"turns":5}],"seed_played":"1731313929876827370","potions_obtained":[{"floor":4.0,"key":"LiquidMemories"},{"floor":8.0,"key":"BottledMiracle"},{"floor":11.0,"key":"Weak Potion"},{"floor":18,"key":"PowerPotion"}],"is_trial":false,"path_per_floor":["M","$","M","M","?","R","E","M","T","R","E","R","E","M","R","B",null,"M","M","$","M","$","R","E","R","T","R","E","M"],"character_chosen":"WATCHER","items_purchased":["InnerPeace","Study"],"campfire_rested":0,"item_purchase_floors":[20,22],"current_hp_per_floor":[72,72,63,58,55,55,52,41,41,41,33,33,33,25,25,12,72,66,54,54,46,46,46,32,32,32,32,15,0,0],"gold":128,"neow_bonus":"BOSS_RELIC","is_daily":false,"chose_seed":false,"campfire_upgraded":7,"win_rate":0.0,"timestamp":1609743158,"path_taken":["M","$","?","M","?","R","E","M","T","R","E","R","E","M","R","BOSS","M","M","$","M","$","R","E","R","T","R","E","M"],"items_purchased_type":["Card","Card"],"build_version":"2020-12-22","purchased_purges":2,"victory":false,"max_hp_per_floor":[72,72,72,72,72,72,72,72,72,72,72,72,72,72,72,72,72,72,72,72,72,72,72,72,72,72,72,72,72,72],"card_choices":[{"not_picked":["ClearTheMind","PathToVictory"],"picked":"ThirdEye","floor":1.0},{"not_picked":["ThirdEye","PathToVictory"],"picked":"Prostrate","floor":3.0},{"not_picked":["Swivel","PathToVictory"],"picked":"WheelKick","floor":4.0},{"not_picked":["Study","MentalFortress"],"picked":"Alpha","floor":7.0},{"not_picked":["SignatureMove","PathToVictory"],"picked":"Pray","floor":8.0},{"not_picked":["Sanctity","SandsOfTime"],"picked":"Worship","floor":11.0},{"not_picked":["InnerPeace","Halt","FlyingSleeves"],"picked":"SKIP","floor":13},{"not_picked":["BowlingBash","ThirdEye","Swivel"],"picked":"SKIP","floor":14},{"not_picked":["Establishment","Blasphemy"],"picked":"Vault","floor":16},{"not_picked":["Vengeance","CrushJoints+1","Swivel"],"picked":"SKIP","floor":18},{"not_picked":["MentalFortress","Protect"],"picked":"Adaptation","floor":19},{"not_picked":["WindmillStrike","Evaluate+1"],"picked":"Crescendo","floor":21},{"not_picked":["PathToVictory","InnerPeace"],"picked":"MentalFortress","floor":24},{"not_picked":["Indignation","SashWhip+1","Crescendo"],"picked":"SKIP","floor":28}],"player_experience":59412,"relics_obtained":[{"floor":7.0,"key":"Lizard Tail"},{"floor":9.0,"key":"Blue Candle"},{"floor":11.0,"key":"Turnip"},{"floor":13,"key":"Juzu Bracelet"},{"floor":24,"key":"Regal Pillow"},{"floor":26,"key":"InkBottle"},{"floor":28,"key":"Dream Catcher"}],"event_choices":[{"damage_healed":0.0,"max_hp_gain":0.0,"max_hp_loss":0.0,"gold_gain":0.0,"event_name":"Scrap Ooze","player_choice":"Success","floor":5.0,"gold_loss":0.0,"damage_taken":3.0,"relics_obtained":["Vajra"]}],"is_beta":false,"boss_relics":[{"not_picked":["Tiny House","Runic Dome"],"picked":"Astrolabe"}],"items_purged_floors":[2,20],"is_endless":false,"potions_floor_spawned":[4,8,11,13,14,18],"killed_by":"Snake Plant","ascension_level":1}}