{"host":"armnliea5o2aqs4b","time":1609719844,"event":{"mods":["BaseMod","Hubris","Infinite Spire","Minty Spire (QoL Compilation)","Quick Restart","StSLib"],"gold_per_floor":[117,117,192,208,62,90,100,100,125,4,30,30,30,43,43,147,147,162,162,162,173,173,173,190,190,190,190,210,210,220,319,319,319,319],"floor_reached":33,"playtime":622,"items_purged":[],"score":375,"play_id":"4345e02c-0fe1-4d61-9799-2357c0baaccf","local_time":"20210104112404","is_ascension_mode":true,"campfire_choices":[{"data":"Spot Weakness","floor":8,"key":"SMITH"},{"data":"Spot Weakness","floor":12,"key":"SMITH"},{"data":"Sever Soul","floor":15,"key":"SMITH"},{"floor":23,"key":"REST"},{"data":"Demon Form","floor":25,"key":"SMITH"},{"floor":29,"key":"REST"},{"floor":32,"key":"REST"}],"circlet_count":0,"master_deck":["Strike_R","Strike_R","Strike_R","Strike_R","Strike_R","Defend_R","Defend_R","Defend_R","Defend_R","Bash","Spot Weakness+1","Heavy Blade","Cleave","Spot Weakness+1","Flex","Sever Soul+1","Demon Form+1","Whirlwind","hubris:CleavingFinish","Limit Break"],"relics":["Burning Blood","NeowsBlessing","Membership Card","Self Forming Clay","PreservedInsect","infinitespire:Lucky Rock","Sundial","hubris:CrackedHourglass","Calipers","Frozen Egg 2"],"acts_visited":["Exordium","TheCity"],"potions_floor_usage":[11,16,16,28,33,33],"damage_taken":[{"damage":0,"enemies":"Cultist","floor":1,"turns":1},{"damage":0,"enemies":"2 Louse","floor":4,"turns":1},{"damage":0,"enemies":"Gremlin Nob","floor":6,"turns":1},{"damage":7,"enemies":"Jaw Worm","floor":7,"turns":3},{"damage":22,"enemies":"3 Sentries","floor":11,"turns":4},{"damage":12,"enemies":"3 Louse","floor":14,"turns":3},{"damage":50,"enemies":"Hexaghost","floor":16,"turns":6},{"damage":22,"enemies":"2 Thieves","floor":18,"turns":2},{"damage":29,"enemies":"Chosen","floor":21,"turns":5},{"damage":19,"enemies":"Snake Plant","floor":24,"turns":3},{"damage":26,"enemies":"Centurion and Healer","floor":28,"turns":4},{"damage":16,"enemies":"Sentry and Sphere","floor":30,"turns":4},{"damage":67,"enemies":"hubris:MusketHawk","floor":33,"turns":6}],"seed_played":"-1318132581250620692","potions_obtained":[{"floor":6,"key":"Fire Potion"},{"floor":11,"key":"BlessingOfTheForge"},{"floor":14,"key":"Regen Potion"},{"floor":16,"key":"Strength Potion"},{"floor":24,"key":"HeartOfIron"},{"floor":30,"key":"SpeedPotion"}],"is_trial":false,"path_per_floor":["M","$","?","M","$","E","M","R","T","$","E","R","$","M","R","B",null,"M","?","?","M","?","R","M","R","T","?","M","R","M","?","R","B"],"character_chosen":"IRONCLAD","items_purchased":["Membership Card","Spot Weakness","Flex","infinitespire:Lucky Rock"],"campfire_rested":3,"item_purchase_floors":[5,10,10,10],"current_hp_per_floor":[78,78,67,73,73,79,78,78,78,78,62,62,62,56,56,27,67,51,51,51,28,28,52,39,39,39,33,13,37,27,27,51,0,0],"gold":319,"neow_bonus":"THREE_ENEMY_KILL","is_daily":false,"chose_seed":false,"campfire_upgraded":4,"win_rate":0.0,"timestamp":1609719844,"path_taken":["M","?","?","M","?","E","M","R","T","$","E","R","$","M","R","BOSS","M","?","?","M","?","R","M","R","T","?","M","R","?","?","R","BOSS"],"items_purchased_type":["Relic","Card","Card","Relic"],"build_version":"2020-12-22","purchased_purges":0,"victory":false,"max_hp_per_floor":[80,80,80,80,80,80,80,80,80,80,80,80,80,80,80,80,80,80,80,80,80,80,80,80,80,80,80,80,80,80,80,80,80,80],"card_choices":[{"not_picked":["Perfected Strike","Sword Boomerang"],"picked":"Spot Weakness","floor":1},{"not_picked":["Seeing Red","Second Wind"],"picked":"Heavy Blade","floor":4},{"not_picked":["Fire Breathing","Combust","Metallicize"],"picked":"SKIP","floor":6},{"not_picked":["Power Through","Anger"],"picked":"Cleave","floor":7},{"not_picked":["hubris:StunningStrike","Havoc","Armaments"],"picked":"SKIP","floor":11},{"not_picked":["Pummel","Havoc"],"picked":"Sever Soul","floor":14},{"not_picked":["Offering","Berserk"],"picked":"Demon Form","floor":16},{"not_picked":["Warcry","Uppercut","Sword Boomerang"],"picked":"SKIP","floor":18},{"not_picked":["True Grit+1","Wild Strike+1"],"picked":"Whirlwind","floor":21},{"not_picked":["Wild Strike+1","Headbutt+1","Sever Soul"],"picked":"SKIP","floor":24},{"not_picked":["Havoc+1","Perfected Strike+1"],"picked":"Limit Break","floor":28},{"not_picked":["Wild Strike","Hemokinesis","Warcry+1"],"picked":"SKIP","floor":30}],"player_experience":170595,"relics_obtained":[{"floor":6,"key":"Self Forming Clay"},{"floor":9,"key":"PreservedInsect"},{"floor":11,"key":"Sundial"},{"floor":26,"key":"Frozen Egg 2"}],"event_choices":[{"damage_healed":0,"gold_gain":75,"player_choice":"Gather Gold","damage_taken":11,"max_hp_gain":0,"max_hp_loss":0,"event_name":"World of Goop","floor":3,"gold_loss":0},{"damage_healed":0,"gold_gain":0,"player_choice":"Ignored","damage_taken":0,"max_hp_gain":0,"max_hp_loss":0,"event_name":"Vampires","floor":19,"gold_loss":0},{"damage_healed":0,"gold_gain":0,"player_choice":"Opened","damage_taken":0,"relics_obtained":["Calipers"],"max_hp_gain":0,"max_hp_loss":0,"event_name":"The Mausoleum","floor":20,"gold_loss":0},{"damage_healed":0,"gold_gain":0,"player_choice":"","damage_taken":6,"max_hp_gain":0,"max_hp_loss":0,"event_name":"Knowing Skull","floor":27,"potions_obtained":[],"gold_loss":0,"cards_obtained":[]},{"damage_healed":0,"gold_gain":99,"player_choice":"Stole From Cult","damage_taken":0,"max_hp_gain":0,"max_hp_loss":0,"event_name":"Nest","floor":31,"gold_loss":0}],"is_beta":false,"boss_relics":[{"not_picked":["Tiny House","Busted Crown"],"picked":"hubris:CrackedHourglass"}],"items_purged_floors":[],"is_endless":false,"potions_floor_spawned":[6,11,14,16,24,30],"killed_by":"hubris:MusketHawk","ascension_level":7}}