{"host":"290egjt91b2tngam","time":1609767597,"event":{"mods":["BaseMod","Colored Map","Colored Powertips","Downfall","Hubris","Infinite Spire","Marisa????????","Minty Spire (QoL Compilation)","Replay The Spire","StSLib","The Bug Knight","The Cursed","The Servant 0.9.4"],"gold_per_floor":[110,110,76,93,107,141,141,172,172,203,203,217,217,250,280,376,376,395,148,163,163,183,183,208,208,208,218,237,251,251,277,371,476,476,493,503,503,521,533,558,568,603,603,603,622,632,632,663,663,764,764,779,779,826,826,827,828,832,845,869,876,876,885,885,895,895,943,943,951,951,951,951,959,979,979,778,778,778,784,784,784,883,883,957,957,965,965,970,966,1046,1046,1061,1061,1061],"floor_reached":93,"playtime":4774,"items_purged":["GearUp+1"],"score":2352,"play_id":"1827e6f4-43ae-4ed4-9dd3-965a7820ef78","local_time":"20210104203957","is_ascension_mode":true,"campfire_choices":[{"floor":13.0,"key":"REST"},{"data":"LightFlow","floor":13.0,"key":"SMITH"},{"data":"Initiator","floor":23.0,"key":"SMITH"},{"data":"Potential","floor":25.0,"key":"SMITH"},{"data":"Reboot","floor":44.0,"key":"SMITH"},{"data":"DoubleEdge","floor":49.0,"key":"SMITH"},{"floor":64.0,"key":"REST"},{"data":"SoulSculpture","floor":64.0,"key":"SMITH"},{"data":"Spin","floor":66.0,"key":"SMITH"},{"floor":75.0,"key":"REST"},{"data":"SoulSculpture","floor":75.0,"key":"SMITH"},{"data":"DoubleEdge","floor":78.0,"key":"SMITH"},{"data":"DoubleEdge","floor":83.0,"key":"SMITH"},{"data":"Strike_S","floor":91,"key":"SMITH"}],"circlet_count":0,"master_deck":["Strike_S+1","Strike_S","Strike_S","Strike_S","Defend_S+1","Defend_S","Defend_S+1","Defend_S","FlawlessForm+1","Read","Defy+1","DoubleEdge+1","TimeWarp","Reprogram+1","Reboot+1","Potential+1","LightFlow+1","BottledTime+1","Defy+1","Initiator+1","Alleviate+1","Panache+1","BottledTime+1","Advance+1","Revamp+1","Duplication+1","TimeWarp","Spin+1","TrueSight+1","BottledTime+1","TimeWarp+1","BestPractice+1","Replace+1","FastForward+1","Deadline+1","ShatteredReality+1","Contraction+1","Revamp+1","Madness+1","Madness+1","MoonPhase+1","SoulSculpture+1","SilverBlades+1","ReplayTheSpireMod:Haul+1","BestPractice+1","DoubleEdge+1","Defy+1","Contraction+1","DoubleEdge+1","Defy+1","Revamp+1","SoulSculpture+1","Replace+1","Secret Weapon+1","PendulumOfEternity+1","Potential+1","Duplication+1"],"relics":["SplendidAttire","infinitespire:Beetle Shell","Nunchaku","Toxic Egg 2","infinitespire:Magic Flask","hubris:CrystalStatue","Frozen Egg 2","Replay:Grab Bag","hubris:VirtuousBlindfold","hubris:GrandSneckoEye","StoneMask","hubris:ScarierMask","Membership Card","Honey Jar","Calipers","Garlic","hubris:Icosahedron","Tiny Chest","Black Star","Darkstone Periapt","Happy Flower","Broom","HornCleat","Replay:Kaleidoscope","hubris:GlazedTorus","HollowMod:StagPassRelic","infinitespire:Joker Card","Bag of Preparation","War Paint","HollowMod:PaleOreRelic","infinitespire:Satchel","Orichalcum","Dream Catcher","Chameleon Ring","Akabeko","Mirror","hubris:TerracottaHorce","hubris:Zylophone","hubris:FruitBowl","CaptainsWheel","hubris:ToyBattleship","infinitespire:WardingShard","Pocketwatch","Molten Egg 2","Bag of Marbles","Anchor"],"acts_visited":["Exordium","TheCity","TheBeyond","TheCity","TheBeyond"],"potions_floor_usage":[],"damage_taken":[{"damage":0.0,"enemies":"2 Louse","floor":1.0,"turns":4.0},{"damage":0.0,"enemies":"Small Slimes","floor":4.0,"turns":5.0},{"damage":3.0,"enemies":"Jaw Worm","floor":5.0,"turns":4.0},{"damage":0.0,"enemies":"HollowMod:MossKnight","floor":6.0,"turns":13.0},{"damage":5.0,"enemies":"Replay:BlueRogue","floor":8.0,"turns":7.0},{"damage":15.0,"enemies":"HollowMod:MossKnight","floor":10.0,"turns":7.0},{"damage":2.0,"enemies":"3 Louse","floor":12.0,"turns":3.0},{"damage":0.0,"enemies":"Gremlin Nob","floor":14.0,"turns":3.0},{"damage":0.0,"enemies":"Fading Forest","floor":16.0,"turns":11.0},{"damage":0.0,"enemies":"Spheric Guardian","floor":18.0,"turns":3.0},{"damage":0.0,"enemies":"2 Thieves","floor":20.0,"turns":2.0},{"damage":0.0,"enemies":"Cultist and Chosen","floor":22.0,"turns":3.0},{"damage":0.0,"enemies":"Book of Stabbing","floor":24.0,"turns":2.0},{"damage":0.0,"enemies":"Shelled Parasite and Fungi","floor":27.0,"turns":1.0},{"damage":0.0,"enemies":"Snake Plant","floor":28.0,"turns":2.0},{"damage":0.0,"enemies":"Centurion and Healer","floor":29.0,"turns":2.0},{"damage":0.0,"enemies":"Collector","floor":33.0,"turns":5.0},{"damage":0.0,"enemies":"3 Shapes","floor":35.0,"turns":2.0},{"damage":0.0,"enemies":"3 Darklings","floor":36.0,"turns":2.0},{"damage":0.0,"enemies":"Spire Growth","floor":38.0,"turns":2.0},{"damage":0.0,"enemies":"Writhing Mass","floor":39.0,"turns":2.0},{"damage":0.0,"enemies":"HollowMod:StalkingDevout","floor":40.0,"turns":3.0},{"damage":0.0,"enemies":"4 Shapes","floor":41.0,"turns":2.0},{"damage":0.0,"enemies":"Giant Head","floor":42.0,"turns":5.0},{"damage":0.0,"enemies":"3 Darklings","floor":45.0,"turns":1.0},{"damage":0.0,"enemies":"Sphere and 2 Shapes","floor":46.0,"turns":1.0},{"damage":0.0,"enemies":"Nightmare","floor":48.0,"turns":6.0},{"damage":0.0,"enemies":"Time Eater","floor":50.0,"turns":8.0},{"damage":0.0,"enemies":"2 Louse","floor":52.0,"turns":1.0},{"damage":0.0,"enemies":"Jaw Worm","floor":56.0,"turns":2.0},{"damage":0.0,"enemies":"Lagavulin","floor":57.0,"turns":2.0},{"damage":0.0,"enemies":"Cultist","floor":58.0,"turns":1.0},{"damage":0.0,"enemies":"Gremlin Nob","floor":59.0,"turns":1.0},{"damage":0.0,"enemies":"HollowMod:MossKnight","floor":61.0,"turns":2.0},{"damage":0.0,"enemies":"Large Slime","floor":63.0,"turns":1.0},{"damage":0.0,"enemies":"Blue Slaver","floor":65.0,"turns":1.0},{"damage":0.0,"enemies":"Fading Forest","floor":67.0,"turns":8.0},{"damage":0.0,"enemies":"3 Byrds","floor":69.0,"turns":1.0},{"damage":0.0,"enemies":"Shell Parasite","floor":73.0,"turns":1.0},{"damage":0.0,"enemies":"Gremlin Leader","floor":74.0,"turns":1.0},{"damage":0.0,"enemies":"Centurion and Healer","floor":79.0,"turns":1.0},{"damage":0.0,"enemies":"Champ","floor":84.0,"turns":3.0},{"damage":0,"enemies":"3 Shapes","floor":86,"turns":1},{"damage":0,"enemies":"3 Darklings","floor":88,"turns":1},{"damage":0,"enemies":"Maw","floor":89,"turns":3},{"damage":0,"enemies":"Nemesis","floor":92,"turns":1},{"damage":0,"enemies":"Jaw Worm Horde","floor":93,"turns":1}],"seed_played":"9119639877452345127","potions_obtained":[{"floor":1.0,"key":"Adrenaline Potion"},{"floor":12.0,"key":"SteroidPotion"},{"floor":14.0,"key":"ColorlessPotion"},{"floor":16.0,"key":"champ:CounterPotion"},{"floor":24.0,"key":"Doom Potion"},{"floor":28.0,"key":"Block Potion"},{"floor":33.0,"key":"Dexterity Potion"},{"floor":39.0,"key":"EssenceOfSteel"},{"floor":41.0,"key":"DuplicationPotion"},{"floor":50.0,"key":"GamblersBrew"},{"floor":59.0,"key":"BlessingOfTheForge"},{"floor":61.0,"key":"Flashbang"},{"floor":63.0,"key":"EntropicBrew"},{"floor":67.0,"key":"DuplicationPotion"}],"is_trial":false,"path_per_floor":["M","?","$","M","M","E","?","E","T","E","?","M","R","E","R_BF","B",null,"M","$","M","AVR","M","R","E","R","T","M","M","M","?","T","R_BF","B",null,"M","M","?","M","M","E","M","E","T","R","M","M","?","NM","R","B",null,"M","?","T","?","M","E","M","E","T","E","T","M","R","M","R","B",null,"M","T","?","$","M","E","R","$","T","R","M","?","T","?","R","B",null,"M","?","M","M","T","R","E","M"],"character_chosen":"THE_SERVANT","items_purchased":["Defy+1","Membership Card","Panache+1","hubris:FruitBowl","Secret Weapon+1","PendulumOfEternity"],"campfire_rested":3,"item_purchase_floors":[3,19,19,72,76,76],"current_hp_per_floor":[65,65,65,65,62,62,62,57,57,42,42,40,59,59,59,59,65,66,66,67,67,68,68,69,69,69,70,71,72,72,72,72,73,73,75,76,76,77,78,79,82,83,83,83,84,86,75,78,78,81,88,89,89,89,66,69,72,75,78,78,81,81,84,95,96,96,97,97,99,99,99,80,83,86,101,101,101,101,102,102,102,102,102,103,103,105,105,106,107,107,107,108,108,108],"gold":1061,"neow_bonus":"ONE_RANDOM_RARE_CARD","is_daily":false,"chose_seed":false,"campfire_upgraded":11,"win_rate":0.0,"timestamp":1609767597,"path_taken":["M","?","$","M","M","E","?","E","T","E","?","M","R","E","R_BF","BOSS","M","$","M","AVR","?","R","E","R","T","M","M","M","?","?","R_BF","BOSS","M","M","?","M","M","E","M","E","T","R","M","M","?","NM","R","BOSS","M","?","?","?","M","E","M","E","T","E","?","?","R","M","R","BOSS","M","?","?","?","M","E","R","$","T","R","M","?","?","?","R","BOSS","M","?","?","M","?","R","E","M"],"items_purchased_type":["Card","Relic","Card","Relic","Card","Card"],"build_version":"2020-12-22","purchased_purges":1,"victory":false,"max_hp_per_floor":[65,65,65,65,65,65,65,65,65,65,65,65,65,65,65,65,65,66,66,67,67,68,68,69,69,69,70,71,72,72,72,72,73,73,75,76,76,77,78,79,82,83,83,83,84,86,86,87,87,88,88,89,89,89,89,90,91,92,93,93,94,94,95,95,96,96,97,97,99,99,99,99,100,101,101,101,101,101,102,102,102,102,102,103,103,105,105,106,107,107,107,108,108,108],"card_choices":[{"not_picked":["Gouge","Unruled"],"picked":"Read","floor":1.0},{"not_picked":["Rewind","Ricochet"],"picked":"DoubleEdge","floor":4.0},{"not_picked":["Foresight","DualDimension"],"picked":"GearUp","floor":5.0},{"not_picked":["Shuttle","FloweringNight"],"picked":"TimeWarp","floor":6.0},{"not_picked":["TimeWarp","Unruled"],"picked":"Potential","floor":8.0},{"not_picked":["Alleviate+1","Sabotage"],"picked":"LightFlow","floor":10.0},{"not_picked":["SilverBlades","Starlight"],"picked":"BottledTime+1","floor":12.0},{"not_picked":["Advance+1","Starlight"],"picked":"Defy+1","floor":14.0},{"not_picked":["Sunlight","TheWorld+1"],"picked":"Initiator","floor":16.0},{"not_picked":["TimeWarp","Rewind+1"],"picked":"Alleviate+1","floor":18.0},{"not_picked":["Starlight","Unruled"],"picked":"BottledTime+1","floor":20.0},{"not_picked":["ShatteredReality","Replace+1","Unruled"],"picked":"Advance+1","floor":22.0},{"not_picked":["Rewind+1","SurpressingFire+1","Alleviate+1"],"picked":"Revamp+1","floor":24.0},{"not_picked":["Spin","Replace+1","Ricochet"],"picked":"Duplication+1","floor":27.0},{"not_picked":["Alleviate+1","Potential","Ricochet"],"picked":"TimeWarp","floor":28.0},{"not_picked":["TimeWarp","StarChef+1","Potential"],"picked":"Spin","floor":29.0},{"not_picked":["Sunlight","Solidify+1","SoulSculpture"],"picked":"TrueSight+1","floor":33.0},{"not_picked":["Snipe","Unruled+1","Rewind+1"],"picked":"BottledTime+1","floor":35.0},{"not_picked":["DoubleEdge","Rearm+1","Ricochet"],"picked":"TimeWarp+1","floor":36.0},{"not_picked":["Comet","Unruled+1","Revamp+1"],"picked":"BestPractice+1","floor":38.0},{"not_picked":["FastForward+1","SpecialFormula+1","MoonPhase+1"],"picked":"Replace+1","floor":39.0},{"not_picked":["ShiftingGears+1","FlawlessForm+1","DoubleEdge"],"picked":"FastForward+1","floor":40.0},{"not_picked":["TimeTheft+1","InstantArmor+1","Rewind+1"],"picked":"Deadline+1","floor":41.0},{"not_picked":["Gouge+1","Moonlight","Foresight+1"],"picked":"ShatteredReality+1","floor":42.0},{"not_picked":["FastForward+1","Potential","Read+1"],"picked":"Contraction+1","floor":45.0},{"not_picked":["Hightail+1","Potential","Unruled+1"],"picked":"Revamp+1","floor":46.0},{"not_picked":["TimeWarp+1","Spin+1","Rearm+1"],"picked":"MoonPhase+1","floor":48.0},{"not_picked":["TrueSight+1","KillingDoll","Initiator"],"picked":"SoulSculpture","floor":50.0},{"not_picked":["Revamp+1","Alleviate+1","Starlight"],"picked":"SilverBlades+1","floor":52.0},{"not_picked":["ReplayTheSpireMod:Black Plague","infinitespire:Oblivion"],"picked":"ReplayTheSpireMod:Haul","floor":55.0},{"not_picked":["ReturningBlade","Rearm+1","Alleviate+1"],"picked":"BestPractice+1","floor":56.0},{"not_picked":["TimeWarp","BestPractice+1","Starlight"],"picked":"DoubleEdge","floor":57.0},{"not_picked":["Unruled","Replace+1","ShatteredReality"],"picked":"Defy+1","floor":58.0},{"not_picked":["Read+1","Moondial+1","Deadline+1"],"picked":"Contraction+1","floor":59.0},{"not_picked":["TrueSight+1","Starlight","Rearm+1"],"picked":"DoubleEdge","floor":61.0},{"not_picked":["BottledTime+1","FastForward+1","Unruled"],"picked":"Defy+1","floor":63.0},{"not_picked":["Starlight","FastForward+1","SurpressingFire+1"],"picked":"Revamp+1","floor":65.0},{"not_picked":["Deny+1","PendulumOfEternity","FlawlessForm+1"],"picked":"SoulSculpture","floor":67.0},{"not_picked":["Defy+1","Moondial+1","Foresight+1"],"picked":"GearUp+1","floor":69.0},{"not_picked":["ShatteredReality","Comet","Hightail+1","BottledTime+1"],"picked":"SKIP","floor":73.0},{"not_picked":["Rearm+1","Unruled","Starlight","Barrier+1"],"picked":"SKIP","floor":74.0},{"not_picked":["Defy+1","TimeTheft+1","Barrier+1"],"picked":"Replace+1","floor":75.0},{"not_picked":["WasteNot+1","Snipe","Desolation"],"picked":"Potential+1","floor":79.0},{"not_picked":["ForgedInTime+1","Dilation+1","KillingDoll"],"picked":"Duplication+1","floor":84.0},{"not_picked":["Rewind+1","BottledTime+1","Rearm+1","Read+1"],"picked":"SKIP","floor":86},{"not_picked":["Moonlight+1","Moondial+1","TimeWarp+1","ReturningBlade"],"picked":"SKIP","floor":88},{"not_picked":["Foresight+1","Rearm+1","Potential+1","Unruled"],"picked":"SKIP","floor":89},{"not_picked":["ShatteredReality+1","BottledTime+1","Advance+1","Moondial+1"],"picked":"SKIP","floor":92}],"player_experience":704790,"relics_obtained":[{"floor":6.0,"key":"infinitespire:Beetle Shell"},{"floor":8.0,"key":"Nunchaku"},{"floor":9.0,"key":"Toxic Egg 2"},{"floor":10.0,"key":"infinitespire:Magic Flask"},{"floor":14.0,"key":"hubris:CrystalStatue"},{"floor":24.0,"key":"Calipers"},{"floor":26.0,"key":"Garlic"},{"floor":31.0,"key":"Tiny Chest"},{"floor":40.0,"key":"Darkstone Periapt"},{"floor":40.0,"key":"Happy Flower"},{"floor":42.0,"key":"Broom"},{"floor":42.0,"key":"HornCleat"},{"floor":43.0,"key":"Replay:Kaleidoscope"},{"floor":48.0,"key":"hubris:GlazedTorus"},{"floor":48.0,"key":"HollowMod:StagPassRelic"},{"floor":54.0,"key":"Bag of Preparation"},{"floor":57.0,"key":"War Paint"},{"floor":57.0,"key":"HollowMod:PaleOreRelic"},{"floor":59.0,"key":"infinitespire:Satchel"},{"floor":59.0,"key":"Orichalcum"},{"floor":60.0,"key":"Dream Catcher"},{"floor":61.0,"key":"Chameleon Ring"},{"floor":61.0,"key":"Akabeko"},{"floor":62.0,"key":"Mirror"},{"floor":70.0,"key":"hubris:Zylophone"},{"floor":74.0,"key":"CaptainsWheel"},{"floor":74.0,"key":"hubris:ToyBattleship"},{"floor":77.0,"key":"infinitespire:WardingShard"},{"floor":81.0,"key":"Pocketwatch"},{"floor":90,"key":"Molten Egg 2"},{"floor":92,"key":"Bag of Marbles"},{"floor":92,"key":"Anchor"}],"event_choices":[{"damage_healed":0.0,"max_hp_gain":0.0,"max_hp_loss":0.0,"gold_gain":0.0,"event_name":"Living Wall","player_choice":"Grow","floor":11.0,"gold_loss":0.0,"damage_taken":0.0,"cards_upgraded":["Reprogram"]},{"damage_healed":0.0,"max_hp_gain":0.0,"max_hp_loss":0.0,"gold_gain":30.0,"event_name":"Dead Adventurer","player_choice":"Searched \u00273\u0027 times","floor":15.0,"gold_loss":0.0,"damage_taken":0.0,"relics_obtained":["Frozen Egg 2"]},{"damage_healed":0.0,"max_hp_gain":0.0,"max_hp_loss":0.0,"gold_gain":0.0,"event_name":"Winding Halls","player_choice":"Embrace Madness","floor":47.0,"gold_loss":0.0,"damage_taken":11.0,"cards_obtained":["Madness","Madness"]},{"damage_healed":0.0,"max_hp_gain":0.0,"max_hp_loss":0.0,"gold_gain":0.0,"event_name":"WeMeetAgain","player_choice":"Gave Potion","floor":53.0,"gold_loss":0.0,"damage_taken":0.0,"relics_obtained":["infinitespire:Joker Card"]},{"damage_healed":0.0,"max_hp_gain":0.0,"max_hp_loss":0.0,"gold_gain":0.0,"event_name":"Lab","player_choice":"Got Potions","floor":80.0,"gold_loss":0.0,"damage_taken":0.0},{"damage_healed":0.0,"max_hp_gain":0.0,"max_hp_loss":0.0,"gold_gain":99.0,"event_name":"Nest","player_choice":"Stole From Cult","floor":82.0,"gold_loss":0.0,"damage_taken":0.0},{"cards_removed":["GearUp"],"damage_healed":0,"gold_gain":0,"player_choice":"Purged","damage_taken":0,"max_hp_gain":0,"max_hp_loss":0,"event_name":"Purifier","floor":87,"gold_loss":0}],"is_beta":false,"boss_relics":[{"not_picked":["hubris:RunicObelisk","Velvet Choker"],"picked":"Replay:Grab Bag"},{"not_picked":["ReplayTheSpireMod:Onyx Gauntlets","Sozu"],"picked":"hubris:VirtuousBlindfold"},{"not_picked":["Fusion Hammer","hubris:CrackedHourglass"],"picked":"hubris:GrandSneckoEye"},{"not_picked":["SacredBark","Snecko Eye"],"picked":"StoneMask"},{"not_picked":["hubris:Stopwatch","Runic Pyramid"],"picked":"hubris:ScarierMask"},{"not_picked":["SlaversCollar","hubris:HollowSoul"],"picked":"Black Star"},{"not_picked":["Calling Bell","Kintsugi"],"picked":"SplendidAttire"},{"not_picked":["ReplayTheSpireMod:SealedPack","Kintsugi"],"picked":"hubris:TerracottaHorce"},{"not_picked":["Replay:Ancient Bell","hubris:CrackedHourglass","Astrolabe"]}],"items_purged_floors":[76],"is_endless":true,"potions_floor_spawned":[1,12,14,16,20,24,28,33,35,39,41,45,50,59,61,63,65,67,73,74,89],"killed_by":"Jaw Worm Horde","ascension_level":1}}