{"host":"6azrrw3tf7wb0f4b","time":1609779445,"event":{"mods":["BaseMod","DeckTracker","Minty Spire (QoL Compilation)","SuperFastMode"],"gold_per_floor":[116,266,191,27,39,39,39,64,64,76,91,91,8,72,72,147,147,147,147],"floor_reached":18,"playtime":453,"items_purged":["Strike_R"],"score":292,"play_id":"8da9f8a6-a73c-4bbe-934b-1ad1ffa4b209","local_time":"20210105015725","is_ascension_mode":true,"campfire_choices":[{"data":"Feel No Pain","floor":6,"key":"SMITH"},{"data":"Metallicize","floor":12,"key":"SMITH"},{"data":"Limit Break","floor":15,"key":"SMITH"}],"circlet_count":0,"master_deck":["AscendersBane","Strike_R","Strike_R","Strike_R","Strike_R","Defend_R","Defend_R","Defend_R","Defend_R","Bash","Feel No Pain+1","Second Wind","Wild Strike","Barricade+1","Limit Break+1","Disarm","Metallicize+1","Evolve","Heavy Blade","Impervious"],"relics":["Burning Blood","Strawberry","Anchor","Potion Belt","Nunchaku","Runic Pyramid"],"acts_visited":["Exordium","TheCity"],"potions_floor_usage":[11,14,16,16],"damage_taken":[{"damage":9,"enemies":"Jaw Worm","floor":1,"turns":4},{"damage":14,"enemies":"Small Slimes","floor":5,"turns":5},{"damage":24,"enemies":"3 Sentries","floor":8,"turns":14},{"damage":2,"enemies":"2 Louse","floor":10,"turns":5},{"damage":0,"enemies":"Lots of Slimes","floor":11,"turns":6},{"damage":34,"enemies":"Gremlin Nob","floor":14,"turns":7},{"damage":26,"enemies":"Slime Boss","floor":16,"turns":9},{"damage":67,"enemies":"3 Byrds","floor":18,"turns":10}],"seed_played":"-71960734805426944","potions_obtained":[{"floor":5,"key":"DistilledChaos"},{"floor":8,"key":"SpeedPotion"},{"floor":10,"key":"HeartOfIron"},{"floor":14,"key":"Strength Potion"},{"floor":16,"key":"LiquidMemories"}],"is_trial":false,"path_per_floor":["M","?","?","$","M","R","?","E","T","M","M","R","$","?","R","B",null,"M"],"character_chosen":"IRONCLAD","items_purchased":["Second Wind","Wild Strike","Evolve"],"campfire_rested":0,"item_purchase_floors":[4,4,13],"current_hp_per_floor":[72,72,72,72,64,64,64,46,46,50,56,56,56,28,28,8,64,0,0],"gold":147,"neow_bonus":"RANDOM_COMMON_RELIC","is_daily":false,"chose_seed":false,"campfire_upgraded":3,"win_rate":0.0,"timestamp":1609779445,"path_taken":["M","?","?","$","M","R","?","E","T","?","M","R","$","?","R","BOSS","M"],"items_purchased_type":["Card","Card","Card"],"build_version":"2020-12-22","purchased_purges":1,"victory":false,"max_hp_per_floor":[82,82,82,82,82,82,82,82,82,82,82,82,82,82,82,82,82,82,82],"card_choices":[{"not_picked":["Cleave","Warcry"],"picked":"Feel No Pain","floor":1},{"not_picked":["Wild Strike","Blood for Blood"],"picked":"Barricade","floor":5},{"not_picked":["Perfected Strike","Sword Boomerang"],"picked":"Limit Break","floor":8},{"not_picked":["Thunderclap","Second Wind"],"picked":"Disarm","floor":10},{"not_picked":["Pommel Strike","Headbutt"],"picked":"Metallicize","floor":11},{"not_picked":["Second Wind","Iron Wave"],"picked":"Heavy Blade","floor":14},{"not_picked":["Exhume","Double Tap"],"picked":"Impervious","floor":16}],"player_experience":670889,"relics_obtained":[{"floor":8,"key":"Anchor"},{"floor":9,"key":"Potion Belt"},{"floor":14,"key":"Nunchaku"}],"event_choices":[{"damage_healed":0,"gold_gain":150,"player_choice":"AGREE","damage_taken":0,"max_hp_gain":0,"max_hp_loss":0,"event_name":"Liars Game","floor":2,"gold_loss":0,"cards_obtained":["Doubt"]},{"cards_removed":["Doubt"],"damage_healed":0,"gold_gain":0,"player_choice":"Card Removal","damage_taken":0,"max_hp_gain":0,"max_hp_loss":0,"event_name":"The Cleric","floor":3,"gold_loss":75},{"damage_healed":0,"gold_gain":0,"player_choice":"Upgraded","damage_taken":0,"max_hp_gain":0,"max_hp_loss":0,"event_name":"Upgrade Shrine","floor":7,"gold_loss":0,"cards_upgraded":["Barricade"]},{"damage_healed":0,"gold_gain":0,"player_choice":"Searched \u00271\u0027 times","damage_taken":0,"max_hp_gain":0,"max_hp_loss":0,"event_name":"Dead Adventurer","floor":14,"gold_loss":0}],"is_beta":false,"boss_relics":[{"not_picked":["SlaversCollar","Runic Cube"],"picked":"Runic Pyramid"}],"items_purged_floors":[4],"is_endless":false,"potions_floor_spawned":[5,8,10,14,16],"killed_by":"3 Byrds","ascension_level":17}}