{"host":"9szwrx0bcyiqoxoy","time":1609767027,"event":{"mods":["Act Like it!","BaseMod","Gensokyo","Hallownest","Luminous","Minty Spire (QoL Compilation)","Replay The Spire","StSLib","The Bug Knight","The Marked","The Servant 0.9.4"],"gold_per_floor":[119,129,143,143,154,185,185,130,130,145,145,170,170,235,235,336,336,354,366,8,58,68,68,96,96,96,123,190,260,275,29,29,134,134,146,162,212,226,238,238,42,42,124,124,158,6,38,107,107,107],"floor_reached":51,"playtime":3025,"items_purged":[],"score":1049,"play_id":"c02e3fb0-5647-41cd-827e-a08c194e4b16","local_time":"20210104213027","is_ascension_mode":false,"campfire_choices":[{"floor":7,"key":"REST"},{"floor":11,"key":"REST"},{"floor":15,"key":"REST"},{"floor":23,"key":"REST"},{"floor":25,"key":"REST"},{"floor":32,"key":"REST"},{"data":"BottledTime","floor":40,"key":"SMITH"},{"data":"TheWorld","floor":42,"key":"SMITH"},{"data":"Initiator","floor":44,"key":"SMITH"},{"data":"Dramatic Entrance","floor":49,"key":"SMITH"}],"circlet_count":0,"master_deck":["Strike_S+1","Strike_S","Strike_S+1","Strike_S","Defend_S","Defend_S","Defend_S","Defend_S","KidneyShot+1","Exchange","Spin","SpecialFormula","ShatteredReality+1","Contraction","Solidify","Shame","Gouge+1","Unruled","Starlight","TimeWarp","Initiator+1","Defy","Moonlight+1","FastForward+1","Luminosity","TheWorld","KidneyShot","Rearm","Sunlight","ShatteredReality+1","Reset","SurpressingFire","Ricochet","TheWorld+1","BottledTime+1","Defy+1","MoonPhase+1","Solidify","Dramatic Entrance+1","DoubleEdge+1","StarChef+1","Starlight+1"],"relics":["Uniform","Bronze Scales","MealTicket","ReplayTheSpireMod:CursedCoin","Gremlin Food","Bag of Marbles","Odd Mushroom","SsserpentHead","MysterySword","Ornamental Fan","Garlic","PreservedInsect","Mango","Divine Protection","ChewingGum","Replay:Mystery Machine","Onion Ring","Bag of Preparation","Pet Ghost","Letter Opener"],"acts_visited":["Exordium","TheCity","TheBeyond"],"potions_floor_usage":[6,16,33,33,33,50,50],"damage_taken":[{"damage":3,"enemies":"Jaw Worm","floor":1,"turns":4},{"damage":0,"enemies":"Cultist","floor":2,"turns":3},{"damage":0,"enemies":"Small Slimes","floor":3,"turns":2},{"damage":21,"enemies":"Gremlin Gang","floor":5,"turns":3},{"damage":19,"enemies":"Lagavulin","floor":6,"turns":8},{"damage":11,"enemies":"Large Slime","floor":10,"turns":3},{"damage":0,"enemies":"The Mushroom Lair","floor":12,"turns":2},{"damage":18,"enemies":"Lots of Slimes","floor":14,"turns":2},{"damage":36,"enemies":"Fading Forest","floor":16,"turns":11},{"damage":24,"enemies":"Shell Parasite","floor":18,"turns":4},{"damage":8,"enemies":"Spheric Guardian","floor":19,"turns":3},{"damage":14,"enemies":"Centurion and Healer","floor":22,"turns":5},{"damage":23,"enemies":"Slavers","floor":24,"turns":3},{"damage":0,"enemies":"Gremlin Leader","floor":27,"turns":3},{"damage":2,"enemies":"Chosen and Byrds","floor":28,"turns":3},{"damage":0,"enemies":"3 Cultists","floor":29,"turns":3},{"damage":0,"enemies":"Snecko","floor":30,"turns":3},{"damage":1,"enemies":"Pondfish","floor":33,"turns":10},{"damage":0,"enemies":"Orb Walker","floor":35,"turns":2},{"damage":10,"enemies":"3 Darklings","floor":36,"turns":4},{"damage":17,"enemies":"Sphere and 2 Shapes","floor":38,"turns":4},{"damage":0,"enemies":"Spire Growth","floor":39,"turns":4},{"damage":0,"enemies":"Giant Head","floor":45,"turns":4},{"damage":0,"enemies":"R_Hoarder","floor":47,"turns":5},{"damage":5,"enemies":"4 Shapes","floor":48,"turns":3},{"damage":25,"enemies":"Awakened One","floor":50,"turns":12}],"seed_played":"3153329868371573153","potions_obtained":[{"floor":1,"key":"Venom Potion"},{"floor":3,"key":"Strength Potion"},{"floor":6,"key":"Swift Potion"},{"floor":10,"key":"Milkshake"},{"floor":14,"key":"Block Potion"},{"floor":18,"key":"SkillPotion"},{"floor":33,"key":"Regen Potion"},{"floor":38,"key":"LiquidBronze"},{"floor":45,"key":"LiquidMemories"},{"floor":47,"key":"PowerPotion"}],"is_trial":false,"path_per_floor":["M","M","M","?","M","E","R","$","T","M","R","?","?","M","R","B",null,"M","M","$","?","M","R","E","R","T","E","M","M","M","$","R","B",null,"M","M","?","M","M","R","$","R","T","R","E","$","E","M","R","B",null],"character_chosen":"THE_SERVANT","items_purchased":["ReplayTheSpireMod:CursedCoin","Gremlin Food","Gouge+1","Ornamental Fan","FastForward+1","Luminosity","Divine Protection","Dramatic Entrance","Replay:Mystery Machine","Pet Ghost"],"campfire_rested":6,"item_purchase_floors":[8,8,8,20,20,20,31,41,41,46],"current_hp_per_floor":[62,62,62,62,41,27,46,61,61,50,65,65,65,47,65,40,65,41,38,53,53,44,63,40,59,59,78,76,76,76,79,79,78,79,79,69,79,62,67,67,79,79,79,79,79,79,79,74,74,54],"gold":107,"neow_bonus":"RANDOM_COMMON_RELIC","is_daily":false,"chose_seed":false,"campfire_upgraded":4,"win_rate":0.0,"timestamp":1609767027,"path_taken":["M","M","M","?","M","E","R","$","T","?","R","?","?","?","R","BOSS","M","M","$","?","M","R","E","R","T","E","?","?","M","$","R","BOSS","M","M","?","M","M","R","?","R","T","R","E","$","E","?","R","BOSS"],"items_purchased_type":["Relic","Relic","Card","Relic","Card","Card","Relic","Card","Relic","Relic"],"build_version":"2020-12-22","purchased_purges":0,"victory":true,"max_hp_per_floor":[65,65,65,65,65,65,65,65,65,65,65,65,65,65,65,65,65,65,65,65,65,65,65,65,65,65,79,79,79,79,79,79,79,79,79,79,79,79,79,79,79,79,79,79,79,79,79,79,79,79],"card_choices":[{"not_picked":["Replace","Revamp"],"picked":"Spin","floor":1},{"not_picked":["FastForward","Read"],"picked":"SpecialFormula","floor":2},{"not_picked":["GearUp","Potential"],"picked":"ShatteredReality","floor":3},{"not_picked":["FastForward","Unruled"],"picked":"Contraction","floor":5},{"not_picked":["Replace","Advance"],"picked":"Solidify","floor":6},{"not_picked":["Contraction","FastForward"],"picked":"Unruled","floor":10},{"not_picked":["Unruled","Reset"],"picked":"Starlight","floor":12},{"not_picked":["Replace","ShatteredReality"],"picked":"TimeWarp","floor":14},{"not_picked":["ForgedInTime","Deny"],"picked":"Initiator","floor":16},{"not_picked":["FastForward","Unruled+1"],"picked":"Defy","floor":18},{"not_picked":["Rearm","Replace"],"picked":"Moonlight","floor":19},{"not_picked":["Hightail+1","FastForward"],"picked":"Rearm","floor":22},{"not_picked":["Luminosity+1","Rearm+1"],"picked":"Sunlight","floor":24},{"not_picked":["Read","FastForward"],"picked":"ShatteredReality+1","floor":27},{"not_picked":["TimeWarp+1","Spin"],"picked":"Reset","floor":28},{"not_picked":["SilverBlades+1","FastForward"],"picked":"SurpressingFire","floor":29},{"not_picked":["Potential","ShatteredReality+1"],"picked":"Ricochet","floor":30},{"not_picked":["Initiator","Sunlight"],"picked":"TheWorld","floor":33},{"not_picked":["Unruled","Revamp"],"picked":"BottledTime","floor":35},{"not_picked":["Potential+1","Revamp"],"picked":"Defy+1","floor":36},{"not_picked":["Defy","FastForward+1"],"picked":"MoonPhase+1","floor":38},{"not_picked":["Replace","MoonPhase+1"],"picked":"Solidify","floor":39},{"not_picked":["Rearm","SpecialFormula"],"picked":"DoubleEdge+1","floor":45},{"not_picked":["SilverBlades","Spin"],"picked":"StarChef+1","floor":47},{"not_picked":["Luminosity","Rearm"],"picked":"Starlight+1","floor":48}],"player_experience":59088,"relics_obtained":[{"floor":6,"key":"MealTicket"},{"floor":9,"key":"Bag of Marbles"},{"floor":12,"key":"Odd Mushroom"},{"floor":24,"key":"Garlic"},{"floor":26,"key":"PreservedInsect"},{"floor":27,"key":"Mango"},{"floor":43,"key":"Onion Ring"},{"floor":45,"key":"Bag of Preparation"},{"floor":47,"key":"Letter Opener"}],"event_choices":[{"damage_healed":0,"gold_gain":0,"player_choice":"Ignored","damage_taken":0,"max_hp_gain":0,"max_hp_loss":0,"event_name":"NoteForYourself","floor":4,"gold_loss":0},{"damage_healed":0,"gold_gain":0,"player_choice":"Fought Mushrooms","damage_taken":0,"max_hp_gain":0,"max_hp_loss":0,"event_name":"Mushrooms","floor":12,"gold_loss":0},{"damage_healed":0,"gold_gain":0,"player_choice":"Trade","damage_taken":0,"relics_obtained":["SsserpentHead"],"max_hp_gain":0,"max_hp_loss":0,"event_name":"FaceTrader","floor":13,"gold_loss":0},{"damage_healed":0,"gold_gain":0,"player_choice":"2 cards matched","damage_taken":0,"max_hp_gain":0,"max_hp_loss":0,"event_name":"Match and Keep!","floor":21,"gold_loss":0,"cards_obtained":["TheWorld","KidneyShot"]},{"damage_healed":10,"gold_gain":0,"player_choice":"Full Heal","damage_taken":0,"max_hp_gain":0,"max_hp_loss":0,"event_name":"Wheel of Change","floor":37,"gold_loss":0}],"is_beta":false,"boss_relics":[{"not_picked":["ReplayTheSpireMod:DimensionalGlitch","Astrolabe"],"picked":"MysterySword"},{"not_picked":["Runic Dome","Black Star"],"picked":"ChewingGum"}],"items_purged_floors":[],"is_endless":false,"potions_floor_spawned":[1,3,6,10,14,18,22,27,28,30,33,38,45,47],"ascension_level":0}}