{"host":"y9jgkjnf95sujozk","time":1609775504,"event":{"mods":["2.2 Compatiblity","AchievementEnabler","Act Like it!","BaseMod","Block Reminder","Colored Map","Colored Powertips","Decade(王小明)","Downfall","Friendly Minions","Gensokyo","GifTheSpireLib","Hallownest","Hermit","Highlight Path","HololiveMod","Infinite Spire","Jorbs\u0027s Wanderer Trilogy","Marisa（霧雨　魔理沙）","Minty Spire (QoL Compilation)","Random Character Button","Rare Cards Sparkle","Remilia（蕾米莉?）","Replay The Spire","Shop Mod","StSLib","SuperFastMode","The Animator","The Bug Knight","The Cursed","The Hierophant","The Jungle","The Senshi","The Servant 0.9.4"],"gold_per_floor":[118,132,57,69,69,69,31,31,31,31,21,21,115,24,24,124,124,136,136,149,149,149,149,167,167,35,35,58,71,86,99,125,125,125],"floor_reached":33,"playtime":770,"items_purged":[],"score":308,"play_id":"162c9ef3-23d3-4bcf-9815-168ab0585b45","local_time":"20210104165144","is_ascension_mode":false,"campfire_choices":[{"data":"Hallownest:skillLeafShield","floor":6.0,"key":"SMITH"},{"data":"theSenshi:SaturnsMystery","floor":8.0,"key":"SMITH"},{"data":"Hallownest:skillLeafShield","floor":10.0,"key":"SMITH"},{"data":"theSenshi:SailorPlanetPower","floor":15.0,"key":"SMITH"},{"floor":25,"key":"REST"},{"data":"theSenshi:CrisisMakeUp","floor":27,"key":"SMITH"}],"circlet_count":0,"master_deck":["theSenshi:SailorKick","theSenshi:SailorKick","theSenshi:SailorKick","theSenshi:SailorKick","theSenshi:RoseThrow","theSenshi:MoonPrismPowerMakeUp","theSenshi:SailorMarsAssists","theSenshi:SchoolBag","theSenshi:SailorMarsAssists","Hallownest:skillLeafShield","Hallownest:skillLeafShield","Hallownest:skillLeafShield","Hallownest:skillLeafShield+1","Hallownest:skillLeafShield+1","theSenshi:SaturnsMystery+1","theSenshi:MoonKick","theSenshi:SailorPlanetPower","theSenshi:SailorUranusAssists","theSenshi:SailorMarsAssists","theSenshi:SailorPlanetPower+1","theSenshi:InTheNameOfTheMoon","TheCursedMod:Dregs","Guardian:CurlUp","theSenshi:JupitersPower","Replay:SS_hec_2","ReplayTheSpireMod:Book of Names","theSenshi:Sidestep","theSenshi:MercurysCunning","theSenshi:Sidestep","theSenshi:SupersonicWaves","theSenshi:MoonPunch","theSenshi:CrisisMakeUp+1","theSenshi:SailorMarsAssists","theSenshi:SailorMarsAssists+1","theSenshi:MoonGorgeousMeditation"],"relics":["theSenshi:TransformationBroochRelic","NeowsBlessing","Hallownest:BankAccountRelic","Question Card","Hallownest:DreamNailRelic","Regal Pillow","ReplayTheSpireMod:SealedPack","Pen Nib","Happy Flower"],"acts_visited":["Exordium","TheCity"],"potions_floor_usage":[31,31],"damage_taken":[{"damage":0.0,"enemies":"Hallownest:monsterHuskGuard","floor":1.0,"turns":1.0},{"damage":0.0,"enemies":"2_ Uuma","floor":2.0,"turns":1.0},{"damage":0.0,"enemies":"Hallownest:2_Baldur","floor":4.0,"turns":1.0},{"damage":35.0,"enemies":"Hallownest:BossFalseKnight","floor":16.0,"turns":8.0},{"damage":3.0,"enemies":"Chosen","floor":18.0,"turns":4.0},{"damage":26,"enemies":"Shell Parasite","floor":20,"turns":5},{"damage":12,"enemies":"Chosen and Byrds","floor":24,"turns":8},{"damage":3,"enemies":"Snecko","floor":29,"turns":5},{"damage":25,"enemies":"Centurion and Healer","floor":30,"turns":8},{"damage":39,"enemies":"Shelled Parasite and Fungi","floor":31,"turns":5},{"damage":14,"enemies":"Snake Plant","floor":33,"turns":1}],"seed_played":"-5552430279267006990","potions_obtained":[{"floor":1.0,"key":"Death Potion"},{"floor":2.0,"key":"BlessingOfTheForge"},{"floor":20,"key":"Strength Potion"},{"floor":29,"key":"SkillPotion"},{"floor":31,"key":"Elixir"}],"is_trial":false,"path_per_floor":["M","M","?","M","?","R","$","R","T","R","$","?","?","$","R","B",null,"M","?","M","PTL","PTL","?","M","R","$","R","T","M","M","M","T","M"],"character_chosen":"THE_SENSHI","items_purchased":["theSenshi:SaturnsMystery","theSenshi:MoonKick","theSenshi:SailorMarsAssists","theSenshi:SailorPlanetPower","theSenshi:SupersonicWaves","theSenshi:MoonPunch","theSenshi:CrisisMakeUp"],"campfire_rested":1,"item_purchase_floors":[7,11,14,14,26,26,26],"current_hp_per_floor":[75,75,75,75,75,75,75,75,75,75,75,75,75,75,75,50,75,72,72,49,49,49,49,47,75,75,75,75,72,47,8,8,0,0],"gold":125,"neow_bonus":"THREE_ENEMY_KILL","is_daily":false,"chose_seed":false,"campfire_upgraded":5,"win_rate":0.0,"timestamp":1609775504,"path_taken":["M","M","?","M","?","R","$","R","T","R","$","?","?","$","R","BOSS","M","?","M","PTL","PTL","?","?","R","$","R","T","?","M","M","?","?"],"items_purchased_type":["Card","Card","Card","Card","Card","Card","Card"],"build_version":"2020-12-22","purchased_purges":0,"victory":false,"max_hp_per_floor":[75,75,75,75,75,75,75,75,75,75,75,75,75,75,75,75,75,75,75,75,75,75,75,75,75,75,75,75,75,75,75,75,75,75],"card_choices":[{"not_picked":["theSenshi:Sidestep","theSenshi:MoonPunch"],"picked":"theSenshi:SailorMarsAssists","floor":1.0},{"not_picked":["theSenshi:InTheNickOfTime","theSenshi:LateForSchool"],"picked":"theSenshi:SchoolBag","floor":2.0},{"not_picked":["theSenshi:LunasBite","theSenshi:SailorStarMakerAssists"],"picked":"theSenshi:SailorMarsAssists","floor":4.0},{"not_picked":["theSenshi:MoonTiaraMagic","theSenshi:GatheringStrength","theSenshi:LateForSchool"],"picked":"theSenshi:SailorPlanetPower","floor":13.0},{"not_picked":["theSenshi:LunasBite","theSenshi:MoonPunch","theSenshi:MoonTiaraMagic"],"picked":"theSenshi:SailorUranusAssists","floor":13.0},{"not_picked":["theSenshi:StudyParty","theSenshi:FatedKiss","theSenshi:SilverMoonCrystalPowerKiss"],"picked":"theSenshi:InTheNameOfTheMoon","floor":16.0},{"not_picked":["Eruption","FinalAttackRide","Exchange"],"picked":"Guardian:CurlUp","floor":17.0},{"not_picked":["theSenshi:IWillPunishYou","theSenshi:SailorStarHealerAssists","theSenshi:SailorPlutoAssists"],"picked":"theSenshi:JupitersPower","floor":17.0},{"not_picked":["expansioncontent:LastStand","Replay:SS_hec_1","expansioncontent:SlimeTackle"],"picked":"Replay:SS_hec_2","floor":17.0},{"not_picked":["infinitespire:Fortify","infinitespire:DeathsTouch","infinitespire:NeuralNetwork"],"picked":"ReplayTheSpireMod:Book of Names","floor":17.0},{"not_picked":["theSenshi:SchoolBag+1","theSenshi:SailorMarsAssists","theSenshi:SailorNeptuneAssists"],"picked":"theSenshi:Sidestep","floor":18.0},{"not_picked":["theSenshi:SailorVenusAssists","theSenshi:MoonCrystalPowerMakeUp","theSenshi:SailorMarsAssists+1"],"picked":"theSenshi:MercurysCunning","floor":20},{"not_picked":["theSenshi:LunasBite+1","theSenshi:LateForSchool+1","theSenshi:MoonCosmicPowerMakeUp"],"picked":"theSenshi:Sidestep","floor":24},{"not_picked":["theSenshi:MoonKick+1","theSenshi:MoonsReflection","theSenshi:PlutosSolemnity"],"picked":"theSenshi:SailorMarsAssists","floor":29},{"not_picked":["theSenshi:SailorV","theSenshi:EncouragingSpeech","theSenshi:SailorMercuryAssists"],"picked":"theSenshi:SailorMarsAssists+1","floor":30},{"not_picked":["theSenshi:HesSoDreamy","theSenshi:SailorMercuryAssists","theSenshi:EncouragingSpeech"],"picked":"theSenshi:MoonGorgeousMeditation","floor":31}],"player_experience":134683,"relics_obtained":[{"floor":9.0,"key":"Question Card"},{"floor":13.0,"key":"Regal Pillow"},{"floor":28,"key":"Pen Nib"},{"floor":32,"key":"Happy Flower"}],"event_choices":[{"damage_healed":0,"gold_gain":0,"player_choice":"Ignored","damage_taken":0,"max_hp_gain":0,"max_hp_loss":0,"event_name":"Beggar","floor":19,"gold_loss":0},{"damage_healed":0,"gold_gain":0,"player_choice":"Ignored","damage_taken":0,"max_hp_gain":0,"max_hp_loss":0,"event_name":"Purifier","floor":23,"gold_loss":0}],"is_beta":false,"boss_relics":[{"not_picked":["Ring of Chaos","Calling Bell"],"picked":"ReplayTheSpireMod:SealedPack"}],"items_purged_floors":[],"is_endless":false,"potions_floor_spawned":[1,2,20,29,31],"killed_by":"Snake Plant","ascension_level":0}}