{"host":"54vghy6hfkyy1r39","time":1609752011,"event":{"mods":["AchievementEnabler","BaseMod","Minty Spire (QoL Compilation)","StSLib","SuperFastMode","everything is the same but u backflip on backflip"],"gold_per_floor":[13,13,88,100,117,117,117,145,175,199,45,10,42,42,54,54,159,159,175,47,63,162,162,191,202,202,202,202,236,254,254,115,115,219,219,234,244,119,0,13,13,44,44,123,138,138,138,150,178,178,178,178,178,32,60,60,60],"floor_reached":56,"playtime":2148,"items_purged":["Strike_P","Pain","Defend_P"],"score":906,"play_id":"53a0b928-6ef7-46a9-bd13-4e3fe85579c1","local_time":"20210104182011","is_ascension_mode":true,"campfire_choices":[{"data":"Vigilance","floor":7.0,"key":"SMITH"},{"floor":14.0,"key":"REST"},{"data":"MentalFortress","floor":16.0,"key":"SMITH"},{"floor":26.0,"key":"REST"},{"data":"FlurryOfBlows","floor":28.0,"key":"SMITH"},{"floor":33.0,"key":"REST"},{"data":"Adaptation","floor":41.0,"key":"SMITH"},{"data":"Vault","floor":43.0,"key":"SMITH"},{"floor":46.0,"key":"RECALL"},{"data":"EmptyBody","floor":50.0,"key":"SMITH"},{"data":"Defend_P","floor":53.0,"key":"SMITH"}],"circlet_count":0,"master_deck":["Strike_P","Strike_P+1","Defend_P+1","Defend_P","Defend_P","Eruption+1","Vigilance+1","EmptyBody+1","MentalFortress+1","FlurryOfBlows+1","Vault+1","EmptyFist+1","Crescendo+1","Vault+1","InnerPeace+1","MentalFortress+1","Adaptation+1","ConjureBlade+1","Crescendo+1","Deep Breath+1","Halt+1","LikeWater+1"],"relics":["PureWater","Regal Pillow","Matryoshka","PreservedInsect","Nunchaku","Strange Spoon","Pear","Cursed Key","Toxic Egg 2","Whetstone","Bag of Preparation","Omamori","Sozu","Red Mask","Sundial","Bronze Scales","Ornamental Fan"],"acts_visited":["Exordium","TheCity","TheBeyond","TheEnding"],"potions_floor_usage":[],"damage_taken":[{"damage":0.0,"enemies":"2 Louse","floor":1.0,"turns":2.0},{"damage":0.0,"enemies":"Jaw Worm","floor":4.0,"turns":2.0},{"damage":2.0,"enemies":"Small Slimes","floor":5.0,"turns":3.0},{"damage":53.0,"enemies":"Gremlin Nob","floor":8.0,"turns":6.0},{"damage":32.0,"enemies":"3 Sentries","floor":13.0,"turns":11.0},{"damage":0.0,"enemies":"Exordium Wildlife","floor":15.0,"turns":5.0},{"damage":66.0,"enemies":"Slime Boss","floor":17.0,"turns":18.0},{"damage":26.0,"enemies":"Shell Parasite","floor":19.0,"turns":11.0},{"damage":1.0,"enemies":"3 Byrds","floor":21.0,"turns":7.0},{"damage":25.0,"enemies":"Gremlin Leader","floor":24.0,"turns":9.0},{"damage":9.0,"enemies":"Centurion and Healer","floor":25.0,"turns":7.0},{"damage":6.0,"enemies":"Slavers","floor":29.0,"turns":6.0},{"damage":10.0,"enemies":"Snake Plant","floor":30.0,"turns":5.0},{"damage":6.0,"enemies":"Collector","floor":34.0,"turns":12.0},{"damage":0.0,"enemies":"Orb Walker","floor":36.0,"turns":3.0},{"damage":0.0,"enemies":"3 Shapes","floor":37.0,"turns":4.0},{"damage":0.0,"enemies":"Transient","floor":40.0,"turns":7.0},{"damage":0.0,"enemies":"Giant Head","floor":42.0,"turns":5.0},{"damage":0.0,"enemies":"Maw","floor":45.0,"turns":9.0},{"damage":0.0,"enemies":"Jaw Worm Horde","floor":48.0,"turns":4.0},{"damage":0.0,"enemies":"Nemesis","floor":49.0,"turns":4.0},{"damage":45.0,"enemies":"Donu and Deca","floor":51.0,"turns":8.0},{"damage":35.0,"enemies":"Shield and Spear","floor":55.0,"turns":9.0},{"damage":66,"enemies":"The Heart","floor":56,"turns":7}],"seed_played":"-1978160564832802162","potions_obtained":[{"floor":1.0,"key":"PowerPotion"},{"floor":5.0,"key":"Regen Potion"},{"floor":15.0,"key":"LiquidMemories"},{"floor":24.0,"key":"Weak Potion"},{"floor":29.0,"key":"AttackPotion"},{"floor":30.0,"key":"Explosive Potion"}],"is_trial":false,"path_per_floor":["M","?","?","M","M","M","R","E","?","T","$","?","E","R","M","R","B",null,"M","$","M","?","?","E","M","R","T","R","E","M","?","$","R","B",null,"M","M","$","?","M","R","E","R","T","M","R","$","M","E","R","B",null,"R","$","E","B"],"character_chosen":"WATCHER","items_purchased":["Strange Spoon","EmptyFist","Adaptation","Deep Breath+1","Halt+1"],"campfire_rested":3,"item_purchase_floors":[11,20,32,54,54],"current_hp_per_floor":[86,86,75,75,73,73,73,35,35,35,35,56,34,77,77,77,11,96,70,70,69,69,69,44,35,78,78,78,72,62,62,62,96,90,96,96,96,96,96,96,96,96,96,96,96,96,96,96,96,96,51,96,96,96,61,0,0],"gold":60,"neow_bonus":"TWENTY_PERCENT_HP_BONUS","is_daily":false,"chose_seed":false,"campfire_upgraded":7,"win_rate":0.0,"timestamp":1609752011,"path_taken":["M","?","?","M","M","M","R","E","?","T","?","?","E","R","M","R","BOSS","M","$","M","?","?","E","M","R","T","R","E","?","?","$","R","BOSS","M","M","$","?","M","R","E","R","T","M","R","$","M","E","R","BOSS","R","$","E","BOSS"],"items_purchased_type":["Relic","Card","Card","Card","Card"],"build_version":"2020-12-22","purchased_purges":3,"victory":false,"max_hp_per_floor":[86,86,86,86,86,86,86,86,86,86,86,86,96,96,96,96,96,96,96,96,96,96,96,96,96,96,96,96,96,96,96,96,96,96,96,96,96,96,96,96,96,96,96,96,96,96,96,96,96,96,96,96,96,96,96,96,96],"card_choices":[{"not_picked":["Wireheading","JustLucky","Sanctity"],"picked":"SKIP","floor":1.0},{"not_picked":["EmptyFist","WaveOfTheHand"],"picked":"EmptyBody","floor":4.0},{"not_picked":["FollowUp","Sanctity","BowlingBash"],"picked":"SKIP","floor":5.0},{"not_picked":["LikeWater","SignatureMove","EmptyMind"],"picked":"SKIP","floor":8.0},{"not_picked":["TalkToTheHand","Judgement"],"picked":"MentalFortress","floor":13.0},{"not_picked":["JustLucky","Wireheading"],"picked":"FlurryOfBlows","floor":15.0},{"not_picked":["Scrawl","Blasphemy"],"picked":"Vault","floor":17.0},{"not_picked":["ThirdEye","JustLucky","SashWhip"],"picked":"SKIP","floor":19.0},{"not_picked":["Vengeance","ReachHeaven+1","WindmillStrike+1"],"picked":"SKIP","floor":21.0},{"not_picked":["EmptyFist","JustLucky"],"picked":"Crescendo+1","floor":24.0},{"not_picked":["Study","WindmillStrike"],"picked":"Vault+1","floor":25.0},{"not_picked":["Fasting2","Protect+1","WindmillStrike"],"picked":"SKIP","floor":29.0},{"not_picked":["SignatureMove","DeceiveReality+1"],"picked":"InnerPeace+1","floor":30.0},{"not_picked":["Establishment","Wish+1"],"picked":"ConjureBlade+1","floor":34.0},{"not_picked":["JustLucky+1","PathToVictory+1"],"picked":"Crescendo+1","floor":36.0},{"not_picked":["Weave+1","Prostrate+1","Nirvana"],"picked":"SKIP","floor":37.0},{"not_picked":["Crescendo+1","WheelKick","Protect+1"],"picked":"SKIP","floor":40.0},{"not_picked":["CutThroughFate+1","Wallop+1","Ragnarok"],"picked":"SKIP","floor":42.0},{"not_picked":["Collect+1","DeceiveReality+1","FlyingSleeves+1"],"picked":"SKIP","floor":45.0},{"not_picked":["FlyingSleeves+1","Prostrate+1","FlurryOfBlows"],"picked":"SKIP","floor":48.0},{"not_picked":["InnerPeace+1","Pray+1","Scrawl+1"],"picked":"SKIP","floor":49.0},{"not_picked":["Consecrate+1","BattleHymn+1"],"picked":"LikeWater+1","floor":55.0}],"player_experience":183426,"relics_obtained":[{"floor":8.0,"key":"Regal Pillow"},{"floor":10.0,"key":"PreservedInsect"},{"floor":10.0,"key":"Nunchaku"},{"floor":13.0,"key":"Pear"},{"floor":24.0,"key":"Toxic Egg 2"},{"floor":27.0,"key":"Whetstone"},{"floor":27.0,"key":"Bag of Preparation"},{"floor":29.0,"key":"Omamori"},{"floor":42.0,"key":"Sundial"},{"floor":49.0,"key":"Bronze Scales"},{"floor":55.0,"key":"Ornamental Fan"}],"event_choices":[{"damage_healed":0.0,"max_hp_gain":0.0,"max_hp_loss":0.0,"gold_gain":0.0,"event_name":"Living Wall","player_choice":"Grow","floor":2.0,"gold_loss":0.0,"damage_taken":0.0,"cards_upgraded":["Eruption"]},{"damage_healed":0.0,"max_hp_gain":0.0,"max_hp_loss":0.0,"gold_gain":75.0,"event_name":"World of Goop","player_choice":"Gather Gold","floor":3.0,"gold_loss":0.0,"damage_taken":11.0},{"damage_healed":0.0,"max_hp_gain":0.0,"max_hp_loss":0.0,"gold_gain":30.0,"event_name":"Dead Adventurer","player_choice":"Searched \u00272\u0027 times","floor":9.0,"gold_loss":0.0,"damage_taken":0.0,"relics_obtained":["Matryoshka"]},{"damage_healed":21.0,"max_hp_gain":0.0,"max_hp_loss":0.0,"gold_gain":0.0,"event_name":"The Cleric","player_choice":"Healed","floor":12.0,"gold_loss":35.0,"damage_taken":0.0},{"damage_healed":0.0,"max_hp_gain":0.0,"max_hp_loss":0.0,"gold_gain":99.0,"event_name":"Nest","player_choice":"Stole From Cult","floor":22.0,"gold_loss":0.0,"damage_taken":0.0},{"cards_removed":["Strike_P"],"damage_healed":0.0,"max_hp_gain":0.0,"max_hp_loss":0.0,"gold_gain":0.0,"event_name":"Purifier","player_choice":"Purged","floor":23.0,"gold_loss":0.0,"damage_taken":0.0},{"damage_healed":0.0,"max_hp_gain":0.0,"max_hp_loss":0.0,"gold_gain":0.0,"event_name":"Duplicator","player_choice":"Copied","floor":31.0,"gold_loss":0.0,"damage_taken":0.0,"cards_obtained":["MentalFortress"]},{"damage_healed":0.0,"max_hp_gain":0.0,"max_hp_loss":0.0,"gold_gain":0.0,"event_name":"Tomb of Lord Red Mask","player_choice":"Paid","floor":39.0,"gold_loss":119.0,"damage_taken":0.0,"relics_obtained":["Red Mask"]}],"is_beta":false,"boss_relics":[{"not_picked":["Runic Dome","HolyWater"],"picked":"Cursed Key"},{"not_picked":["Snecko Eye","Philosopher\u0027s Stone"],"picked":"Sozu"}],"items_purged_floors":[20,32,38],"is_endless":false,"potions_floor_spawned":[1,5,15,24,29,30,34,42,45,55],"killed_by":"The Heart","ascension_level":2}}