{"host":"o7ymgqw1bx1zbjaa","time":1609755521,"event":{"mods":["2.2 Compatiblity","AchievementEnabler","Act Like it!","Aspiration","BaseMod","Better Altar","Better Match","Better Note","Better Sensory Stone","Better Skull","Better Third Choice","Colored Map","Conspire","Energized Spire","Highlight Path","Hubris","Infinite Spire","Jedi Mod","Marked Mod","Minty Spire (QoL Compilation)","Pale of the Ancients","Permanent Neow","Quick Restart","Random Character Button","Rare Cards Sparkle","Replay The Spire","Spicy Shops","Spikes Relics","StSLib","The Blue Laboratory","Wandering Minibosses"],"gold_per_floor":[119,44,64,83,83,83,83,112,112,130,126,151,151,164,164,159,159],"floor_reached":16,"playtime":1758,"items_purged":["Strike_P","Defend_P","Strike_P"],"score":151,"play_id":"bec9381e-44a9-4c3c-9b7a-8d1d35e4b538","local_time":"20210104041841","is_ascension_mode":true,"campfire_choices":[{"data":"Eruption","floor":6,"key":"SMITH"},{"floor":13,"key":"REST"},{"data":"Replay:Vibes","floor":15,"key":"SMITH"}],"circlet_count":0,"master_deck":["Strike_P","Strike_P","Defend_P","Defend_P","Eruption+1","Vigilance","MentalFortress","Prostrate","Sanctity","EmptyFist","EmptyBody","Pray","Replay:Vibes+1","Vault"],"relics":["PureWater","conspire:Boomerang","Tiny Chest","ClockworkSouvenir","BrokenLever","infinitespire:ShieldingShard"],"acts_visited":["Exordium"],"potions_floor_usage":[8],"damage_taken":[{"damage":1,"enemies":"Cultist","floor":1,"turns":3},{"damage":0,"enemies":"Small Slimes","floor":3,"turns":3},{"damage":2,"enemies":"Jaw Worm","floor":4,"turns":5},{"damage":23,"enemies":"3 Sentries","floor":8,"turns":8},{"damage":2,"enemies":"Blue Slaver","floor":10,"turns":3},{"damage":0,"enemies":"Gremlin Gang","floor":11,"turns":7},{"damage":0,"enemies":"Lagavulin","floor":12,"turns":6},{"damage":0,"enemies":"Red Slaver","floor":14,"turns":2},{"damage":24,"enemies":"Slime Boss","floor":16,"turns":7}],"seed_played":"2966887639292537353","potions_obtained":[{"floor":4,"key":"Adrenaline Potion"},{"floor":14,"key":"LifebloodPotion"}],"is_trial":false,"path_per_floor":["M","$","M","M","?","R","$","E","T","M","M","E","R","M","R","B"],"character_chosen":"WATCHER","items_purchased":["Tiny Chest","ClockworkSouvenir"],"campfire_rested":1,"item_purchase_floors":[7,7],"current_hp_per_floor":[64,64,64,62,62,62,30,7,7,5,5,5,24,24,24,0,0],"gold":159,"neow_bonus":"ONE_RARE_RELIC","is_daily":false,"chose_seed":false,"campfire_upgraded":2,"win_rate":0.0,"timestamp":1609755521,"path_taken":["M","?","M","M","?","R","?","E","T","?","M","E","R","M","R","BOSS"],"items_purchased_type":["Relic","Relic"],"build_version":"2020-12-22","purchased_purges":3,"victory":false,"max_hp_per_floor":[65,65,65,65,65,65,65,65,65,65,65,65,65,65,65,65,65],"card_choices":[{"not_picked":["MarkedMod:Acupuncture","Replay:DivineShield"],"picked":"MentalFortress","floor":1},{"not_picked":["WreathOfFlame","Tantrum"],"picked":"Prostrate","floor":3},{"not_picked":["Halt","MarkedMod:GentlePulse"],"picked":"Sanctity","floor":4},{"not_picked":["Replay:BluntJabs","SashWhip"],"picked":"EmptyFist","floor":8},{"not_picked":["MarkedMod:FirstStrike","FlurryOfBlows"],"picked":"EmptyBody","floor":10},{"not_picked":["ThirdEye","Indignation"],"picked":"Pray","floor":11},{"not_picked":["Replay:ManipulateFuture","MarkedMod:FirstStrike"],"picked":"Replay:Vibes","floor":12},{"not_picked":["Fasting2","FollowUp"],"picked":"Vault","floor":14}],"player_experience":260572,"relics_obtained":[{"floor":8,"key":"BrokenLever"},{"floor":12,"key":"infinitespire:ShieldingShard"}],"event_choices":[],"is_beta":false,"boss_relics":[],"items_purged_floors":[2,7,7],"is_endless":false,"potions_floor_spawned":[4,14],"killed_by":"Slime Boss","ascension_level":2}}