{"host":"gsmj583br51y3r1c","time":1609779579,"event":{"mods":["AchievementEnabler","BaseMod","Better Note","Colored Map","Dio Mod","Downfall","Hermit","Highlight Path","Hubris","Infinite Spire","Marisa????????","Minty Spire (QoL Compilation)","Permanent Neow","Quick Restart","StSLib","The Bug Knight","The Cursed","The Disciple","The Elementalist","The Marked","The Mystic","The Runesmith","The Servant 0.9.4","Unceasing Turn Reminder","everything is the same but u backflip on backflip"],"gold_per_floor":[114,114,114,137,157,169,169,181,204,14,14,40,40,51,51,151,151],"floor_reached":16,"playtime":864,"items_purged":[],"score":100,"play_id":"dbf34085-47ec-4d10-8ac8-1ab8d9e39452","local_time":"20210104185939","is_ascension_mode":false,"campfire_choices":[{"floor":7,"key":"REST"},{"data":"Mayhem","floor":11,"key":"SMITH"},{"floor":15,"key":"RECALL"}],"circlet_count":0,"master_deck":["Strike_MRS","Strike_MRS","Strike_MRS+1","Strike_MRS","Defend_MRS","Defend_MRS","Defend_MRS","Defend_MRS","MasterSpark+1","UpSweep","hubris:Wrath","NonDirectionalLaser","DragonMeteor","Acceleration","Mayhem+1","EnergyFlow","EscapeVelocity"],"relics":["MiniHakkero","hubris:AstralHammer","infinitespire:Lychee Nut","Ancient Tea Set","hubris:Icosahedron"],"acts_visited":["Exordium"],"potions_floor_usage":[8,8],"damage_taken":[{"damage":1,"enemies":"Cultist","floor":1,"turns":3},{"damage":6,"enemies":"Jaw Worm","floor":5,"turns":2},{"damage":0,"enemies":"2 Louse","floor":6,"turns":2},{"damage":0,"enemies":"Looter","floor":8,"turns":2},{"damage":6,"enemies":"Gremlin Nob","floor":12,"turns":3},{"damage":11,"enemies":"Red Slaver","floor":14,"turns":4},{"damage":37,"enemies":"The Guardian","floor":16,"turns":4}],"seed_played":"-9189220762562781411","potions_obtained":[{"floor":1,"key":"Strength Potion"},{"floor":6,"key":"AttackPotion"},{"floor":14,"key":"Block Potion"}],"is_trial":false,"path_per_floor":["M","?","?","T","M","M","R","M","T","$","R","E","?","M","R","B"],"character_chosen":"MARISA","items_purchased":["Mayhem"],"campfire_rested":1,"item_purchase_floors":[10],"current_hp_per_floor":[74,59,26,26,23,26,42,45,45,45,45,44,44,39,39,8,8],"gold":151,"neow_bonus":"ONE_RARE_RELIC","is_daily":false,"chose_seed":false,"campfire_upgraded":1,"win_rate":0.0,"timestamp":1609779579,"path_taken":["M","?","?","?","?","M","R","M","T","$","R","E","?","M","R","BOSS"],"items_purchased_type":["Card"],"build_version":"2020-12-22","purchased_purges":0,"victory":false,"max_hp_per_floor":[75,75,56,56,56,56,56,56,56,56,56,56,56,56,56,56,56],"card_choices":[{"not_picked":["FairyDestructionRay","DoubleSpark"],"picked":"NonDirectionalLaser","floor":1},{"not_picked":["SporeBomb","ShootingEcho","MysteriousBeam"],"picked":"SKIP","floor":5},{"not_picked":["MachineGunSpark","6A"],"picked":"DragonMeteor","floor":6},{"not_picked":["ShootingEcho","PowerUp"],"picked":"Acceleration","floor":8},{"not_picked":["MagicChant","WitchOfGreed"],"picked":"EnergyFlow","floor":12},{"not_picked":["ChargeUpSpray","WitchLeyline"],"picked":"EscapeVelocity","floor":14}],"player_experience":315836,"relics_obtained":[{"floor":12,"key":"Ancient Tea Set"}],"event_choices":[{"damage_healed":0,"gold_gain":0,"player_choice":"Entered Light","damage_taken":15,"max_hp_gain":0,"max_hp_loss":0,"event_name":"Shining Light","floor":2,"gold_loss":0,"cards_upgraded":["Strike_MRS","MasterSpark"]},{"damage_healed":0,"gold_gain":0,"player_choice":"Success","damage_taken":33,"relics_obtained":["infinitespire:Lychee Nut"],"max_hp_gain":0,"max_hp_loss":0,"event_name":"Scrap Ooze","floor":3,"gold_loss":0}],"is_beta":false,"boss_relics":[],"items_purged_floors":[],"is_endless":false,"potions_floor_spawned":[1,6,14],"killed_by":"The Guardian","ascension_level":0}}