{"host":"j204k34h42bd6fas","time":1609776118,"event":{"mods":["Aspiration","BaseMod","Colored Map","Colored Powertips","Conspire","Energized Spire","Hubris","Infinite Spire","JesterMod","Mimic Mod","Minty Spire (QoL Compilation)","Rare Cards Sparkle","Relic Stats","Replay The Spire","Say the Spire","StSLib","The Cursed","The Marked"],"gold_per_floor":[119,119,6,19,31,49,49,49,98,98,111,131,147,157,157,255,255,269,44,59,74,74,74,106,106,106,136,136,136],"floor_reached":28,"playtime":1018,"items_purged":[],"score":315,"play_id":"c2876d21-0226-433c-b406-2244c833cd31","local_time":"20210104110158","is_ascension_mode":true,"campfire_choices":[{"data":"Riddle With Holes","floor":8,"key":"SMITH"},{"floor":15,"key":"REST"},{"floor":23,"key":"REST"}],"circlet_count":0,"master_deck":["Strike_G","Strike_G","Strike_G+1","Strike_G","Strike_G","Defend_G","Defend_G","Defend_G+1","Defend_G","Defend_G+1","Survivor","Neutralize","Quick Slash","Riddle With Holes+1","Outmaneuver","PiercingWail+1","Riddle With Holes","Die Die Die","Dagger Throw","Outmaneuver","Concentrate","Prepared","A Thousand Cuts","Tactician+1","ReplayTheSpireMod:Speed Training","Flying Knee","Noxious Fumes","Noxious Fumes","Dodge and Roll","Bane","Riddle With Holes+1"],"relics":["Ring of the Snake","NeowsBlessing","hubris:AncientText","conspire:SpecialSausage","Membership Card","aspiration:SneckoTail","Philosopher\u0027s Stone","Pantograph","Nunchaku","Simple Rune"],"acts_visited":["Exordium","TheCity"],"potions_floor_usage":[13,16,24,24,27],"damage_taken":[{"damage":0,"enemies":"Cultist","floor":1,"turns":1},{"damage":0,"enemies":"2 Louse","floor":4,"turns":1},{"damage":0,"enemies":"Small Slimes","floor":5,"turns":1},{"damage":14,"enemies":"Blue Slaver","floor":6,"turns":3},{"damage":0,"enemies":"2 Fungi Beasts","floor":11,"turns":2},{"damage":9,"enemies":"Large Slime","floor":12,"turns":4},{"damage":8,"enemies":"Gremlin Gang","floor":13,"turns":4},{"damage":0,"enemies":"2 Fungi Beasts","floor":14,"turns":2},{"damage":38,"enemies":"The Guardian","floor":16,"turns":11},{"damage":0,"enemies":"conspire:FuzzyDice","floor":18,"turns":6},{"damage":16,"enemies":"2 Thieves","floor":20,"turns":3},{"damage":12,"enemies":"conspire:HollyBat","floor":21,"turns":6},{"damage":30,"enemies":"conspire:Head Lice","floor":24,"turns":5},{"damage":15,"enemies":"Slavers","floor":27,"turns":5},{"damage":6,"enemies":"3 Cultists","floor":28,"turns":2}],"seed_played":"8146563075116839647","potions_obtained":[{"floor":5,"key":"ColorlessPotion"},{"floor":6,"key":"ColorlessPotion"},{"floor":11,"key":"Swift Potion"},{"floor":12,"key":"CultistPotion"},{"floor":16,"key":"Explosive Potion"},{"floor":20,"key":"CunningPotion"}],"is_trial":false,"path_per_floor":["M","$","$","M","M","M","?","R","T","?","M","M","M","M","R","B",null,"M","$","M","M","AVR","R","E","?","T","E","M"],"character_chosen":"THE_SILENT","items_purchased":["Riddle With Holes","Fluid Movement","Membership Card","ReplayTheSpireMod:Speed Training","Flying Knee","Noxious Fumes"],"campfire_rested":2,"item_purchase_floors":[3,3,19,19,19,19],"current_hp_per_floor":[70,70,70,70,70,56,42,42,42,42,42,33,25,25,46,8,55,55,55,39,27,27,48,18,18,18,3,0,0],"gold":136,"neow_bonus":"THREE_ENEMY_KILL","is_daily":false,"chose_seed":false,"campfire_upgraded":1,"win_rate":0.0,"timestamp":1609776118,"path_taken":["M","?","$","?","M","M","?","R","T","?","?","M","M","M","R","BOSS","M","$","M","M","AVR","R","E","?","T","E","M"],"items_purchased_type":["Card","Card","Relic","Card","Card","Card"],"build_version":"2020-12-22","purchased_purges":0,"victory":false,"max_hp_per_floor":[70,70,70,70,70,70,70,70,70,70,70,70,70,70,70,70,70,70,70,70,70,70,70,70,70,70,70,70,70],"relic_stats":{"Nunchaku":[2],"counters":[15,56],"Pantograph":0,"obtain_stats":[{"Nunchaku":26,"NeowsBlessing":0,"aspiration:SneckoTail":22,"Pantograph":24,"conspire:SpecialSausage":17,"Philosopher\u0027s Stone":22,"Simple Rune":27,"Membership Card":19,"hubris:AncientText":9,"Ring of the Snake":0},{"Nunchaku":13,"NeowsBlessing":0,"aspiration:SneckoTail":12,"Pantograph":13,"conspire:SpecialSausage":9,"Philosopher\u0027s Stone":12,"Simple Rune":14,"Membership Card":10,"hubris:AncientText":4,"Ring of the Snake":0},{"Nunchaku":49,"NeowsBlessing":0,"aspiration:SneckoTail":44,"Pantograph":49,"conspire:SpecialSausage":29,"Philosopher\u0027s Stone":44,"Simple Rune":54,"Membership Card":35,"hubris:AncientText":6,"Ring of the Snake":0}],"Ring of the Snake":[30]},"card_choices":[{"not_picked":["Sneak Up","Hidden Blade"],"picked":"Quick Slash","floor":1},{"not_picked":["Poisoned Stab","Backflip"],"picked":"Outmaneuver","floor":4},{"not_picked":["Poisoned Stab","Flechettes"],"picked":"PiercingWail","floor":5},{"not_picked":["Terror","Noxious Fumes"],"picked":"Riddle With Holes","floor":6},{"not_picked":["Slice","Dodge and Roll"],"picked":"Dagger Throw","floor":11},{"not_picked":["Blade Dance","Dodge and Roll"],"picked":"Outmaneuver","floor":12},{"not_picked":["Poisoned Stab","Wraith Form v2"],"picked":"Concentrate","floor":13},{"not_picked":["Calculated Gamble","Slice"],"picked":"Prepared","floor":14},{"not_picked":["After Image","Grand Finale"],"picked":"A Thousand Cuts","floor":16},{"not_picked":["Hidden Blade","Sucker Punch+1"],"picked":"Tactician+1","floor":18},{"not_picked":["Sucker Punch+1","Deadly Poison"],"picked":"Noxious Fumes","floor":20},{"not_picked":["Caltrops","Blade Dance"],"picked":"Dodge and Roll","floor":21},{"not_picked":["Acrobatics","hubris:SlightOfHand"],"picked":"Bane","floor":24},{"not_picked":["hubris:SlightOfHand+1","Well Laid Plans"],"picked":"Riddle With Holes+1","floor":27}],"player_experience":329764,"relics_obtained":[{"floor":9,"key":"hubris:AncientText"},{"floor":24,"key":"Pantograph"},{"floor":26,"key":"Nunchaku"},{"floor":27,"key":"Simple Rune"}],"event_choices":[{"damage_healed":0,"gold_gain":0,"player_choice":"Entered Light","damage_taken":14,"max_hp_gain":0,"max_hp_loss":0,"event_name":"Shining Light","floor":7,"gold_loss":0,"cards_upgraded":["Defend_G","PiercingWail"]},{"damage_healed":0,"gold_gain":0,"cards_transformed":["Fluid Movement"],"player_choice":"Transformed","damage_taken":0,"max_hp_gain":0,"max_hp_loss":0,"event_name":"Transmorgrifier","floor":10,"gold_loss":0,"cards_obtained":["Die Die Die"]},{"damage_healed":0,"gold_gain":0,"player_choice":"Ignored","damage_taken":0,"max_hp_gain":0,"max_hp_loss":0,"event_name":"Cursed Tome","floor":25,"gold_loss":0}],"is_beta":false,"boss_relics":[{"not_picked":["Ring of the Serpent","Black Star"],"picked":"conspire:SpecialSausage"}],"items_purged_floors":[],"is_endless":false,"potions_floor_spawned":[5,6,11,12,16,20,21],"killed_by":"3 Cultists","ascension_level":5}}