{"host":"vlqejv0notyktumz","time":1609721879,"event":{"mods":["AchievementEnabler","BaseMod","Googly Eyes","Minty Spire (QoL Compilation)"],"gold_per_floor":[119,137,10,33,49,49,49,49,72,72,106,106,131,145,145,145,145],"floor_reached":16,"playtime":284,"items_purged":[],"score":130,"play_id":"0f8095ae-4d36-43ee-9be1-bf30f9b3c1bb","local_time":"20210103185759","is_ascension_mode":true,"campfire_choices":[{"data":"Melter","floor":10.0,"key":"SMITH"},{"data":"Consume","floor":12.0,"key":"SMITH"},{"data":"Sweeping Beam","floor":15.0,"key":"SMITH"}],"circlet_count":0,"master_deck":["Strike_B","Strike_B","Strike_B","Strike_B","Defend_B","Defend_B","Defend_B","Defend_B","Zap","Dualcast","Sunder","Melter+1","Leap","Consume+1","Sweeping Beam+1"],"relics":["Cracked Core","NeowsBlessing","Oddly Smooth Stone","Golden Idol","Omamori","Bottled Lightning"],"acts_visited":["Exordium"],"potions_floor_usage":[],"damage_taken":[{"damage":0.0,"enemies":"Cultist","floor":1.0,"turns":1.0},{"damage":0.0,"enemies":"Small Slimes","floor":2.0,"turns":1.0},{"damage":0.0,"enemies":"Jaw Worm","floor":5.0,"turns":1.0},{"damage":22.0,"enemies":"Lagavulin","floor":11.0,"turns":6.0},{"damage":8.0,"enemies":"Lots of Slimes","floor":13.0,"turns":3.0},{"damage":12.0,"enemies":"Gremlin Gang","floor":14.0,"turns":4.0},{"damage":34,"enemies":"Slime Boss","floor":16,"turns":6}],"seed_played":"-5099962600635592640","potions_obtained":[{"floor":2.0,"key":"Explosive Potion"},{"floor":7.0,"key":"Regen Potion"},{"floor":7.0,"key":"SkillPotion"}],"is_trial":false,"path_per_floor":["M","M","$","T","M","?","?","$","T","R","E","R","M","M","R","B"],"character_chosen":"DEFECT","items_purchased":["Melter","Leap"],"campfire_rested":0,"item_purchase_floors":[3,3],"current_hp_per_floor":[68,68,68,68,68,68,68,68,68,68,51,51,43,31,31,0,0],"gold":145,"neow_bonus":"THREE_ENEMY_KILL","is_daily":false,"chose_seed":false,"campfire_upgraded":3,"win_rate":0.0,"timestamp":1609721879,"path_taken":["M","M","$","?","M","?","?","$","T","R","E","R","?","M","R","BOSS"],"items_purchased_type":["Card","Card"],"build_version":"2020-12-22","purchased_purges":0,"victory":false,"max_hp_per_floor":[75,75,75,75,75,69,69,69,69,69,69,69,69,69,69,69,69],"card_choices":[{"not_picked":["Compile Driver","Steam Power"],"picked":"Sunder","floor":1.0},{"not_picked":["Scrape","Streamline","Self Repair"],"picked":"SKIP","floor":2.0},{"not_picked":["Aggregate","Turbo","Stack"],"picked":"SKIP","floor":5.0},{"not_picked":["Glacier","Consume","Rebound"],"picked":"SKIP","floor":11.0},{"not_picked":["Glacier","Rebound"],"picked":"Consume","floor":11.0},{"not_picked":["Fusion","Auto Shields"],"picked":"Sweeping Beam","floor":13.0},{"not_picked":["Rebound","Steam","Steam Power"],"picked":"SKIP","floor":14.0}],"player_experience":284573,"relics_obtained":[{"floor":4.0,"key":"Oddly Smooth Stone"},{"floor":9.0,"key":"Omamori"},{"floor":11.0,"key":"Bottled Lightning"}],"event_choices":[{"damage_healed":0.0,"max_hp_gain":0.0,"max_hp_loss":6.0,"gold_gain":0.0,"event_name":"Golden Idol","player_choice":"Lose Max HP","floor":6.0,"gold_loss":0.0,"damage_taken":0.0,"relics_obtained":["Golden Idol"]},{"damage_healed":0.0,"max_hp_gain":0.0,"max_hp_loss":0.0,"gold_gain":0.0,"event_name":"Lab","player_choice":"Got Potions","floor":7.0,"gold_loss":0.0,"damage_taken":0.0}],"is_beta":false,"boss_relics":[],"items_purged_floors":[],"is_endless":false,"potions_floor_spawned":[2],"killed_by":"Slime Boss","ascension_level":6}}