{"host":"dmdprxj8bosbz96f","time":1609780612,"event":{"mods":["AchievementEnabler","BaseMod","Colored Map","DeckTracker","Minty Spire (QoL Compilation)","Quick Restart","SuperFastMode","everything is the same but u backflip on backflip"],"gold_per_floor":[109,184,194,294,219,252,272,272,272,172,47,65,65,83,83,187,187,203,118,134,134,134,134,147,147,201,235,235,335,335,353,353,452,452,462,312,324,70,370,370,405,405,405,405,420,432,458,470,470,470],"floor_reached":51,"playtime":2021,"items_purged":["Defend_P","Defend_P","Strike_P","Defend_P","Strike_P"],"score":938,"play_id":"49ff31df-f6ff-4ef5-8793-8ce18ebf3ef8","local_time":"20210105021652","is_ascension_mode":true,"campfire_choices":[{"floor":15,"key":"REST"},{"data":"MentalFortress","floor":23,"key":"SMITH"},{"data":"Adaptation","floor":30,"key":"SMITH"},{"floor":32,"key":"REST"},{"data":"Adaptation","floor":40,"key":"SMITH"},{"data":"FearNoEvil","floor":42,"key":"SMITH"},{"data":"FearNoEvil","floor":49,"key":"SMITH"}],"circlet_count":0,"master_deck":["Strike_P+1","Eruption+1","Vigilance","MentalFortress+1","FearNoEvil+1","FearNoEvil+1","DeusExMachina","Adaptation+1","Adaptation+1","Scrawl+1"],"relics":["PureWater","NeowsBlessing","Eternal Feather","Bottled Tornado","Tiny Chest","Philosopher\u0027s Stone","Centennial Puzzle","Toxic Egg 2","Art of War","White Beast Statue","Empty Cage","Old Coin","Oddly Smooth Stone","Bottled Flame","Boot"],"acts_visited":["Exordium","TheCity","TheBeyond"],"potions_floor_usage":[24,27,31,37,48,48,50],"damage_taken":[{"damage":0.0,"enemies":"Jaw Worm","floor":1.0,"turns":1.0},{"damage":0.0,"enemies":"2 Louse","floor":3.0,"turns":1.0},{"damage":0.0,"enemies":"3 Sentries","floor":6.0,"turns":1.0},{"damage":3.0,"enemies":"Cultist","floor":7.0,"turns":3.0},{"damage":0,"enemies":"Large Slime","floor":12,"turns":4},{"damage":0,"enemies":"Exordium Wildlife","floor":14,"turns":2},{"damage":34,"enemies":"Hexaghost","floor":16,"turns":8},{"damage":3,"enemies":"Shell Parasite","floor":18,"turns":4},{"damage":17,"enemies":"3 Byrds","floor":20,"turns":5},{"damage":15,"enemies":"Shelled Parasite and Fungi","floor":24,"turns":3},{"damage":12,"enemies":"Gremlin Leader","floor":27,"turns":8},{"damage":4,"enemies":"Sentry and Sphere","floor":31,"turns":4},{"damage":108,"enemies":"Automaton","floor":33,"turns":11},{"damage":5,"enemies":"3 Shapes","floor":35,"turns":3},{"damage":18,"enemies":"3 Darklings","floor":37,"turns":3},{"damage":6,"enemies":"Reptomancer","floor":41,"turns":2},{"damage":0,"enemies":"Transient","floor":45,"turns":5},{"damage":0,"enemies":"Spire Growth","floor":46,"turns":1},{"damage":0,"enemies":"Giant Head","floor":47,"turns":3},{"damage":0,"enemies":"Jaw Worm Horde","floor":48,"turns":2},{"damage":0,"enemies":"Awakened One","floor":50,"turns":3}],"seed_played":"-8857612213528129358","potions_obtained":[{"floor":1.0,"key":"FairyPotion"},{"floor":3.0,"key":"DistilledChaos"},{"floor":7.0,"key":"Fruit Juice"},{"floor":20,"key":"AttackPotion"},{"floor":24,"key":"Block Potion"},{"floor":31,"key":"Energy Potion"},{"floor":33,"key":"FairyPotion"},{"floor":35,"key":"LiquidBronze"},{"floor":37,"key":"PowerPotion"},{"floor":41,"key":"StancePotion"},{"floor":45,"key":"Swift Potion"},{"floor":48,"key":"Explosive Potion"}],"is_trial":false,"path_per_floor":["M","?","M","?","$","E","M","?","T","$","$","M","?","M","R","B",null,"M","?","M","$","?","R","M","T","T","E","?","?","R","M","R","B",null,"M","$","M","$","T","R","E","R","T","?","M","M","E","M","R","B",null],"character_chosen":"WATCHER","items_purchased":["Adaptation"],"campfire_rested":2,"item_purchase_floors":[38],"current_hp_per_floor":[72,61,61,61,61,61,63,48,48,48,48,48,41,41,70,36,77,74,74,57,57,51,57,42,42,42,30,30,30,36,32,61,1,77,72,72,54,54,54,57,51,57,57,57,57,57,57,57,63,63],"gold":470,"neow_bonus":"THREE_ENEMY_KILL","is_daily":false,"chose_seed":false,"campfire_upgraded":5,"win_rate":0.0,"timestamp":1609780612,"path_taken":["M","?","M","?","$","E","?","?","T","?","$","M","?","M","R","BOSS","M","?","M","$","?","R","?","?","T","E","?","?","R","M","R","BOSS","M","$","?","$","?","R","E","R","T","?","M","M","E","M","R","BOSS"],"items_purchased_type":["Card"],"build_version":"2020-12-22","purchased_purges":5,"victory":true,"max_hp_per_floor":[72,72,72,72,72,72,77,77,77,77,77,77,77,77,77,77,77,77,77,77,77,77,77,77,77,77,77,77,77,77,77,77,77,77,77,77,77,77,77,77,77,77,77,77,77,77,77,77,77,77],"card_choices":[{"not_picked":["FlyingSleeves","FlurryOfBlows"],"picked":"MentalFortress","floor":1.0},{"not_picked":["Prostrate","EmptyMind","PathToVictory"],"picked":"SKIP","floor":3.0},{"not_picked":["ThirdEye","CrushJoints","CutThroughFate"],"picked":"SKIP","floor":6.0},{"not_picked":["Evaluate","BowlingBash","Prostrate"],"picked":"SKIP","floor":7.0},{"not_picked":["Protect","Wireheading"],"picked":"FearNoEvil","floor":12},{"not_picked":["Devotion","EmptyBody"],"picked":"FearNoEvil","floor":14},{"not_picked":["Judgement","Wish"],"picked":"DeusExMachina","floor":16},{"not_picked":["BowlingBash","LikeWater","WaveOfTheHand"],"picked":"SKIP","floor":18},{"not_picked":["CrushJoints+1","Consecrate+1","WindmillStrike"],"picked":"SKIP","floor":20},{"not_picked":["WindmillStrike+1","DeceiveReality","EmptyBody+1"],"picked":"SKIP","floor":24},{"not_picked":["Prostrate+1","SashWhip+1"],"picked":"Adaptation","floor":27},{"not_picked":["CutThroughFate","FlurryOfBlows","Halt+1"],"picked":"SKIP","floor":31},{"not_picked":["ThirdEye+1","Wireheading","Protect+1"],"picked":"SKIP","floor":35},{"not_picked":["SashWhip+1","Wireheading","CrushJoints"],"picked":"SKIP","floor":37},{"not_picked":["Blasphemy+1","Halt+1"],"picked":"Scrawl+1","floor":41},{"not_picked":["CrushJoints","CutThroughFate+1","PathToVictory+1"],"picked":"SKIP","floor":45},{"not_picked":["Collect+1","EmptyBody+1","MentalFortress"],"picked":"SKIP","floor":46},{"not_picked":["Indignation+1","CrushJoints","EmptyBody+1"],"picked":"SKIP","floor":47},{"not_picked":["Evaluate+1","CrushJoints+1","Halt+1"],"picked":"SKIP","floor":48}],"player_experience":128010,"relics_obtained":[{"floor":6.0,"key":"Eternal Feather"},{"floor":9.0,"key":"Bottled Tornado"},{"floor":25,"key":"Toxic Egg 2"},{"floor":26,"key":"Art of War"},{"floor":27,"key":"White Beast Statue"},{"floor":39,"key":"Old Coin"},{"floor":41,"key":"Oddly Smooth Stone"},{"floor":43,"key":"Bottled Flame"},{"floor":47,"key":"Boot"}],"event_choices":[{"damage_healed":0.0,"max_hp_gain":0.0,"max_hp_loss":0.0,"gold_gain":75.0,"event_name":"World of Goop","player_choice":"Gather Gold","floor":2.0,"gold_loss":0.0,"damage_taken":11.0},{"damage_healed":0.0,"max_hp_gain":0.0,"max_hp_loss":0.0,"gold_gain":100.0,"event_name":"Golden Shrine","player_choice":"Pray","floor":4.0,"gold_loss":0.0,"damage_taken":0.0},{"damage_healed":0.0,"max_hp_gain":0.0,"max_hp_loss":0.0,"gold_gain":0.0,"event_name":"Shining Light","player_choice":"Entered Light","floor":8.0,"gold_loss":0.0,"damage_taken":15.0,"cards_upgraded":["Strike_P","Eruption"]},{"damage_healed":0,"gold_gain":0,"player_choice":"Success","damage_taken":7,"relics_obtained":["Tiny Chest"],"max_hp_gain":0,"max_hp_loss":0,"event_name":"Scrap Ooze","floor":13,"gold_loss":0},{"damage_healed":0,"gold_gain":0,"player_choice":"Obtained Relic","damage_taken":0,"relics_obtained":["Centennial Puzzle"],"max_hp_gain":0,"max_hp_loss":0,"event_name":"Addict","floor":19,"gold_loss":85},{"damage_healed":0,"gold_gain":0,"player_choice":"","damage_taken":6,"max_hp_gain":0,"max_hp_loss":0,"event_name":"Knowing Skull","floor":22,"potions_obtained":[],"gold_loss":0,"cards_obtained":[]},{"damage_healed":0,"gold_gain":0,"player_choice":"Ignored","damage_taken":0,"max_hp_gain":0,"max_hp_loss":0,"event_name":"Vampires","floor":28,"gold_loss":0},{"damage_healed":0,"gold_gain":100,"player_choice":"Pray","damage_taken":0,"max_hp_gain":0,"max_hp_loss":0,"event_name":"Golden Shrine","floor":29,"gold_loss":0},{"damage_healed":0,"gold_gain":0,"player_choice":"Memory 1","damage_taken":0,"max_hp_gain":0,"max_hp_loss":0,"event_name":"SensoryStone","floor":44,"gold_loss":0}],"is_beta":false,"boss_relics":[{"not_picked":["Snecko Eye","Astrolabe"],"picked":"Philosopher\u0027s Stone"},{"not_picked":["SacredBark","Velvet Choker"],"picked":"Empty Cage"}],"items_purged_floors":[5,10,11,36,38],"is_endless":false,"potions_floor_spawned":[1,3,7,20,24,31,33,35,37,41,45,46,47,48],"ascension_level":1}}