{"host":"54vghy6hfkyy1r39","time":1609726664,"event":{"mods":["AchievementEnabler","BaseMod","Minty Spire (QoL Compilation)","StSLib","SuperFastMode","everything is the same but u backflip on backflip"],"gold_per_floor":[367,367,378,394,221,221,254,254,254,6,16,16,36,36,36,36,141,141,155,80,99,116,116,116],"floor_reached":23,"playtime":600,"items_purged":["Strike_P","Strike_P","Defend_P"],"score":235,"play_id":"94d5cefd-9362-4204-bd11-c6814c194920","local_time":"20210104111744","is_ascension_mode":true,"campfire_choices":[{"floor":6.0,"key":"REST"},{"floor":8.0,"key":"REST"},{"data":"Eruption","floor":14.0,"key":"SMITH"},{"floor":16.0,"key":"REST"}],"circlet_count":0,"master_deck":["Strike_P","Defend_P+1","Defend_P","Defend_P","Eruption+1","Vigilance","Deep Breath","FlurryOfBlows+1","CrushJoints","FlurryOfBlows","TalkToTheHand"],"relics":["PureWater","Mango","Kunai","Membership Card","SlaversCollar"],"acts_visited":["Exordium","TheCity"],"potions_floor_usage":[],"damage_taken":[{"damage":5.0,"enemies":"Jaw Worm","floor":1.0,"turns":4.0},{"damage":7.0,"enemies":"Cultist","floor":3.0,"turns":3.0},{"damage":0.0,"enemies":"Small Slimes","floor":4.0,"turns":2.0},{"damage":40.0,"enemies":"Gremlin Nob","floor":7.0,"turns":4.0},{"damage":1.0,"enemies":"Looter","floor":11.0,"turns":2.0},{"damage":12.0,"enemies":"2 Fungi Beasts","floor":13.0,"turns":2.0},{"damage":27.0,"enemies":"The Guardian","floor":17.0,"turns":18.0},{"damage":11.0,"enemies":"Spheric Guardian","floor":19.0,"turns":5.0},{"damage":51.0,"enemies":"2 Thieves","floor":21.0,"turns":3.0},{"damage":20.0,"enemies":"Centurion and Healer","floor":22.0,"turns":5.0},{"damage":16,"enemies":"Snake Plant","floor":23,"turns":1}],"seed_played":"-7712717994655056400","potions_obtained":[{"floor":1.0,"key":"Regen Potion"},{"floor":7.0,"key":"Dexterity Potion"},{"floor":17.0,"key":"SkillPotion"},{"floor":21.0,"key":"EssenceOfSteel"}],"is_trial":false,"path_per_floor":["M","?","M","M","$","R","E","R","T","$","M","M","M","R","?","R","B",null,"M","$","M","M","M"],"character_chosen":"WATCHER","items_purchased":["Deep Breath","Membership Card","Fruit Juice","FlurryOfBlows"],"campfire_rested":3,"item_purchase_floors":[5,10,10,20],"current_hp_per_floor":[46,46,39,39,39,60,34,59,59,59,63,63,51,51,33,60,48,91,80,80,29,9,0,0],"gold":116,"neow_bonus":"TWO_FIFTY_GOLD","is_daily":false,"chose_seed":false,"campfire_upgraded":1,"win_rate":0.0,"timestamp":1609726664,"path_taken":["M","?","M","?","$","R","E","R","T","$","M","M","M","R","?","R","BOSS","M","$","M","M","M"],"items_purchased_type":["Card","Relic","Potion","Card"],"build_version":"2020-12-22","purchased_purges":3,"victory":false,"max_hp_per_floor":[72,72,72,72,72,72,86,86,86,86,91,91,91,91,91,91,91,91,91,91,91,91,91,91],"card_choices":[{"not_picked":["CarveReality","BowlingBash","ThirdEye"],"picked":"SKIP","floor":1.0},{"not_picked":["InnerPeace","SandsOfTime","CutThroughFate"],"picked":"SKIP","floor":3.0},{"not_picked":["EmptyMind","ThirdEye","Establishment"],"picked":"SKIP","floor":4.0},{"not_picked":["Adaptation","CutThroughFate"],"picked":"FlurryOfBlows","floor":7.0},{"not_picked":["Perseverance","Study","ClearTheMind"],"picked":"SKIP","floor":11.0},{"not_picked":["ReachHeaven","ThirdEye","Halt"],"picked":"SKIP","floor":13.0},{"not_picked":["Wireheading","EmptyFist"],"picked":"CrushJoints","floor":19.0},{"not_picked":["FollowUp+1","Conclude","Fasting2"],"picked":"SKIP","floor":21.0},{"not_picked":["WheelKick","EmptyFist"],"picked":"TalkToTheHand","floor":22.0}],"player_experience":182491,"relics_obtained":[{"floor":7.0,"key":"Mango"},{"floor":9.0,"key":"Kunai"}],"event_choices":[{"cards_removed":["Strike_P"],"damage_healed":0.0,"max_hp_gain":0.0,"max_hp_loss":0.0,"gold_gain":0.0,"event_name":"Purifier","player_choice":"Purged","floor":2.0,"gold_loss":0.0,"damage_taken":0.0},{"damage_healed":0.0,"max_hp_gain":0.0,"max_hp_loss":0.0,"gold_gain":0.0,"event_name":"Shining Light","player_choice":"Entered Light","floor":15.0,"gold_loss":0.0,"damage_taken":18.0,"cards_upgraded":["FlurryOfBlows","Defend_P"]}],"is_beta":false,"boss_relics":[{"not_picked":["Runic Dome","VioletLotus"],"picked":"SlaversCollar"}],"items_purged_floors":[5,10,20],"is_endless":false,"potions_floor_spawned":[1,7,17,21],"killed_by":"Snake Plant","ascension_level":2}}