{"host":"baymyijz6sxaqj5s","time":1609762071,"event":{"mods":["AchievementEnabler","BaseMod","Colored Map","Colored Powertips","DeckTracker","Highlight Path","KOR Keyword Fix","Keyboard Shortcuts","Minty Spire (QoL Compilation)","Quick Restart","StSLib","SuperFastMode"],"gold_per_floor":[110,124,151,226,246,246,258,258,258,258,274,291,264,277,277,277,277],"floor_reached":16,"playtime":339,"items_purged":[],"score":108,"play_id":"f838bce4-27e4-4f1b-b90d-d86d7fec89b4","local_time":"20210104210751","is_ascension_mode":true,"campfire_choices":[{"data":"Heavy Blade","floor":6,"key":"SMITH"},{"data":"Armaments","floor":8,"key":"SMITH"},{"floor":10,"key":"REST"},{"data":"Body Slam","floor":15,"key":"SMITH"}],"circlet_count":0,"master_deck":["Strike_R","Strike_R","Strike_R","Strike_R","Strike_R","Defend_R","Defend_R","Defend_R","Defend_R","Bash","Heavy Blade+1","Armaments+1","Spot Weakness","Barricade","Body Slam+1","Shrug It Off"],"relics":["Burning Blood","Tiny Chest","Ice Cream"],"acts_visited":["Exordium"],"potions_floor_usage":[12,16],"damage_taken":[{"damage":5,"enemies":"Cultist","floor":1,"turns":5},{"damage":12,"enemies":"Small Slimes","floor":2,"turns":3},{"damage":9,"enemies":"2 Louse","floor":5,"turns":3},{"damage":12,"enemies":"2 Fungi Beasts","floor":7,"turns":4},{"damage":12,"enemies":"Looter","floor":11,"turns":3},{"damage":4,"enemies":"3 Louse","floor":12,"turns":4},{"damage":9,"enemies":"Red Slaver","floor":14,"turns":5},{"damage":84,"enemies":"Slime Boss","floor":16,"turns":16}],"seed_played":"5080791315405672650","potions_obtained":[{"floor":2,"key":"Fire Potion"},{"floor":11,"key":"Fruit Juice"}],"is_trial":false,"path_per_floor":["M","M","T","?","M","R","M","R","T","R","M","M","$","M","R","B"],"character_chosen":"IRONCLAD","items_purchased":["Body Slam"],"campfire_rested":1,"item_purchase_floors":[13],"current_hp_per_floor":[88,82,82,71,68,68,62,62,62,88,82,89,89,86,86,2,2],"gold":277,"neow_bonus":"TEN_PERCENT_HP_BONUS","is_daily":false,"chose_seed":false,"campfire_upgraded":3,"win_rate":0.0,"timestamp":1609762071,"path_taken":["M","M","?","?","M","R","M","R","T","R","M","M","$","M","R","BOSS"],"items_purchased_type":["Card"],"build_version":"2020-12-22","purchased_purges":0,"victory":false,"max_hp_per_floor":[88,88,88,88,88,88,88,88,88,88,88,93,93,93,93,93,93],"card_choices":[{"not_picked":["Headbutt","Dropkick","Flex"],"picked":"SKIP","floor":1},{"not_picked":["True Grit","Dropkick","Warcry"],"picked":"SKIP","floor":2},{"not_picked":["Searing Blow","Pommel Strike"],"picked":"Heavy Blade","floor":5},{"not_picked":["Bloodletting","Clash"],"picked":"Armaments","floor":7},{"not_picked":["Warcry","Body Slam"],"picked":"Spot Weakness","floor":11},{"not_picked":["Infernal Blade","Headbutt"],"picked":"Barricade","floor":12},{"not_picked":["Feel No Pain","Infernal Blade"],"picked":"Shrug It Off","floor":14}],"player_experience":323191,"relics_obtained":[{"floor":3,"key":"Tiny Chest"},{"floor":9,"key":"Ice Cream"}],"event_choices":[{"damage_healed":0,"gold_gain":75,"player_choice":"Gather Gold","damage_taken":11,"max_hp_gain":0,"max_hp_loss":0,"event_name":"World of Goop","floor":4,"gold_loss":0}],"is_beta":false,"boss_relics":[],"items_purged_floors":[],"is_endless":false,"potions_floor_spawned":[2,11],"killed_by":"Slime Boss","ascension_level":3}}