{"host":"vumwfieg2b2mnrfl","time":1609730868,"event":{"mods":["AchievementEnabler","BaseMod","Minty Spire (QoL Compilation)","Rare Cards Sparkle","Relic Stats"],"gold_per_floor":[17,27,27,46,62,62,88,88,88,88,99,62,87,100,100,177,177,196,196,172,172,183,212,212,237,261,176,176,211,223,223,223],"floor_reached":31,"playtime":1048,"items_purged":[],"score":530,"play_id":"1e7efdb1-8d97-4912-ae04-332203f60a14","local_time":"20210103212748","is_ascension_mode":true,"campfire_choices":[{"data":"Dash","floor":6.0,"key":"SMITH"},{"floor":8.0,"key":"REST"},{"data":"Envenom","floor":15.0,"key":"SMITH"},{"data":"Envenom","floor":24.0,"key":"SMITH"},{"data":"Venomology","floor":28.0,"key":"SMITH"}],"circlet_count":0,"master_deck":["AscendersBane","Strike_G+1","Strike_G+1","Strike_G+1","Strike_G+1","Defend_G+1","Defend_G+1","Defend_G+1","Defend_G+1","Survivor","Neutralize","Corpse Explosion","Backflip","Dash+1","Prepared","Poisoned Stab","Dash","Leg Sweep","Envenom+1","Envenom+1","Backflip","Slice","Infinite Blades+1","Venomology+1","Blade Dance","Setup","Noxious Fumes+1"],"relics":["Ring of the Snake","WarpedTongs","PreservedInsect","Eternal Feather","Ginger","SlaversCollar","Anchor","Frozen Egg 2","Juzu Bracelet","Orichalcum","InkBottle"],"acts_visited":["Exordium","TheCity"],"potions_floor_usage":[],"damage_taken":[{"damage":5.0,"enemies":"Cultist","floor":1.0,"turns":5.0},{"damage":0.0,"enemies":"Jaw Worm","floor":2.0,"turns":4.0},{"damage":9.0,"enemies":"2 Louse","floor":4.0,"turns":2.0},{"damage":5.0,"enemies":"Large Slime","floor":5.0,"turns":7.0},{"damage":13.0,"enemies":"3 Sentries","floor":7.0,"turns":3.0},{"damage":0.0,"enemies":"Blue Slaver","floor":11.0,"turns":4.0},{"damage":2.0,"enemies":"Lagavulin","floor":13.0,"turns":5.0},{"damage":3.0,"enemies":"3 Louse","floor":14.0,"turns":3.0},{"damage":16.0,"enemies":"The Guardian","floor":16.0,"turns":13.0},{"damage":8.0,"enemies":"Shell Parasite","floor":18.0,"turns":8.0},{"damage":9.0,"enemies":"2 Thieves","floor":22.0,"turns":2.0},{"damage":13.0,"enemies":"Book of Stabbing","floor":23.0,"turns":6.0},{"damage":13.0,"enemies":"Gremlin Leader","floor":25.0,"turns":5.0},{"damage":12.0,"enemies":"Book of Stabbing","floor":29.0,"turns":5.0},{"damage":30.0,"enemies":"Shelled Parasite and Fungi","floor":30.0,"turns":6.0},{"damage":5,"enemies":"Colosseum Slavers","floor":31,"turns":2}],"seed_played":"-882989836686754615","potions_obtained":[{"floor":1.0,"key":"Fruit Juice"},{"floor":7.0,"key":"LiquidMemories"},{"floor":11.0,"key":"SpeedPotion"},{"floor":16.0,"key":"Explosive Potion"},{"floor":18.0,"key":"BlessingOfTheForge"},{"floor":22.0,"key":"AttackPotion"},{"floor":29.0,"key":"Dexterity Potion"}],"is_trial":false,"path_per_floor":["M","M","?","M","M","R","E","R","T","?","M","$","E","M","R","B",null,"M","?","$","?","M","E","R","E","T","?","R","E","M","?"],"character_chosen":"THE_SILENT","items_purchased":["Leg Sweep","Slice"],"campfire_rested":1,"item_purchase_floors":[12,20],"current_hp_per_floor":[59,59,59,50,45,45,32,53,53,46,46,46,44,41,50,34,62,54,54,54,54,45,32,44,31,31,31,46,34,4,0,0],"gold":223,"neow_bonus":"TRANSFORM_TWO_CARDS","is_daily":false,"chose_seed":false,"campfire_upgraded":4,"win_rate":0.0,"timestamp":1609730868,"path_taken":["M","?","?","?","M","R","E","R","T","?","M","$","E","M","R","BOSS","M","?","$","?","M","E","R","E","T","?","R","E","M","?"],"items_purchased_type":["Card","Card"],"build_version":"2020-12-22","purchased_purges":0,"victory":false,"max_hp_per_floor":[71,71,71,71,71,71,71,71,71,71,71,71,71,71,71,71,71,71,71,71,71,71,71,71,71,71,71,71,71,71,71,71],"relic_stats":{"counters":[16,80],"Eternal Feather":36,"PreservedInsect":162,"Juzu Bracelet":0,"Ginger":[4],"Orichalcum":[0],"obtain_stats":[{"SlaversCollar":17,"Anchor":23,"Eternal Feather":9,"PreservedInsect":7,"Juzu Bracelet":26,"Ginger":13,"Frozen Egg 2":25,"Orichalcum":27,"InkBottle":29,"Ring of the Snake":0,"WarpedTongs":3},{"SlaversCollar":9,"Anchor":12,"Eternal Feather":5,"PreservedInsect":5,"Juzu Bracelet":13,"Ginger":7,"Frozen Egg 2":13,"Orichalcum":13,"InkBottle":14,"Ring of the Snake":0,"WarpedTongs":2},{"SlaversCollar":46,"Anchor":62,"Eternal Feather":21,"PreservedInsect":21,"Juzu Bracelet":67,"Ginger":30,"Frozen Egg 2":67,"Orichalcum":67,"InkBottle":72,"Ring of the Snake":0,"WarpedTongs":9}],"InkBottle":[2],"Ring of the Snake":[32],"WarpedTongs":[70]},"card_choices":[{"not_picked":["Acrobatics","Cloak And Dagger"],"picked":"Dash","floor":1.0},{"not_picked":["Endless Agony","Expertise","Flechettes"],"picked":"SKIP","floor":2.0},{"not_picked":["Heel Hook","Flechettes"],"picked":"Prepared","floor":4.0},{"not_picked":["Flying Knee","Concentrate"],"picked":"Poisoned Stab","floor":5.0},{"not_picked":["Acrobatics","Prepared"],"picked":"Dash","floor":7.0},{"not_picked":["Bane","Cloak And Dagger","Flying Knee"],"picked":"SKIP","floor":11.0},{"not_picked":["Concentrate","Sucker Punch"],"picked":"Envenom","floor":13.0},{"not_picked":["Cloak And Dagger","PiercingWail","Quick Slash"],"picked":"SKIP","floor":14.0},{"not_picked":["After Image","Doppelganger"],"picked":"Envenom","floor":16.0},{"not_picked":["Concentrate","Sucker Punch"],"picked":"Backflip","floor":18.0},{"not_picked":["Backflip","Accuracy"],"picked":"Infinite Blades+1","floor":22.0},{"not_picked":["Blur","Flechettes"],"picked":"Venomology","floor":23.0},{"not_picked":["Outmaneuver+1","Flying Knee"],"picked":"Blade Dance","floor":25.0},{"not_picked":["Grand Finale","Masterful Stab"],"picked":"Setup","floor":29.0},{"not_picked":["Flying Knee","Deadly Poison"],"picked":"Noxious Fumes+1","floor":30.0}],"player_experience":360946,"relics_obtained":[{"floor":7.0,"key":"PreservedInsect"},{"floor":9.0,"key":"Eternal Feather"},{"floor":13.0,"key":"Ginger"},{"floor":23.0,"key":"Anchor"},{"floor":25.0,"key":"Frozen Egg 2"},{"floor":26.0,"key":"Juzu Bracelet"},{"floor":29.0,"key":"InkBottle"}],"event_choices":[{"damage_healed":0.0,"max_hp_gain":0.0,"max_hp_loss":0.0,"gold_gain":0.0,"event_name":"Accursed Blacksmith","player_choice":"Rummage","floor":3.0,"gold_loss":0.0,"damage_taken":0.0,"relics_obtained":["WarpedTongs"],"cards_obtained":["Pain"]},{"cards_removed":["Pain"],"damage_healed":0.0,"max_hp_gain":0.0,"max_hp_loss":0.0,"gold_gain":0.0,"event_name":"Golden Wing","player_choice":"Card Removal","floor":10.0,"gold_loss":0.0,"damage_taken":7.0},{"damage_healed":0.0,"max_hp_gain":0.0,"max_hp_loss":0.0,"gold_gain":0.0,"event_name":"Ghosts","player_choice":"Ignored","floor":19.0,"gold_loss":0.0,"damage_taken":0.0},{"damage_healed":0.0,"max_hp_gain":0.0,"max_hp_loss":0.0,"gold_gain":0.0,"event_name":"Back to Basics","player_choice":"Simplicity","floor":21.0,"gold_loss":0.0,"damage_taken":0.0,"cards_upgraded":["Strike_G","Strike_G","Strike_G","Strike_G","Defend_G","Defend_G","Defend_G","Defend_G"]},{"damage_healed":0.0,"max_hp_gain":0.0,"max_hp_loss":0.0,"gold_gain":0.0,"event_name":"Addict","player_choice":"Obtained Relic","floor":27.0,"gold_loss":85.0,"damage_taken":0.0,"relics_obtained":["Orichalcum"]},{"damage_healed":0,"gold_gain":0,"player_choice":"Fight","damage_taken":0,"max_hp_gain":0,"max_hp_loss":0,"event_name":"Colosseum","floor":31,"gold_loss":0}],"is_beta":false,"boss_relics":[{"not_picked":["Runic Dome","Tiny House"],"picked":"SlaversCollar"}],"items_purged_floors":[],"is_endless":false,"potions_floor_spawned":[1,7,11,16,18,22,29],"killed_by":"Colosseum Slavers","ascension_level":15}}