{"host":"x3lqeik2a5qeoft8","time":1609724828,"event":{"mods":["AchievementEnabler","BaseMod","Minty Spire (QoL Compilation)","SuperFastMode"],"gold_per_floor":[111,111,111,131,206,247,268,268,291,291,311,351,372,411,411,411,411],"floor_reached":16,"playtime":437,"items_purged":[],"score":199,"play_id":"66ea9ce3-2dcd-4851-941c-42da1920b609","local_time":"20210104024708","is_ascension_mode":true,"campfire_choices":[{"data":"Whirlwind","floor":15,"key":"SMITH"}],"circlet_count":0,"master_deck":["Strike_R","Strike_R","Strike_R","Strike_R","Strike_R","Defend_R","Defend_R","Defend_R","Defend_R","Bash","Thunderclap","Power Through","Inflame","Wild Strike","Whirlwind+1","Rampage","Shrug It Off","Spot Weakness"],"relics":["Burning Blood","NeowsBlessing","Golden Idol","Omamori","Blood Vial","Strawberry","Red Skull","Anchor","Pear"],"acts_visited":["Exordium"],"potions_floor_usage":[14,14,16],"damage_taken":[{"damage":0,"enemies":"2 Louse","floor":1,"turns":1},{"damage":0,"enemies":"Small Slimes","floor":4,"turns":1},{"damage":0,"enemies":"Lagavulin","floor":6,"turns":1},{"damage":2,"enemies":"Jaw Worm","floor":7,"turns":5},{"damage":5,"enemies":"Gremlin Gang","floor":11,"turns":5},{"damage":40,"enemies":"3 Sentries","floor":12,"turns":5},{"damage":11,"enemies":"Blue Slaver","floor":13,"turns":5},{"damage":48,"enemies":"Lagavulin","floor":14,"turns":8},{"damage":65,"enemies":"Hexaghost","floor":16,"turns":9}],"seed_played":"-5917425297127701787","potions_obtained":[{"floor":7,"key":"Swift Potion"},{"floor":11,"key":"GamblersBrew"},{"floor":12,"key":"Regen Potion"},{"floor":13,"key":"Regen Potion"}],"is_trial":false,"path_per_floor":["M","?","?","M","?","E","M","?","T","T","M","E","M","E","R","B"],"character_chosen":"IRONCLAD","items_purchased":[],"campfire_rested":0,"item_purchase_floors":[],"current_hp_per_floor":[80,80,80,80,69,75,79,72,79,79,82,50,47,62,62,0,0],"gold":411,"neow_bonus":"THREE_ENEMY_KILL","is_daily":false,"chose_seed":false,"campfire_upgraded":1,"win_rate":0.0,"timestamp":1609724828,"path_taken":["M","?","?","M","?","E","M","?","T","?","M","E","?","E","R","BOSS"],"items_purchased_type":[],"build_version":"2020-12-22","purchased_purges":0,"victory":false,"max_hp_per_floor":[80,80,80,80,80,80,80,80,87,87,87,87,87,97,97,97,97],"card_choices":[{"not_picked":["Warcry","Searing Blow"],"picked":"Thunderclap","floor":1},{"not_picked":["Searing Blow","Rupture"],"picked":"Power Through","floor":4},{"not_picked":["Flex","Rampage"],"picked":"Inflame","floor":6},{"not_picked":["Shrug It Off","Sword Boomerang"],"picked":"Wild Strike","floor":7},{"not_picked":["Infernal Blade","Wild Strike"],"picked":"Whirlwind","floor":11},{"not_picked":["Perfected Strike","Searing Blow"],"picked":"Rampage","floor":12},{"not_picked":["Berserk","Flex"],"picked":"Shrug It Off","floor":13},{"not_picked":["Iron Wave","Clash"],"picked":"Spot Weakness","floor":14}],"player_experience":109796,"relics_obtained":[{"floor":6,"key":"Omamori"},{"floor":9,"key":"Strawberry"},{"floor":10,"key":"Red Skull"},{"floor":12,"key":"Anchor"},{"floor":14,"key":"Pear"}],"event_choices":[{"damage_healed":0,"gold_gain":0,"player_choice":"Take Wound","damage_taken":0,"relics_obtained":["Golden Idol"],"max_hp_gain":0,"max_hp_loss":0,"event_name":"Golden Idol","floor":2,"gold_loss":0,"cards_obtained":["Injury"]},{"cards_removed":["Injury"],"damage_healed":0,"gold_gain":0,"player_choice":"Forget","damage_taken":0,"max_hp_gain":0,"max_hp_loss":0,"event_name":"Living Wall","floor":3,"gold_loss":0},{"damage_healed":0,"gold_gain":75,"player_choice":"Gather Gold","damage_taken":11,"max_hp_gain":0,"max_hp_loss":0,"event_name":"World of Goop","floor":5,"gold_loss":0},{"damage_healed":0,"gold_gain":0,"player_choice":"Success","damage_taken":7,"relics_obtained":["Blood Vial"],"max_hp_gain":0,"max_hp_loss":0,"event_name":"Scrap Ooze","floor":8,"gold_loss":0}],"is_beta":false,"boss_relics":[],"items_purged_floors":[],"is_endless":false,"potions_floor_spawned":[7,11,12,13],"killed_by":"Hexaghost","ascension_level":4}}