{"host":"Rich","time":1609733527,"event":{"mods":["AchievementEnabler","BaseMod","Highlight Path","Minty Spire (QoL Compilation)","Relic Stats"],"gold_per_floor":[114,129,94,94,108,140,41,67,93,19,45,80,98,124,124,201,201,216,266,166,166,166,191,191,191,191,206,241,241,241,269,269,344,344,359,359,374,78,78,113,113,138,161,187,220,230,261,261,261,261,261,261,261,37,72,72],"floor_reached":57,"playtime":2508,"items_purged":["Strike_R","Strike_R","Strike_R"],"score":3000,"play_id":"6c6e67ac-09d5-4c97-8662-06990f773a36","local_time":"20210103231207","is_ascension_mode":true,"campfire_choices":[{"floor":15,"key":"REST"},{"floor":25,"key":"REST"},{"data":"Demon Form","floor":29,"key":"SMITH"},{"floor":32,"key":"REST"},{"floor":41,"key":"RECALL"},{"data":"Shockwave","floor":49,"key":"SMITH"},{"floor":53,"key":"REST"}],"circlet_count":0,"master_deck":["AscendersBane","Defend_R","Defend_R","Defend_R","Bash","Apotheosis","Uppercut","Iron Wave","Spot Weakness","Twin Strike","Sword Boomerang","Sword Boomerang","Shockwave","Limit Break","Shrug It Off","Demon Form+1","Wild Strike","Cleave","Reaper","Heavy Blade","Hemokinesis+1","Shrug It Off","Corruption","Madness","Madness","Pommel Strike","True Grit+1","Shockwave+1","Seeing Red+1","Shrug It Off","Evolve"],"relics":["Burning Blood","Happy Flower","Juzu Bracelet","PreservedInsect","Odd Mushroom","Bottled Flame","Strawberry","Snecko Eye","Blue Candle","Self Forming Clay","Toy Ornithopter","Bronze Scales","Busted Crown","Sling","Charon\u0027s Ashes","Mummified Hand","Lantern","The Courier","InkBottle","Bird Faced Urn"],"acts_visited":["Exordium","TheCity","TheBeyond","TheEnding"],"potions_floor_usage":[6,11,14,16,21,33,33,37,45,51,55,56],"damage_taken":[{"damage":0,"enemies":"Cultist","floor":1,"turns":3},{"damage":9,"enemies":"Jaw Worm","floor":2,"turns":4},{"damage":8,"enemies":"Small Slimes","floor":5,"turns":4},{"damage":6,"enemies":"Gremlin Nob","floor":6,"turns":3},{"damage":23,"enemies":"Lagavulin","floor":8,"turns":6},{"damage":14,"enemies":"The Mushroom Lair","floor":11,"turns":3},{"damage":6,"enemies":"Gremlin Nob","floor":12,"turns":3},{"damage":12,"enemies":"Blue Slaver","floor":13,"turns":4},{"damage":23,"enemies":"3 Sentries","floor":14,"turns":5},{"damage":20,"enemies":"The Guardian","floor":16,"turns":8},{"damage":1,"enemies":"Chosen","floor":18,"turns":4},{"damage":0,"enemies":"Spheric Guardian","floor":21,"turns":1},{"damage":47,"enemies":"Slavers","floor":23,"turns":4},{"damage":13,"enemies":"3 Cultists","floor":27,"turns":4},{"damage":22,"enemies":"Gremlin Leader","floor":28,"turns":5},{"damage":22,"enemies":"Book of Stabbing","floor":31,"turns":4},{"damage":62,"enemies":"Collector","floor":33,"turns":7},{"damage":12,"enemies":"3 Shapes","floor":35,"turns":5},{"damage":33,"enemies":"3 Darklings","floor":37,"turns":4},{"damage":2,"enemies":"Giant Head","floor":40,"turns":3},{"damage":5,"enemies":"Reptomancer","floor":42,"turns":5},{"damage":14,"enemies":"Nemesis","floor":45,"turns":3},{"damage":15,"enemies":"4 Shapes","floor":46,"turns":3},{"damage":2,"enemies":"Giant Head","floor":47,"turns":4},{"damage":43,"enemies":"Time Eater","floor":50,"turns":5},{"damage":27,"enemies":"Donu and Deca","floor":51,"turns":4},{"damage":14,"enemies":"Shield and Spear","floor":55,"turns":4},{"damage":83,"enemies":"The Heart","floor":56,"turns":8}],"seed_played":"9185744410827951132","potions_obtained":[{"floor":5,"key":"AttackPotion"},{"floor":6,"key":"Fire Potion"},{"floor":8,"key":"Swift Potion"},{"floor":11,"key":"SmokeBomb"},{"floor":14,"key":"Fire Potion"},{"floor":18,"key":"Ancient Potion"},{"floor":27,"key":"Ancient Potion"},{"floor":33,"key":"BloodPotion"},{"floor":35,"key":"GamblersBrew"},{"floor":37,"key":"HeartOfIron"}],"is_trial":false,"path_per_floor":["M","M","?","?","M","E","$","E","T","$","?","E","M","E","R","B",null,"M","?","$","M","?","E","?","R","T","M","E","R","?","E","R","B",null,"M","?","M","$","?","E","R","E","T","T","E","M","E","?","R","B","B",null,"R","$","E","B",null],"character_chosen":"IRONCLAD","items_purchased":["Sword Boomerang","Shockwave","Sling","Ancient Potion","Block Potion","Shrug It Off","Evolve"],"campfire_rested":4,"item_purchase_floors":[7,10,38,54,54,54,54],"current_hp_per_floor":[56,53,71,71,69,69,69,52,52,52,44,44,38,28,52,38,71,76,76,76,82,82,41,41,65,65,76,60,60,60,56,80,82,82,76,61,82,82,82,82,82,82,82,82,76,82,82,82,82,45,61,77,82,82,74,20],"gold":72,"neow_bonus":"RANDOM_COLORLESS_2","is_daily":false,"chose_seed":false,"campfire_upgraded":2,"win_rate":0.0,"timestamp":1609733527,"path_taken":["M","?","?","?","M","E","?","E","T","$","?","E","M","E","R","BOSS","M","?","$","M","?","E","?","R","T","M","E","R","?","E","R","BOSS","M","?","M","$","?","E","R","E","T","?","E","M","E","?","R","BOSS","BOSS","R","$","E","BOSS"],"items_purchased_type":["Card","Card","Relic","Potion","Potion","Card","Card"],"build_version":"2020-12-18","purchased_purges":3,"victory":true,"max_hp_per_floor":[75,75,75,75,75,75,75,75,75,75,75,75,75,82,82,82,82,82,82,82,82,82,82,82,82,82,82,82,82,82,82,82,82,82,82,82,82,82,82,82,82,82,82,82,82,82,82,82,82,82,82,82,82,82,82,82],"relic_stats":{"Happy Flower":[35],"counters":[28,120],"Self Forming Clay":[150],"Blue Candle":[0],"PreservedInsect":635,"Charon\u0027s Ashes":[365],"Juzu Bracelet":1,"Burning Blood":143,"Busted Crown":16,"Mummified Hand":[17],"Bronze Scales":[193],"Bird Faced Urn":[6],"Snecko Eye":[146,148,127,141],"obtain_stats":[{"Lantern":44,"Happy Flower":6,"Self Forming Clay":26,"Blue Candle":23,"PreservedInsect":9,"Charon\u0027s Ashes":40,"The Courier":45,"Juzu Bracelet":8,"Odd Mushroom":11,"Sling":38,"Burning Blood":0,"Bottled Flame":12,"Busted Crown":34,"Mummified Hand":42,"Strawberry":14,"Bronze Scales":31,"Bird Faced Urn":55,"Snecko Eye":17,"Toy Ornithopter":28,"InkBottle":47},{"Lantern":21,"Happy Flower":4,"Self Forming Clay":13,"Blue Candle":13,"PreservedInsect":5,"Charon\u0027s Ashes":20,"The Courier":22,"Juzu Bracelet":5,"Odd Mushroom":6,"Sling":19,"Burning Blood":0,"Bottled Flame":7,"Busted Crown":17,"Mummified Hand":21,"Strawberry":9,"Bronze Scales":16,"Bird Faced Urn":27,"Snecko Eye":10,"Toy Ornithopter":15,"InkBottle":24},{"Lantern":89,"Happy Flower":14,"Self Forming Clay":52,"Blue Candle":52,"PreservedInsect":20,"Charon\u0027s Ashes":84,"The Courier":92,"Juzu Bracelet":20,"Odd Mushroom":23,"Sling":81,"Burning Blood":0,"Bottled Flame":26,"Busted Crown":72,"Mummified Hand":89,"Strawberry":35,"Bronze Scales":65,"Bird Faced Urn":112,"Snecko Eye":43,"Toy Ornithopter":61,"InkBottle":99}],"Toy Ornithopter":22,"InkBottle":[11]},"card_choices":[{"not_picked":["Violence","Master of Strategy"],"picked":"Apotheosis","floor":0},{"not_picked":["Anger","Dark Embrace"],"picked":"Uppercut","floor":1},{"not_picked":["Flex","Havoc"],"picked":"Iron Wave","floor":2},{"not_picked":["Rupture","Reckless Charge"],"picked":"Spot Weakness","floor":5},{"not_picked":["Pommel Strike","Dark Embrace"],"picked":"Twin Strike","floor":6},{"not_picked":["Havoc","Entrench"],"picked":"Sword Boomerang","floor":8},{"not_picked":["Burning Pact","Sword Boomerang"],"picked":"Evolve","floor":11},{"not_picked":["Perfected Strike","Fire Breathing"],"picked":"Limit Break","floor":12},{"not_picked":["Rupture","Hemokinesis"],"picked":"Shrug It Off","floor":13},{"not_picked":["Uppercut","Clothesline","Dual Wield"],"picked":"SKIP","floor":14},{"not_picked":["Immolate","Bludgeon"],"picked":"Demon Form","floor":16},{"not_picked":["Armaments","Cleave","Power Through"],"picked":"SKIP","floor":18},{"not_picked":["Blood for Blood","Whirlwind"],"picked":"Reaper","floor":23},{"not_picked":["Pommel Strike","Iron Wave"],"picked":"Hemokinesis+1","floor":27},{"not_picked":["Second Wind","Sword Boomerang"],"picked":"Shrug It Off","floor":28},{"not_picked":["True Grit","Clothesline","Sword Boomerang"],"picked":"SKIP","floor":31},{"not_picked":["Fiend Fire","Impervious"],"picked":"Corruption","floor":33},{"not_picked":["Warcry"],"picked":"SKIP","floor":35},{"not_picked":["Inflame"],"picked":"SKIP","floor":37},{"not_picked":[],"picked":"Pommel Strike","floor":40},{"not_picked":[],"picked":"True Grit+1","floor":42},{"not_picked":[],"picked":"Shockwave","floor":45},{"not_picked":["Warcry"],"picked":"SKIP","floor":46},{"not_picked":["Seeing Red+1"],"picked":"SKIP","floor":47},{"not_picked":[],"picked":"Seeing Red+1","floor":47},{"not_picked":["Warcry+1"],"picked":"SKIP","floor":55}],"player_experience":1957277,"relics_obtained":[{"floor":6,"key":"Happy Flower"},{"floor":8,"key":"Juzu Bracelet"},{"floor":9,"key":"PreservedInsect"},{"floor":11,"key":"Odd Mushroom"},{"floor":12,"key":"Bottled Flame"},{"floor":14,"key":"Strawberry"},{"floor":23,"key":"Blue Candle"},{"floor":26,"key":"Self Forming Clay"},{"floor":28,"key":"Toy Ornithopter"},{"floor":31,"key":"Bronze Scales"},{"floor":40,"key":"Charon\u0027s Ashes"},{"floor":42,"key":"Mummified Hand"},{"floor":44,"key":"Lantern"},{"floor":45,"key":"The Courier"},{"floor":47,"key":"InkBottle"},{"floor":55,"key":"Bird Faced Urn"}],"event_choices":[{"damage_healed":18,"gold_gain":0,"player_choice":"Healed","damage_taken":0,"max_hp_gain":0,"max_hp_loss":0,"event_name":"The Cleric","floor":3,"gold_loss":35},{"damage_healed":0,"gold_gain":0,"player_choice":"Ignored","damage_taken":0,"max_hp_gain":0,"max_hp_loss":0,"event_name":"Liars Game","floor":4,"gold_loss":0},{"damage_healed":0,"gold_gain":0,"player_choice":"Fought Mushrooms","damage_taken":0,"max_hp_gain":0,"max_hp_loss":0,"event_name":"Mushrooms","floor":11,"gold_loss":0},{"damage_healed":0,"gold_gain":100,"player_choice":"Bet on Murderer","damage_taken":0,"max_hp_gain":0,"max_hp_loss":0,"event_name":"The Joust","floor":19,"gold_loss":50},{"damage_healed":0,"gold_gain":0,"cards_transformed":["Strike_R","Defend_R"],"player_choice":"Became Test Subject","damage_taken":0,"max_hp_gain":0,"max_hp_loss":0,"event_name":"Drug Dealer","floor":22,"gold_loss":0,"cards_obtained":["Wild Strike","Cleave"]},{"damage_healed":0,"gold_gain":0,"player_choice":"Read","damage_taken":0,"max_hp_gain":0,"max_hp_loss":0,"event_name":"The Library","floor":24,"gold_loss":0,"cards_obtained":["Heavy Blade"]},{"cards_removed":["Strike_R"],"damage_healed":0,"gold_gain":0,"player_choice":"Elegance","damage_taken":0,"max_hp_gain":0,"max_hp_loss":0,"event_name":"Back to Basics","floor":30,"gold_loss":0},{"damage_healed":0,"gold_gain":0,"player_choice":"Embrace Madness","damage_taken":15,"max_hp_gain":0,"max_hp_loss":0,"event_name":"Winding Halls","floor":36,"gold_loss":0,"cards_obtained":["Madness","Madness"]},{"cards_removed":["Evolve"],"damage_healed":0,"gold_gain":0,"player_choice":"Removed Power","damage_taken":0,"max_hp_gain":0,"max_hp_loss":0,"event_name":"Falling","floor":39,"gold_loss":0},{"damage_healed":0,"gold_gain":0,"player_choice":"Ignored","damage_taken":0,"max_hp_gain":0,"max_hp_loss":0,"event_name":"Tomb of Lord Red Mask","floor":48,"gold_loss":0}],"is_beta":true,"boss_relics":[{"not_picked":["Calling Bell","Runic Dome"],"picked":"Snecko Eye"},{"not_picked":["Velvet Choker","Runic Cube"],"picked":"Busted Crown"}],"items_purged_floors":[7,20,38],"is_endless":false,"potions_floor_spawned":[5,6,8,11,14,18,27,31,33,35,37],"ascension_level":20}}