{"host":"pbf6u3tyx46snqc7","time":1609782771,"event":{"mods":["AchievementEnabler","BaseMod","Colored Map","Minty Spire (QoL Compilation)","Rare Cards Sparkle","SuperFastMode"],"gold_per_floor":[117,117,131,81,95,95,95,113,136,136,11,11,47,119,119,250,250,264,363,35,35,59,83,98,98,98,98,131,131,175,191,191,310,310,324,324,5,5,25,25,25,25],"floor_reached":41,"playtime":1090,"items_purged":["Clumsy","Injury"],"score":559,"play_id":"b5aad3bb-5457-4ed6-b21b-c815eef7af3a","local_time":"20210105025251","is_ascension_mode":true,"campfire_choices":[{"data":"1","floor":6.0,"key":"LIFT"},{"data":"2","floor":10.0,"key":"LIFT"},{"data":"3","floor":12.0,"key":"LIFT"},{"data":"Sword Boomerang","floor":15.0,"key":"SMITH"},{"floor":25.0,"key":"REST"},{"floor":27.0,"key":"REST"},{"floor":32.0,"key":"REST"},{"floor":40.0,"key":"REST"}],"circlet_count":0,"master_deck":["Bash","True Grit","Cleave","Spot Weakness","Parasite","Sword Boomerang+1","Shrug It Off","Inflame","Juggernaut","Cleave+1","Ghostly Armor","Flex","Heavy Blade+1","Armaments+1","J.A.X.","Inflame","Second Wind+1","Immolate","Burning Pact","Seeing Red","True Grit","Pommel Strike","Rage","Pommel Strike","Juggernaut","Flex","Heavy Blade+1","Madness","Madness","Reaper","Flame Barrier","Shrug It Off"],"relics":["Burning Blood","Girya","Golden Idol","Art of War","Juzu Bracelet","Darkstone Periapt","Cursed Key","Mango","Sundial","Dream Catcher","Tiny Chest","Pandora\u0027s Box"],"acts_visited":["Exordium","TheCity","TheBeyond"],"potions_floor_usage":[41],"damage_taken":[{"damage":20.0,"enemies":"Cultist","floor":1.0,"turns":5.0},{"damage":8.0,"enemies":"Small Slimes","floor":3.0,"turns":4.0},{"damage":6.0,"enemies":"2 Louse","floor":5.0,"turns":2.0},{"damage":9.0,"enemies":"Blue Slaver","floor":8.0,"turns":4.0},{"damage":20.0,"enemies":"Lagavulin","floor":13.0,"turns":3.0},{"damage":25.0,"enemies":"Slime Boss","floor":16.0,"turns":5.0},{"damage":25.0,"enemies":"2 Thieves","floor":18.0,"turns":3.0},{"damage":2.0,"enemies":"Chosen","floor":22.0,"turns":3.0},{"damage":38.0,"enemies":"Snake Plant","floor":23.0,"turns":3.0},{"damage":14.0,"enemies":"Snecko","floor":24.0,"turns":4.0},{"damage":26.0,"enemies":"Gremlin Leader","floor":28.0,"turns":5.0},{"damage":42.0,"enemies":"Book of Stabbing","floor":30.0,"turns":5.0},{"damage":12.0,"enemies":"3 Cultists","floor":31.0,"turns":3.0},{"damage":53.0,"enemies":"Champ","floor":33.0,"turns":9.0},{"damage":30.0,"enemies":"3 Darklings","floor":35.0,"turns":4.0},{"damage":10.0,"enemies":"Orb Walker","floor":39.0,"turns":2.0},{"damage":127,"enemies":"Reptomancer","floor":41,"turns":5}],"seed_played":"-4130308323614027549","potions_obtained":[{"floor":5.0,"key":"EntropicBrew"},{"floor":16.0,"key":"EssenceOfSteel"},{"floor":21.0,"key":"Block Potion"},{"floor":21.0,"key":"Explosive Potion"},{"floor":21.0,"key":"DistilledChaos"},{"floor":28.0,"key":"SneckoOil"},{"floor":30.0,"key":"EssenceOfSteel"},{"floor":33.0,"key":"GamblersBrew"},{"floor":35.0,"key":"Strength Potion"},{"floor":39.0,"key":"Block Potion"}],"is_trial":false,"path_per_floor":["M","?","M","?","M","R","?","M","T","R","$","R","E","T","R","B",null,"M","?","$","?","M","M","M","R","T","R","E","?","E","M","R","B",null,"M","?","$","?","M","R","E"],"character_chosen":"IRONCLAD","items_purchased":["Shrug It Off","Mango","Ghostly Armor","Reaper","Flame Barrier"],"campfire_rested":4,"item_purchase_floors":[11,20,20,37,37],"current_hp_per_floor":[66,46,44,44,44,44,64,61,61,61,61,61,47,47,47,28,67,48,48,62,62,66,34,26,54,60,90,70,70,34,28,58,11,78,54,41,41,41,50,80,0,0],"gold":25,"neow_bonus":"ONE_RARE_RELIC","is_daily":false,"chose_seed":false,"campfire_upgraded":1,"win_rate":0.0,"timestamp":1609782771,"path_taken":["M","?","M","?","M","R","?","M","T","R","$","R","E","?","R","BOSS","M","?","$","?","M","M","M","R","T","R","E","?","E","M","R","BOSS","M","?","$","?","M","R","E"],"items_purchased_type":["Card","Relic","Card","Card","Card"],"build_version":"2020-12-22","purchased_purges":2,"victory":false,"max_hp_per_floor":[80,80,80,80,80,80,80,80,80,80,80,80,80,80,80,80,80,80,80,94,94,94,94,94,94,100,100,100,100,100,100,100,100,100,100,100,100,100,100,100,100,100],"card_choices":[{"not_picked":["Warcry","Clothesline"],"picked":"True Grit","floor":1.0},{"not_picked":["Anger","Thunderclap"],"picked":"Cleave","floor":3.0},{"not_picked":["Anger","Metallicize"],"picked":"Spot Weakness","floor":5.0},{"not_picked":["Bludgeon","Sever Soul"],"picked":"Sword Boomerang","floor":8.0},{"not_picked":["Whirlwind","Anger"],"picked":"Inflame","floor":13.0},{"not_picked":["Barricade","Berserk"],"picked":"Juggernaut","floor":16.0},{"not_picked":["True Grit","Anger"],"picked":"Cleave+1","floor":18.0},{"not_picked":["Clash","Cleave+1"],"picked":"Flex","floor":22.0},{"not_picked":["Sentinel","Shockwave"],"picked":"Heavy Blade+1","floor":23.0},{"not_picked":["Havoc","Wild Strike","Sever Soul"],"picked":"SKIP","floor":24.0},{"not_picked":["Power Through","Dark Embrace"],"picked":"Armaments","floor":28.0},{"not_picked":["Dark Embrace","Power Through","Sever Soul"],"picked":"SKIP","floor":30.0},{"not_picked":["Cleave","Wild Strike+1"],"picked":"Inflame","floor":31.0},{"not_picked":["True Grit","Anger"],"picked":"Second Wind+1","floor":32.0},{"not_picked":["Barricade","Demon Form"],"picked":"Immolate","floor":33.0},{"not_picked":["Cleave+1","Body Slam+1"],"picked":"Heavy Blade+1","floor":35.0},{"not_picked":["Thunderclap","Sever Soul"],"picked":"Shrug It Off","floor":39.0}],"player_experience":383682,"relics_obtained":[{"floor":9.0,"key":"Art of War"},{"floor":13.0,"key":"Juzu Bracelet"},{"floor":14.0,"key":"Darkstone Periapt"},{"floor":26.0,"key":"Sundial"},{"floor":28.0,"key":"Dream Catcher"},{"floor":30.0,"key":"Tiny Chest"}],"event_choices":[{"damage_healed":0.0,"max_hp_gain":0.0,"max_hp_loss":0.0,"gold_gain":0.0,"event_name":"Golden Idol","player_choice":"Take Damage","floor":2.0,"gold_loss":0.0,"damage_taken":20.0,"relics_obtained":["Golden Idol"]},{"cards_removed":["Defend_R"],"damage_healed":0.0,"max_hp_gain":0.0,"max_hp_loss":0.0,"gold_gain":0.0,"event_name":"The Cleric","player_choice":"Card Removal","floor":4.0,"gold_loss":50.0,"damage_taken":0.0},{"damage_healed":20.0,"max_hp_gain":0.0,"max_hp_loss":0.0,"gold_gain":0.0,"event_name":"Mushrooms","player_choice":"Healed and dodged fight","floor":7.0,"gold_loss":0.0,"damage_taken":0.0,"cards_obtained":["Parasite"]},{"damage_healed":0.0,"max_hp_gain":0.0,"max_hp_loss":0.0,"gold_gain":99.0,"event_name":"Nest","player_choice":"Stole From Cult","floor":19.0,"gold_loss":0.0,"damage_taken":0.0},{"damage_healed":0.0,"max_hp_gain":0.0,"max_hp_loss":0.0,"gold_gain":0.0,"event_name":"Lab","player_choice":"Got Potions","floor":21.0,"gold_loss":0.0,"damage_taken":0.0},{"damage_healed":0.0,"max_hp_gain":0.0,"max_hp_loss":0.0,"gold_gain":0.0,"event_name":"Drug Dealer","player_choice":"Obtain J.A.X.","floor":29.0,"gold_loss":0.0,"damage_taken":0.0,"cards_obtained":["J.A.X."]},{"damage_healed":0.0,"max_hp_gain":0.0,"max_hp_loss":0.0,"gold_gain":0.0,"event_name":"Winding Halls","player_choice":"Embrace Madness","floor":36.0,"gold_loss":0.0,"damage_taken":13.0,"cards_obtained":["Madness","Madness"]},{"damage_healed":0.0,"max_hp_gain":0.0,"max_hp_loss":0.0,"gold_gain":0.0,"event_name":"Accursed Blacksmith","player_choice":"Forge","floor":38.0,"gold_loss":0.0,"damage_taken":0.0,"cards_upgraded":["Armaments"]}],"is_beta":false,"boss_relics":[{"not_picked":["Runic Dome","Black Blood"],"picked":"Cursed Key"},{"not_picked":["Busted Crown","Mark of Pain"],"picked":"Pandora\u0027s Box"}],"items_purged_floors":[11,37],"is_endless":false,"potions_floor_spawned":[5,8,16,22,28,30,33,35,39],"killed_by":"Reptomancer","ascension_level":5}}