{"host":"e1zuqie93klo2ncl","time":1609794744,"event":{"mods":["AchievementEnabler","BaseMod","Minty Spire (QoL Compilation)","Relic Stats","StSLib"],"gold_per_floor":[109,129,146,126,142,142,157,157,211,361,36,53,66,96,96,173,173,173,173,173,98,98,98,98,98,98,98,98,98,98,98,98,98,98],"floor_reached":33,"playtime":1854,"items_purged":[],"score":632,"play_id":"22d59781-488c-4de1-b673-c3cfc49b2af2","local_time":"20210104211224","is_ascension_mode":true,"campfire_choices":[{"data":"Neutralize","floor":6.0,"key":"SMITH"},{"data":"Poisoned Stab","floor":8.0,"key":"SMITH"},{"data":"Footwork","floor":15,"key":"SMITH"},{"floor":23,"key":"REST"},{"floor":25,"key":"REST"},{"data":"Ghostly","floor":29,"key":"SMITH"},{"floor":32,"key":"REST"}],"circlet_count":0,"master_deck":["AscendersBane","Strike_G","Strike_G","Strike_G","Strike_G","Defend_G","Defend_G","Defend_G","Defend_G","Defend_G","Survivor","Neutralize+1","Masterful Stab","Poisoned Stab+1","Quick Slash","Dagger Throw","Unload","Doubt","Escape Plan","Deflect","Footwork+1","Die Die Die","Dodge and Roll","PiercingWail","Blade Dance","Ghostly","Ghostly","Ghostly+1","Terror","Calculated Gamble","Deflect","Footwork"],"relics":["Ring of the Snake","Lizard Tail","Juzu Bracelet","Lee\u0027s Waffle","PreservedInsect","White Beast Statue","Ectoplasm","Blue Candle","Anchor","Ninja Scroll"],"acts_visited":["Exordium","TheCity"],"potions_floor_usage":[14,16,20,20,27,28,28,30,31],"damage_taken":[{"damage":1.0,"enemies":"2 Louse","floor":1.0,"turns":3.0},{"damage":1.0,"enemies":"Cultist","floor":2.0,"turns":4.0},{"damage":9.0,"enemies":"Jaw Worm","floor":3.0,"turns":4.0},{"damage":8.0,"enemies":"Large Slime","floor":5.0,"turns":5.0},{"damage":2.0,"enemies":"2 Fungi Beasts","floor":7.0,"turns":3.0},{"damage":0.0,"enemies":"Exordium Wildlife","floor":12.0,"turns":3.0},{"damage":10.0,"enemies":"Red Slaver","floor":13.0,"turns":4.0},{"damage":3,"enemies":"Gremlin Nob","floor":14,"turns":3},{"damage":70,"enemies":"Hexaghost","floor":16,"turns":16},{"damage":10,"enemies":"3 Byrds","floor":18,"turns":6},{"damage":7,"enemies":"Shell Parasite","floor":19,"turns":7},{"damage":38,"enemies":"Cultist and Chosen","floor":20,"turns":10},{"damage":10,"enemies":"Centurion and Healer","floor":24,"turns":12},{"damage":0,"enemies":"Snecko","floor":27,"turns":5},{"damage":0,"enemies":"Gremlin Leader","floor":28,"turns":3},{"damage":15,"enemies":"Snake Plant","floor":30,"turns":5},{"damage":14,"enemies":"Book of Stabbing","floor":31,"turns":5},{"damage":33,"enemies":"Champ","floor":33,"turns":10}],"seed_played":"3505931275647878597","potions_obtained":[{"floor":2.0,"key":"Regen Potion"},{"floor":3.0,"key":"GamblersBrew"},{"floor":4.0,"key":"PowerPotion"},{"floor":5.0,"key":"SteroidPotion"},{"floor":12.0,"key":"GamblersBrew"},{"floor":16,"key":"ColorlessPotion"},{"floor":18,"key":"GhostInAJar"},{"floor":19,"key":"Swift Potion"},{"floor":20,"key":"Energy Potion"},{"floor":24,"key":"Fire Potion"},{"floor":27,"key":"CunningPotion"},{"floor":28,"key":"Regen Potion"},{"floor":30,"key":"Regen Potion"},{"floor":31,"key":"FearPotion"}],"is_trial":false,"path_per_floor":["M","M","M","?","M","R","M","R","T","?","$","M","M","E","R","B",null,"M","M","M","?","?","R","M","R","T","M","E","R","M","E","R","B"],"character_chosen":"THE_SILENT","items_purchased":["Lee\u0027s Waffle","PreservedInsect"],"campfire_rested":3,"item_purchase_floors":[11,11],"current_hp_per_floor":[43,42,33,33,25,25,32,32,32,32,73,73,63,60,60,27,62,52,45,7,7,7,17,7,17,17,17,17,17,16,14,24,0,0],"gold":98,"neow_bonus":"ONE_RARE_RELIC","is_daily":false,"chose_seed":false,"campfire_upgraded":4,"win_rate":0.0,"timestamp":1609794744,"path_taken":["M","M","M","?","M","R","M","R","T","?","$","M","M","E","R","BOSS","M","M","M","?","?","R","M","R","T","M","E","R","M","E","R","BOSS"],"items_purchased_type":["Relic","Relic"],"build_version":"2020-12-22","purchased_purges":0,"victory":false,"max_hp_per_floor":[66,66,66,66,66,66,66,66,66,66,73,73,73,73,73,73,73,73,73,73,73,36,36,36,36,36,36,36,36,36,36,36,36,36],"relic_stats":{"Lizard Tail":36,"Lee\u0027s Waffle":41,"counters":[18,108],"Blue Candle":[0],"PreservedInsect":112,"Ectoplasm":228,"Juzu Bracelet":1,"obtain_stats":[{"Lizard Tail":0,"Lee\u0027s Waffle":11,"Anchor":28,"Ninja Scroll":31,"Blue Candle":26,"PreservedInsect":11,"Ectoplasm":17,"Juzu Bracelet":9,"White Beast Statue":14,"Ring of the Snake":0},{"Lizard Tail":0,"Lee\u0027s Waffle":5,"Anchor":15,"Ninja Scroll":17,"Blue Candle":13,"PreservedInsect":5,"Ectoplasm":9,"Juzu Bracelet":5,"White Beast Statue":8,"Ring of the Snake":0},{"Lizard Tail":0,"Lee\u0027s Waffle":19,"Anchor":88,"Ninja Scroll":98,"Blue Candle":80,"PreservedInsect":19,"Ectoplasm":45,"Juzu Bracelet":19,"White Beast Statue":29,"Ring of the Snake":0}],"Ring of the Snake":[36]},"card_choices":[{"not_picked":["Deflect","Underhanded Strike"],"picked":"Masterful Stab","floor":1.0},{"not_picked":["Flying Knee","Calculated Gamble"],"picked":"Poisoned Stab","floor":2.0},{"not_picked":["Concentrate","Dodge and Roll"],"picked":"Quick Slash","floor":3.0},{"not_picked":["Prepared","Caltrops"],"picked":"Dagger Throw","floor":5.0},{"not_picked":["Slice","Quick Slash"],"picked":"Unload","floor":7.0},{"not_picked":["Calculated Gamble","Flying Knee"],"picked":"Escape Plan","floor":12.0},{"not_picked":["Finisher","Infinite Blades"],"picked":"Deflect","floor":13.0},{"not_picked":["Cloak And Dagger","Predator"],"picked":"Footwork","floor":14},{"not_picked":["Phantasmal Killer","Venomology"],"picked":"Die Die Die","floor":16},{"not_picked":["Deadly Poison","All Out Attack+1"],"picked":"Dodge and Roll","floor":18},{"not_picked":["Flying Knee","Eviscerate"],"picked":"PiercingWail","floor":19},{"not_picked":["Deflect","Infinite Blades"],"picked":"Blade Dance","floor":20},{"not_picked":["Expertise+1","Skewer"],"picked":"Terror","floor":24},{"not_picked":["Setup","Concentrate"],"picked":"Calculated Gamble","floor":27},{"not_picked":["Masterful Stab","Dagger Spray"],"picked":"Deflect","floor":28},{"not_picked":["Cloak And Dagger","Deadly Poison"],"picked":"Footwork","floor":30},{"not_picked":["Quick Slash+1","Outmaneuver","Dagger Spray"],"picked":"SKIP","floor":31}],"player_experience":828819,"relics_obtained":[{"floor":9.0,"key":"Juzu Bracelet"},{"floor":14,"key":"White Beast Statue"},{"floor":26,"key":"Blue Candle"},{"floor":28,"key":"Anchor"},{"floor":31,"key":"Ninja Scroll"}],"event_choices":[{"damage_healed":0.0,"max_hp_gain":0.0,"max_hp_loss":0.0,"gold_gain":0.0,"event_name":"The Woman in Blue","player_choice":"Bought 1 Potion","floor":4.0,"gold_loss":0.0,"damage_taken":0.0},{"damage_healed":0.0,"max_hp_gain":0.0,"max_hp_loss":0.0,"gold_gain":150.0,"event_name":"Liars Game","player_choice":"AGREE","floor":10.0,"gold_loss":0.0,"damage_taken":0.0,"cards_obtained":["Doubt"]},{"cards_removed":["Strike_G"],"damage_healed":0,"gold_gain":0,"player_choice":"Gave Gold","damage_taken":0,"max_hp_gain":0,"max_hp_loss":0,"event_name":"Beggar","floor":21,"gold_loss":75},{"damage_healed":0,"gold_gain":0,"player_choice":"Became a Ghost","damage_taken":0,"max_hp_gain":0,"max_hp_loss":37,"event_name":"Ghosts","floor":22,"gold_loss":0,"cards_obtained":["Ghostly","Ghostly","Ghostly"]}],"is_beta":false,"boss_relics":[{"not_picked":["Coffee Dripper","Busted Crown"],"picked":"Ectoplasm"}],"items_purged_floors":[],"is_endless":false,"potions_floor_spawned":[2,3,5,12,16,18,19,20,24,27,28,30,31],"killed_by":"Champ","ascension_level":20}}