{"host":"zr590xw2unlz0wv7","time":1609771101,"event":{"mods":["BaseMod","Minty Spire (QoL Compilation)","READ ME - Guardian Mod","StSLib"],"gold_per_floor":[114,64,64,64,139,139,149,149,172,191,202,127,137,137,137,239,239,255,255,170,170,188,188,88,88,88,13,26,36,36,52,52,152,152,169,169,186,186,461,461,471,471,471],"floor_reached":42,"playtime":1585,"items_purged":["Strike_P","Eruption+1"],"score":508,"play_id":"5581be4a-2875-4aaf-bf2d-c63c15b97c37","local_time":"20210104223821","is_ascension_mode":true,"campfire_choices":[{"floor":6,"key":"REST"},{"data":"Eruption","floor":8,"key":"SMITH"},{"data":"PathToVictory","floor":15,"key":"SMITH"},{"data":"PathToVictory","floor":23,"key":"SMITH"},{"data":"WaveOfTheHand","floor":25,"key":"SMITH"},{"floor":32,"key":"RECALL"},{"data":"ConjureBlade","floor":40,"key":"SMITH"}],"circlet_count":0,"master_deck":["Defend_P","Defend_P","Defend_P","Defend_P","Vigilance","LikeWater","PathToVictory+1","PathToVictory+1","DeusExMachina","WaveOfTheHand+1","BattleHymn+1","Evaluate+1","ConjureBlade+1","CurseOfTheBell","Writhe","Regret","ThirdEye"],"relics":["PureWater","Calipers","Art of War","Velvet Choker","Dream Catcher","TeardropLocket","Yang","Calling Bell","Boot","White Beast Statue","Girya"],"acts_visited":["Exordium","TheCity","TheBeyond"],"potions_floor_usage":[16,18,28,33,37,41,42],"damage_taken":[{"damage":1,"enemies":"2 Louse","floor":1,"turns":3},{"damage":6,"enemies":"Small Slimes","floor":7,"turns":7},{"damage":1,"enemies":"Cultist","floor":10,"turns":4},{"damage":0,"enemies":"2 Fungi Beasts","floor":11,"turns":3},{"damage":3,"enemies":"Blue Slaver","floor":13,"turns":4},{"damage":40,"enemies":"Slime Boss","floor":16,"turns":8},{"damage":5,"enemies":"2 Thieves","floor":18,"turns":3},{"damage":0,"enemies":"Spheric Guardian","floor":22,"turns":4},{"damage":0,"enemies":"3 Cultists","floor":28,"turns":4},{"damage":1,"enemies":"Chosen and Byrds","floor":29,"turns":6},{"damage":4,"enemies":"Centurion and Healer","floor":31,"turns":5},{"damage":35,"enemies":"Collector","floor":33,"turns":8},{"damage":1,"enemies":"3 Darklings","floor":35,"turns":8},{"damage":0,"enemies":"Orb Walker","floor":37,"turns":4},{"damage":53,"enemies":"Transient","floor":41,"turns":5},{"damage":27,"enemies":"Jaw Worm Horde","floor":42,"turns":4}],"seed_played":"5900024166834474090","potions_obtained":[{"floor":10,"key":"Explosive Potion"},{"floor":13,"key":"Ancient Potion"},{"floor":16,"key":"Block Potion"},{"floor":22,"key":"Explosive Potion"},{"floor":28,"key":"Fruit Juice"},{"floor":33,"key":"LiquidMemories"},{"floor":35,"key":"Strength Potion"},{"floor":36,"key":"BlessingOfTheForge"},{"floor":37,"key":"StancePotion"},{"floor":41,"key":"SpeedPotion"}],"is_trial":false,"path_per_floor":["M","?","$","?","?","R","M","R","T","M","M","$","M","?","R","B",null,"M","?","?","T","M","R","$","R","T","?","M","M","$","M","R","B",null,"M","?","M","?","?","R","M","M"],"character_chosen":"WATCHER","items_purchased":[],"campfire_rested":1,"item_purchase_floors":[],"current_hp_per_floor":[50,50,50,50,39,60,54,54,54,53,53,53,50,50,50,10,57,52,52,52,52,52,52,52,52,52,52,57,56,56,52,52,17,62,61,61,61,77,77,77,24,0,0],"gold":471,"neow_bonus":"ONE_RARE_RELIC","is_daily":false,"chose_seed":false,"campfire_upgraded":5,"win_rate":0.0,"timestamp":1609771101,"path_taken":["M","?","$","?","?","R","M","R","T","M","M","$","M","?","R","BOSS","M","?","?","?","M","R","$","R","T","?","?","M","?","M","R","BOSS","M","?","?","?","?","R","?","M"],"items_purchased_type":[],"build_version":"2020-12-22","purchased_purges":2,"victory":false,"max_hp_per_floor":[72,72,72,72,72,72,72,72,72,72,72,72,72,72,72,72,72,72,72,72,72,72,72,72,72,72,72,77,77,77,77,77,77,77,77,77,77,77,77,77,77,77,77],"card_choices":[{"not_picked":["EmptyBody","ClearTheMind"],"picked":"LikeWater","floor":1},{"not_picked":["Protect","CrushJoints"],"picked":"ClearTheMind","floor":7},{"not_picked":["FearNoEvil","ThirdEye"],"picked":"PathToVictory","floor":10},{"not_picked":["FlurryOfBlows","Consecrate"],"picked":"PathToVictory","floor":11},{"not_picked":["CrushJoints","ClearTheMind","Sanctity"],"picked":"SKIP","floor":13},{"not_picked":["SpiritShield","Brilliance"],"picked":"DeusExMachina","floor":16},{"not_picked":["EmptyBody","Crescendo"],"picked":"WaveOfTheHand","floor":18},{"not_picked":["Pray","Worship+1","JustLucky"],"picked":"SKIP","floor":22},{"not_picked":["Protect","CrushJoints"],"picked":"BattleHymn+1","floor":28},{"not_picked":["Tantrum","BowlingBash"],"picked":"Evaluate+1","floor":29},{"not_picked":["Brilliance","FlyingSleeves","Halt+1"],"picked":"SKIP","floor":31},{"not_picked":["DevaForm","Judgement"],"picked":"ConjureBlade","floor":33},{"not_picked":["WindmillStrike+1","Prostrate","Evaluate+1"],"picked":"SKIP","floor":35},{"not_picked":["BattleHymn+1","MentalFortress+1","Consecrate"],"picked":"SKIP","floor":37},{"not_picked":["Prostrate+1","EmptyBody"],"picked":"ThirdEye","floor":41}],"player_experience":534696,"relics_obtained":[{"floor":9,"key":"Art of War"},{"floor":26,"key":"Yang"},{"floor":34,"key":"Boot"},{"floor":34,"key":"White Beast Statue"},{"floor":34,"key":"Girya"}],"event_choices":[{"cards_removed":["Strike_P"],"damage_healed":0,"gold_gain":0,"player_choice":"Card Removal","damage_taken":0,"max_hp_gain":0,"max_hp_loss":0,"event_name":"The Cleric","floor":2,"gold_loss":50},{"cards_removed":["Strike_P"],"damage_healed":0,"gold_gain":0,"player_choice":"Forget","damage_taken":0,"max_hp_gain":0,"max_hp_loss":0,"event_name":"Living Wall","floor":4,"gold_loss":0},{"damage_healed":0,"gold_gain":75,"player_choice":"Gather Gold","damage_taken":11,"max_hp_gain":0,"max_hp_loss":0,"event_name":"World of Goop","floor":5,"gold_loss":0},{"cards_removed":["Strike_P"],"damage_healed":0,"gold_gain":0,"player_choice":"Offered Basic","damage_taken":0,"max_hp_gain":0,"max_hp_loss":0,"event_name":"Bonfire Elementals","floor":14,"gold_loss":0},{"damage_healed":0,"gold_gain":0,"player_choice":"Opened","damage_taken":0,"relics_obtained":["Dream Catcher"],"max_hp_gain":0,"max_hp_loss":0,"event_name":"The Mausoleum","floor":19,"gold_loss":0},{"damage_healed":0,"gold_gain":0,"player_choice":"Obtained Relic","damage_taken":0,"relics_obtained":["TeardropLocket"],"max_hp_gain":0,"max_hp_loss":0,"event_name":"Addict","floor":20,"gold_loss":85},{"cards_removed":["ClearTheMind"],"damage_healed":0,"gold_gain":0,"player_choice":"Gave Gold","damage_taken":0,"max_hp_gain":0,"max_hp_loss":0,"event_name":"Beggar","floor":27,"gold_loss":75},{"damage_healed":0,"gold_gain":0,"player_choice":"Got Potions","damage_taken":0,"max_hp_gain":0,"max_hp_loss":0,"event_name":"Lab","floor":36,"gold_loss":0},{"damage_healed":19,"gold_gain":0,"player_choice":"Writhe","damage_taken":0,"max_hp_gain":0,"max_hp_loss":0,"event_name":"Winding Halls","floor":38,"gold_loss":0,"cards_obtained":["Writhe"]},{"damage_healed":0,"gold_gain":275,"player_choice":"Desecrate","damage_taken":0,"max_hp_gain":0,"max_hp_loss":0,"event_name":"Golden Shrine","floor":39,"gold_loss":0,"cards_obtained":["Regret"]}],"is_beta":false,"boss_relics":[{"not_picked":["Black Star","VioletLotus"],"picked":"Velvet Choker"},{"not_picked":["Pandora\u0027s Box","Coffee Dripper"],"picked":"Calling Bell"}],"items_purged_floors":[12,24],"is_endless":false,"potions_floor_spawned":[10,13,16,22,28,33,35,37,41],"killed_by":"Jaw Worm Horde","ascension_level":5}}