{"host":"2lvuisjyit3p3u01","time":1609788028,"event":{"mods":["Act Like it!","BaseMod","Bestiary","Better Synergies","CapriCore","Colored Map","Colored Powertips","Duelist Mod","GifTheSpireLib","Minty Spire (QoL Compilation)","Quick Restart","Replay The Spire","StSLib"],"gold_per_floor":[141,153,168,179,354,383,383,409,409,409,434,464,464,45,45,148,148,159,159,177,197,52,80,80,80,80],"floor_reached":25,"playtime":1114,"items_purged":["theDuelist:CurseArmaments","Doubt"],"score":370,"play_id":"5b094b82-dc47-4360-af14-72f726306e4c","local_time":"20210104212028","is_ascension_mode":true,"campfire_choices":[{"data":"theDuelist:NaturiaDragonfly","floor":7,"key":"SMITH"},{"floor":15,"key":"REST"},{"floor":24,"key":"REST"}],"circlet_count":0,"master_deck":["theDuelist:CastleWalls","theDuelist:CastleWalls","theDuelist:CastleWalls+1","theDuelist:NaturiaBeast","theDuelist:NaturiaCliff+1","theDuelist:NaturiaRock","theDuelist:NaturiaTulip","theDuelist:Sparks","theDuelist:Sparks","theDuelist:Sparks","theDuelist:NaturiaDragonfly+1","theDuelist:BottomlessTrapHole","theDuelist:ConvulsionNature","Pot Of Greed","Pot Of Greed","theDuelist:HammerShot","theDuelist:NaturiaEggplant","theDuelist:NaturiaBarkion","theDuelist:ConvulsionNature","theDuelist:SummoningSwarm+1","theDuelist:WingedKuriboh"],"relics":["theDuelist:MillenniumPuzzle","theDuelist:CardPoolRelic","theDuelist:CardPoolBasicRelic","theDuelist:BoosterPackPoolRelic","theDuelist:CardPoolAddRelic","theDuelist:CardPoolMinusRelic","theDuelist:CardPoolSaveRelic","theDuelist:CardPoolOptionsRelic","NeowsBlessing","Pen Nib","Carrot","Mirror","theDuelist:ResummonBranch","Grinning Jar","theDuelist:NaturiaRelic","Tiny Chest","Runic Cube","theDuelist:SummonAnchor","theDuelist:PointPass","Pantograph","theDuelist:KaibaToken"],"acts_visited":["Exordium","TheCity"],"potions_floor_usage":[6,6,8,11,25],"damage_taken":[{"damage":0,"enemies":"Cultist","floor":1,"turns":1},{"damage":0,"enemies":"Small Slimes","floor":2,"turns":1},{"damage":0,"enemies":"2 Louse","floor":3,"turns":1},{"damage":6,"enemies":"Looter","floor":4,"turns":3},{"damage":19,"enemies":"Gremlin Nob","floor":6,"turns":5},{"damage":27,"enemies":"Lagavulin","floor":8,"turns":7},{"damage":11,"enemies":"3 Sentries","floor":11,"turns":4},{"damage":0,"enemies":"Fading Forest","floor":16,"turns":11},{"damage":18,"enemies":"Spheric Guardian","floor":18,"turns":5},{"damage":23,"enemies":"Chosen","floor":20,"turns":5},{"damage":21,"enemies":"Centurion and Healer","floor":21,"turns":6},{"damage":28,"enemies":"theDuelist:KaibaA2","floor":23,"turns":6},{"damage":37,"enemies":"Shelled Parasite and Fungi","floor":25,"turns":3}],"seed_played":"-3129015480184889546","potions_obtained":[{"floor":1,"key":"theDuelist:DestructPotionPot"},{"floor":3,"key":"theDuelist:TokenPotionB"},{"floor":6,"key":"theDuelist:VoidBottle"},{"floor":8,"key":"ColorlessPotion"},{"floor":21,"key":"Toxic Potion"},{"floor":23,"key":"theDuelist:FusionPotion"}],"is_trial":false,"path_per_floor":["M","M","M","M","?","E","R","E","T","?","E","?","?","$","R","B",null,"M","?","M","M","$","E","R","M"],"character_chosen":"THE_DUELIST","items_purchased":["theDuelist:NaturiaRelic","Tiny Chest","theDuelist:NaturiaEggplant","theDuelist:PointPass","Pantograph"],"campfire_rested":2,"item_purchase_floors":[14,14,14,22,22],"current_hp_per_floor":[80,80,80,74,74,65,65,48,48,48,37,37,17,17,47,47,100,82,76,53,32,32,4,34,0,0],"gold":80,"neow_bonus":"THREE_ENEMY_KILL","is_daily":false,"chose_seed":false,"campfire_upgraded":1,"win_rate":0.0,"timestamp":1609788028,"path_taken":["M","M","?","M","?","E","R","E","T","?","E","?","?","$","R","BOSS","M","?","M","?","?","E","R","M"],"items_purchased_type":["Relic","Relic","Card","Relic","Relic"],"build_version":"2020-12-22","purchased_purges":2,"victory":false,"max_hp_per_floor":[80,80,80,80,80,90,90,100,100,100,100,100,100,100,100,100,100,100,100,100,100,100,100,100,100,100],"card_choices":[{"not_picked":["theDuelist:NaturiaBarkion","theDuelist:NaturiaBambooShoot"],"picked":"theDuelist:FuryFire","floor":1},{"not_picked":["theDuelist:SummoningSwarm","theDuelist:NaturiaMarron","theDuelist:NaturiaCliff","theDuelist:Pollinosis"],"picked":"theDuelist:NaturiaDragonfly","floor":2},{"not_picked":["theDuelist:Fissure","theDuelist:BigEye","theDuelist:SphereKuriboh","theDuelist:FutureFusion","theDuelist:ReleaseFromStone"],"picked":"SKIP","floor":3},{"not_picked":["theDuelist:NatureReflection","theDuelist:LairWire","theDuelist:Wiretap","theDuelist:AcidTrapHole"],"picked":"theDuelist:BottomlessTrapHole","floor":4},{"not_picked":["theDuelist:Fissure","theDuelist:GraniteLoyalist","theDuelist:BigKoala","theDuelist:DummyGolem"],"picked":"theDuelist:DestructPotion","floor":6},{"not_picked":["theDuelist:NatureReflection","theDuelist:LeodrakeMane","theDuelist:LairWire"],"picked":"theDuelist:ConvulsionNature","floor":8},{"not_picked":["theDuelist:DestroyerGolem","theDuelist:Fissure","theDuelist:MillenniumGolem","theDuelist:WingedKuriboh"],"picked":"theDuelist:HammerShot","floor":11},{"not_picked":["theDuelist:NaturiaVein","theDuelist:ClosedForest","theDuelist:Canyon","theDuelist:Wildfire"],"picked":"theDuelist:NaturiaBarkion","floor":16},{"not_picked":["theDuelist:FuryFire+1","theDuelist:SeedSacredTree","theDuelist:LeodrakeMane","theDuelist:AfterGenocide"],"picked":"theDuelist:ConvulsionNature","floor":18},{"not_picked":["theDuelist:NaturiaCliff","theDuelist:NaturiaMarron","theDuelist:NaturiaDragonfly","theDuelist:LairWire"],"picked":"theDuelist:SummoningSwarm+1","floor":20},{"not_picked":["theDuelist:BigFire","theDuelist:DestroyerGolem","theDuelist:MudGolem+1","theDuelist:GraniteLoyalist"],"picked":"theDuelist:WingedKuriboh","floor":21},{"not_picked":["theDuelist:BigFire","theDuelist:DummyGolem","theDuelist:Mudora","theDuelist:Reload+1","theDuelist:ForbiddenChalice"],"picked":"SKIP","floor":23}],"player_experience":249293,"relics_obtained":[{"floor":6,"key":"Pen Nib"},{"floor":8,"key":"Carrot"},{"floor":9,"key":"Mirror"},{"floor":11,"key":"Grinning Jar"},{"floor":23,"key":"theDuelist:KaibaToken"}],"event_choices":[{"damage_healed":0,"gold_gain":175,"player_choice":"AGREE","damage_taken":0,"max_hp_gain":0,"max_hp_loss":0,"event_name":"Liars Game","floor":5,"gold_loss":0,"cards_obtained":["Doubt"]},{"damage_healed":0,"gold_gain":0,"player_choice":"Took item - Received: Millennium Branch","duelist":true,"damage_taken":0,"max_hp_gain":0,"max_hp_loss":0,"event_name":"Millennium Items","floor":10,"gold_loss":0},{"damage_healed":0,"gold_gain":0,"player_choice":"Sold Fury of Fire for 30 Gold.","duelist":true,"damage_taken":0,"max_hp_gain":0,"max_hp_loss":0,"event_name":"Card Trader","floor":12,"gold_loss":0},{"damage_healed":0,"gold_gain":0,"player_choice":"Entered Light","damage_taken":20,"max_hp_gain":0,"max_hp_loss":0,"event_name":"Shining Light","floor":13,"gold_loss":0,"cards_upgraded":["theDuelist:CastleWalls","theDuelist:NaturiaCliff"]},{"damage_healed":0,"gold_gain":0,"player_choice":"Dig - random Duelist relic","duelist":true,"damage_taken":0,"max_hp_gain":0,"max_hp_loss":0,"event_name":"Aknamkanon\u0027s Tomb","floor":19,"gold_loss":0}],"is_beta":false,"boss_relics":[{"not_picked":["Painkiller Herb","ReplayTheSpireMod:DimensionalGlitch"],"picked":"Runic Cube"}],"items_purged_floors":[14,22],"is_endless":false,"potions_floor_spawned":[1,3,6,8,21,23],"killed_by":"Shelled Parasite and Fungi","ascension_level":2}}