{"host":"ws4mzzemcqsz5e2k","time":1609774014,"event":{"mods":["ATMod(阿瑾Mod)","BaseMod","Colored Powertips","Minty Spire (QoL Compilation)","StSLib","没有小屋子和绿帽子啦"],"gold_per_floor":[113,113,123,123,19,50,50,64,139,170,170,182,195,210,210,281,281,295,313,333,383,308,308,308,333,333,333,333,368,6,26,26,112,112,135,135,150,150,169,169,186,186,186,61,78,156,212,212,212,412,512,512,512,27,262,362],"floor_reached":57,"playtime":2316,"items_purged":["Strike_G","Bane","Strike_G+1","Strike_G+1"],"score":2950,"play_id":"660cd68b-2497-4589-8bde-d78bc7b3471a","local_time":"20210104232654","is_ascension_mode":true,"campfire_choices":[{"data":"AT_BreakingExtremeWeapon","floor":7.0,"key":"SMITH"},{"data":"Blade Dance","floor":11.0,"key":"SMITH"},{"data":"Acrobatics","floor":15.0,"key":"SMITH"},{"data":"AT_ShadowStep","floor":23.0,"key":"SMITH"},{"floor":28.0,"key":"REST"},{"floor":32.0,"key":"RECALL"},{"data":"Blade Dance","floor":40.0,"key":"SMITH"},{"data":"Reflex","floor":42.0,"key":"SMITH"},{"data":"AT_KingSlayer","floor":49,"key":"SMITH"},{"data":"Neutralize","floor":53,"key":"SMITH"}],"circlet_count":0,"master_deck":["AscendersBane","Defend_G+1","Defend_G+1","Defend_G+1","Defend_G+1","Defend_G+1","Survivor+1","Neutralize+1","AT_BreakingExtremeWeapon+1","Reflex+1","Acrobatics+1","Blade Dance+1","Blade Dance+1","AT_ShadowStep+1","Tactician+1","AT_KingSlayer+1","Terror+1","Prepared+1","Acrobatics+1","Escape Plan"],"relics":["Ring of the Snake","AT_ATBox","NeowsBlessing","Art of War","Potion Belt","Runic Pyramid","Blood Vial","Question Card","HornCleat","CeramicFish","AT_SilvercatRing","Coffee Dripper","Letter Opener","Mummified Hand","AT_TheCollector","Membership Card","InkBottle","Whetstone"],"acts_visited":["Exordium","TheCity","TheBeyond","TheEnding"],"potions_floor_usage":[50,51,54,56,56,56],"damage_taken":[{"damage":0.0,"enemies":"Jaw Worm","floor":1.0,"turns":1.0},{"damage":0.0,"enemies":"Cultist","floor":3.0,"turns":1.0},{"damage":0.0,"enemies":"Gremlin Nob","floor":6.0,"turns":1.0},{"damage":0.0,"enemies":"2 Louse","floor":8.0,"turns":3.0},{"damage":10.0,"enemies":"3 Sentries","floor":10.0,"turns":4.0},{"damage":0.0,"enemies":"Looter","floor":12.0,"turns":1.0},{"damage":9.0,"enemies":"Blue Slaver","floor":13.0,"turns":2.0},{"damage":0.0,"enemies":"2 Fungi Beasts","floor":14.0,"turns":3.0},{"damage":13.0,"enemies":"The Guardian","floor":16.0,"turns":5.0},{"damage":11.0,"enemies":"Spheric Guardian","floor":18.0,"turns":3.0},{"damage":18.0,"enemies":"3 Byrds","floor":19.0,"turns":4.0},{"damage":4.0,"enemies":"Cultist and Chosen","floor":20.0,"turns":3.0},{"damage":0.0,"enemies":"Gremlin Leader","floor":25.0,"turns":3.0},{"damage":7.0,"enemies":"Slavers","floor":29.0,"turns":2.0},{"damage":0.0,"enemies":"Shelled Parasite and Fungi","floor":31.0,"turns":2.0},{"damage":6.0,"enemies":"Champ","floor":33.0,"turns":5.0},{"damage":0.0,"enemies":"3 Darklings","floor":35.0,"turns":3.0},{"damage":4.0,"enemies":"Orb Walker","floor":37.0,"turns":3.0},{"damage":2.0,"enemies":"3 Darklings","floor":39.0,"turns":3.0},{"damage":35.0,"enemies":"Sphere and 2 Shapes","floor":41.0,"turns":4.0},{"damage":0.0,"enemies":"4 Shapes","floor":45.0,"turns":3.0},{"damage":3.0,"enemies":"2 Orb Walkers","floor":47.0,"turns":2.0},{"damage":12,"enemies":"Awakened One","floor":50,"turns":5},{"damage":0,"enemies":"Time Eater","floor":51,"turns":2},{"damage":0,"enemies":"Shield and Spear","floor":55,"turns":2},{"damage":43,"enemies":"The Heart","floor":56,"turns":7}],"seed_played":"2448565203441292330","potions_obtained":[{"floor":1.0,"key":"DuplicationPotion"},{"floor":3.0,"key":"PowerPotion"},{"floor":12.0,"key":"DuplicationPotion"},{"floor":16.0,"key":"GamblersBrew"},{"floor":19.0,"key":"AttackPotion"},{"floor":20.0,"key":"Explosive Potion"},{"floor":29.0,"key":"EssenceOfSteel"},{"floor":31.0,"key":"SpeedPotion"},{"floor":55,"key":"SteroidPotion"}],"is_trial":false,"path_per_floor":["M","?","M","$","$","E","R","M","T","E","R","M","M","M","R","B",null,"M","M","M","?","?","R","?","E","T","T","R","E","$","M","R","B",null,"M","?","M","?","M","R","M","R","T","$","M","T","?","?","R","B","B",null,"R","$","E","B",null],"character_chosen":"THE_SILENT","items_purchased":["Blade Dance","AT_SilvercatRing","Membership Card","Acrobatics","Fruit Juice","InkBottle","Ancient Potion"],"campfire_rested":1,"item_purchase_floors":[5,30,54,54,54,54,54],"current_hp_per_floor":[59,59,59,59,59,59,59,59,59,49,49,49,40,40,40,27,56,45,27,23,23,23,23,23,23,23,23,42,37,37,39,39,35,58,60,60,58,58,58,58,25,25,25,25,27,27,26,26,26,16,18,52,52,57,59,18],"gold":362,"neow_bonus":"THREE_ENEMY_KILL","is_daily":false,"chose_seed":false,"campfire_upgraded":8,"win_rate":0.0,"timestamp":1609774014,"path_taken":["M","?","?","?","$","E","R","M","T","E","R","M","?","?","R","BOSS","M","M","M","?","?","R","?","E","T","?","R","E","$","M","R","BOSS","BOSS","M","?","M","?","?","R","M","R","T","$","M","?","?","?","R","BOSS","BOSS","R","$","E","BOSS"],"items_purchased_type":["Card","Relic","Relic","Card","Potion","Relic","Potion"],"build_version":"2020-12-22","purchased_purges":4,"victory":true,"max_hp_per_floor":[66,66,66,66,66,66,66,66,66,66,66,66,66,66,66,66,66,66,66,66,66,66,66,66,66,66,66,66,66,66,66,66,66,66,66,63,63,63,63,63,63,63,63,63,63,63,63,63,63,63,63,63,63,68,68,68],"card_choices":[{"not_picked":["Deadly Poison","Deflect"],"picked":"Reflex","floor":1.0},{"not_picked":["Masterful Stab","Dash"],"picked":"Acrobatics","floor":3.0},{"not_picked":["Dodge and Roll","Slice","Bouncing Flask"],"picked":"SKIP","floor":6.0},{"not_picked":["Flechettes","AT_ArcaneSupremacy"],"picked":"Blade Dance","floor":8.0},{"not_picked":["Dagger Throw","Catalyst","Bane"],"picked":"SKIP","floor":10.0},{"not_picked":["Finisher","AT_WindFlip"],"picked":"AT_ShadowStep","floor":12.0},{"not_picked":["Infinite Blades","Storm of Steel","Poisoned Stab"],"picked":"SKIP","floor":13.0},{"not_picked":["Distraction","Prepared","Deadly Poison"],"picked":"SKIP","floor":14.0},{"not_picked":["Noxious Fumes","Underhanded Strike","Dodge and Roll"],"picked":"SKIP","floor":18.0},{"not_picked":["AT_ThistleTea","Masterful Stab+1","Outmaneuver"],"picked":"SKIP","floor":19.0},{"not_picked":["Masterful Stab","Sucker Punch","PiercingWail"],"picked":"SKIP","floor":20.0},{"not_picked":["Flechettes","Bouncing Flask","Concentrate"],"picked":"SKIP","floor":25.0},{"not_picked":["Flying Knee","Reflex","Glass Knife"],"picked":"Tactician+1","floor":29.0},{"not_picked":["Flying Knee","Prepared","Dash","AT_FocusSwordFire"],"picked":"SKIP","floor":31.0},{"not_picked":["Burst","Tools of the Trade","Doppelganger"],"picked":"AT_KingSlayer","floor":33.0},{"not_picked":["Slice","AT_TinkerSharpsword","PiercingWail"],"picked":"Terror","floor":35.0},{"not_picked":["Blade Dance","Prepared","Flying Knee","Deadly Poison"],"picked":"SKIP","floor":37.0},{"not_picked":["Tactician","Outmaneuver","Footwork","Flying Knee"],"picked":"SKIP","floor":39.0},{"not_picked":["Sucker Punch","Riddle With Holes","Dash+1","AT_ArcaneSupremacy"],"picked":"SKIP","floor":41.0},{"not_picked":["Sucker Punch","Bane","Deadly Poison","Flying Knee+1"],"picked":"SKIP","floor":45.0},{"not_picked":["AT_WindFlip","Blade Dance","A Thousand Cuts"],"picked":"Prepared+1","floor":47.0},{"not_picked":["Flying Knee","Sucker Punch","AT_TinkerSharpsword"],"picked":"Escape Plan","floor":55}],"player_experience":1419960,"relics_obtained":[{"floor":6.0,"key":"Art of War"},{"floor":10.0,"key":"Potion Belt"},{"floor":25.0,"key":"Blood Vial"},{"floor":26.0,"key":"Question Card"},{"floor":27.0,"key":"HornCleat"},{"floor":29.0,"key":"CeramicFish"},{"floor":43.0,"key":"Letter Opener"},{"floor":46.0,"key":"Mummified Hand"},{"floor":47.0,"key":"AT_TheCollector"},{"floor":55,"key":"Whetstone"}],"event_choices":[{"damage_healed":0.0,"max_hp_gain":0.0,"max_hp_loss":0.0,"gold_gain":0.0,"cards_transformed":["Strike_G"],"event_name":"Transmorgrifier","player_choice":"Transformed","floor":2.0,"gold_loss":0.0,"damage_taken":0.0,"cards_obtained":["Bane"]},{"damage_healed":0.0,"max_hp_gain":0.0,"max_hp_loss":0.0,"gold_gain":50.0,"event_name":"Nest","player_choice":"Stole From Cult","floor":21.0,"gold_loss":0.0,"damage_taken":0.0},{"cards_removed":["Strike_G"],"damage_healed":0.0,"max_hp_gain":0.0,"max_hp_loss":0.0,"gold_gain":0.0,"event_name":"Beggar","player_choice":"Gave Gold","floor":22.0,"gold_loss":75.0,"damage_taken":0.0},{"damage_healed":0.0,"max_hp_gain":0.0,"max_hp_loss":0.0,"gold_gain":0.0,"event_name":"Back to Basics","player_choice":"Simplicity","floor":24.0,"gold_loss":0.0,"damage_taken":0.0,"cards_upgraded":["Strike_G","Strike_G","Defend_G","Defend_G","Defend_G","Defend_G","Defend_G"]},{"damage_healed":0.0,"max_hp_gain":0.0,"max_hp_loss":3.0,"gold_gain":0.0,"event_name":"Winding Halls","player_choice":"Max HP","floor":36.0,"gold_loss":0.0,"damage_taken":0.0},{"damage_healed":0.0,"max_hp_gain":0.0,"max_hp_loss":0.0,"gold_gain":0.0,"event_name":"Tomb of Lord Red Mask","player_choice":"Ignored","floor":38.0,"gold_loss":0.0,"damage_taken":0.0},{"damage_healed":0.0,"max_hp_gain":0.0,"max_hp_loss":0.0,"gold_gain":0.0,"event_name":"Mysterious Sphere","player_choice":"Fight","floor":47.0,"gold_loss":0.0,"damage_taken":0.0},{"damage_healed":0,"gold_gain":0,"player_choice":"Memory 1","damage_taken":0,"max_hp_gain":0,"max_hp_loss":0,"event_name":"SensoryStone","floor":48,"gold_loss":0}],"is_beta":false,"boss_relics":[{"not_picked":["HoveringKite","SlaversCollar"],"picked":"Runic Pyramid"},{"not_picked":["Sozu","Empty Cage"],"picked":"Coffee Dripper"}],"items_purged_floors":[5,30,44,54],"is_endless":false,"potions_floor_spawned":[1,3,8,12,16,19,20,29,31,37,45,47,55],"ascension_level":20}}