{"host":"pqs17sqrgflf4eqa","time":1609731081,"event":{"mods":["AchievementEnabler","BaseMod","Bestiary","Better Altar","Colored Map","Colored Powertips","Emptier Cage","Googly Eyes","Highlight Path","Minty Spire (QoL Compilation)","Quick Restart","StSLib","SuperFastMode","Transform Curses","slay the spire mod where everything is the same but ironclad has a cowboy hat"],"gold_per_floor":[109,41,52,52,1,36,36,66,66,95,118,132,152,24,24,119,119,137,153,169,169,187,187,203,217,217,617,617,617,62,75,75,75,75],"floor_reached":33,"playtime":856,"items_purged":["Strike_B"],"score":350,"play_id":"0dc38d74-8673-4cb0-9125-b9dcc17e1d34","local_time":"20210103223121","is_ascension_mode":true,"campfire_choices":[{"data":"Defragment","floor":7.0,"key":"SMITH"},{"data":"Zap","floor":15,"key":"SMITH"},{"data":"Dualcast","floor":23,"key":"SMITH"},{"floor":29,"key":"REST"},{"data":"1","floor":32,"key":"LIFT"}],"circlet_count":0,"master_deck":["Strike_B","Strike_B","Strike_B","Defend_B","Defend_B","Defend_B","Defend_B","Zap+1","Dualcast+1","Ball Lightning","Defragment+1","Cold Snap","Streamline","Genetic Algorithm","Conserve Battery","Barrage","Sweeping Beam","Loop","Redo","Self Repair","Electrodynamics","Rip and Tear","Redo+1","BootSequence","Sunder+1","Compile Driver","Chill+1","Ball Lightning+1","Stack","Melter","Loop","Coolheaded"],"relics":["Cracked Core","NeowsBlessing","Torii","Girya","Unceasing Top","Blood Vial","Pen Nib","Nuclear Battery","MutagenicStrength","Letter Opener","Old Coin","Bottled Flame","SsserpentHead","Cables"],"acts_visited":["Exordium","TheCity"],"potions_floor_usage":[13,16,25,31,33,33,33],"damage_taken":[{"damage":0.0,"enemies":"Jaw Worm","floor":1.0,"turns":1.0},{"damage":0.0,"enemies":"Cultist","floor":3.0,"turns":1.0},{"damage":0.0,"enemies":"Lagavulin","floor":6.0,"turns":1.0},{"damage":22.0,"enemies":"3 Sentries","floor":8.0,"turns":6.0},{"damage":22.0,"enemies":"Gremlin Nob","floor":10.0,"turns":4.0},{"damage":0.0,"enemies":"Small Slimes","floor":12.0,"turns":2.0},{"damage":1,"enemies":"Looter","floor":13,"turns":2},{"damage":9,"enemies":"Hexaghost","floor":16,"turns":9},{"damage":7,"enemies":"Spheric Guardian","floor":18,"turns":3},{"damage":42,"enemies":"Shell Parasite","floor":19,"turns":5},{"damage":25,"enemies":"Snake Plant","floor":20,"turns":3},{"damage":0,"enemies":"Cultist and Chosen","floor":22,"turns":4},{"damage":21,"enemies":"Snecko","floor":24,"turns":4},{"damage":0,"enemies":"Shelled Parasite and Fungi","floor":25,"turns":2},{"damage":13,"enemies":"Colosseum Slavers","floor":27,"turns":3},{"damage":0,"enemies":"Colosseum Nobs","floor":27,"turns":2},{"damage":0,"enemies":"Centurion and Healer","floor":31,"turns":3},{"damage":48,"enemies":"Automaton","floor":33,"turns":6}],"seed_played":"1363582993037744495","potions_obtained":[{"floor":1.0,"key":"Block Potion"},{"floor":8.0,"key":"Fire Potion"},{"floor":10.0,"key":"Strength Potion"},{"floor":12.0,"key":"DuplicationPotion"},{"floor":20,"key":"Dexterity Potion"},{"floor":22,"key":"FearPotion"},{"floor":24,"key":"Dexterity Potion"},{"floor":25,"key":"Weak Potion"},{"floor":31,"key":"GamblersBrew"}],"is_trial":false,"path_per_floor":["M","$","M","?","$","E","R","E","T","E","T","M","M","$","R","B",null,"M","M","M","?","M","R","M","M","T","?","?","R","$","M","R","B"],"character_chosen":"DEFECT","items_purchased":["Defragment","Streamline","Redo","Self Repair","Cables","Fire Potion","Stack","Melter","Loop"],"campfire_rested":1,"item_purchase_floors":[2,5,14,14,30,30,30,30,30],"current_hp_per_floor":[75,75,75,80,80,80,80,58,58,36,36,38,39,39,39,39,80,80,45,29,29,38,38,19,21,21,19,19,43,43,45,45,0,0],"gold":75,"neow_bonus":"THREE_ENEMY_KILL","is_daily":false,"chose_seed":false,"campfire_upgraded":3,"win_rate":0.0,"timestamp":1609731081,"path_taken":["M","$","M","?","?","E","R","E","T","E","?","M","?","$","R","BOSS","M","?","M","?","M","R","M","M","T","?","?","R","$","M","R","BOSS"],"items_purchased_type":["Card","Card","Card","Card","Relic","Potion","Card","Card","Card"],"build_version":"2020-12-22","purchased_purges":1,"victory":false,"max_hp_per_floor":[75,75,75,80,80,80,80,80,80,80,80,80,80,80,80,80,80,80,80,80,80,80,80,80,80,80,80,80,80,80,80,80,80,80],"card_choices":[{"not_picked":["Hello World","Chaos"],"picked":"Ball Lightning","floor":1.0},{"not_picked":["Conserve Battery","Hologram"],"picked":"Cold Snap","floor":3.0},{"not_picked":["Hello World","Beam Cell"],"picked":"Genetic Algorithm","floor":6.0},{"not_picked":["Force Field","Streamline"],"picked":"Conserve Battery","floor":8.0},{"not_picked":["All For One","Chaos"],"picked":"Barrage","floor":10.0},{"not_picked":["Hologram","Force Field"],"picked":"Sweeping Beam","floor":12.0},{"not_picked":["Static Discharge","Skim"],"picked":"Loop","floor":13},{"not_picked":["Machine Learning","Core Surge"],"picked":"Electrodynamics","floor":16},{"not_picked":["Compile Driver","Steam"],"picked":"Rip and Tear","floor":18},{"not_picked":["Scrape","Go for the Eyes"],"picked":"Redo+1","floor":19},{"not_picked":["Tempest","Hologram"],"picked":"BootSequence","floor":20},{"not_picked":["Ball Lightning","Consume"],"picked":"Sunder+1","floor":22},{"not_picked":["Recycle+1","Blizzard"],"picked":"Compile Driver","floor":24},{"not_picked":["Self Repair","Undo"],"picked":"Chill+1","floor":25},{"not_picked":["BootSequence+1","Undo"],"picked":"Ball Lightning+1","floor":27},{"not_picked":["Turbo+1","Stack"],"picked":"Coolheaded","floor":31}],"player_experience":137378,"relics_obtained":[{"floor":6.0,"key":"Torii"},{"floor":8.0,"key":"Girya"},{"floor":9.0,"key":"Unceasing Top"},{"floor":10.0,"key":"Blood Vial"},{"floor":11.0,"key":"Pen Nib"},{"floor":26,"key":"Letter Opener"},{"floor":27,"key":"Old Coin"},{"floor":27,"key":"Bottled Flame"}],"event_choices":[{"damage_healed":0.0,"max_hp_gain":5.0,"max_hp_loss":0.0,"gold_gain":0.0,"event_name":"Big Fish","player_choice":"Donut","floor":4.0,"gold_loss":0.0,"damage_taken":0.0},{"damage_healed":0,"gold_gain":0,"player_choice":"Inject Mutagens","damage_taken":0,"relics_obtained":["MutagenicStrength"],"max_hp_gain":0,"max_hp_loss":0,"event_name":"Drug Dealer","floor":21,"gold_loss":0},{"damage_healed":0,"gold_gain":0,"player_choice":"Fight","damage_taken":0,"max_hp_gain":0,"max_hp_loss":0,"event_name":"Colosseum","floor":27,"gold_loss":0},{"damage_healed":0,"gold_gain":0,"player_choice":"Fought Nobs","damage_taken":0,"max_hp_gain":0,"max_hp_loss":0,"event_name":"Colosseum","floor":27,"gold_loss":0},{"damage_healed":0,"gold_gain":0,"player_choice":"Trade","damage_taken":0,"relics_obtained":["SsserpentHead"],"max_hp_gain":0,"max_hp_loss":0,"event_name":"FaceTrader","floor":28,"gold_loss":0}],"is_beta":false,"boss_relics":[{"not_picked":["SacredBark","Pandora\u0027s Box"],"picked":"Nuclear Battery"}],"items_purged_floors":[30],"is_endless":false,"potions_floor_spawned":[1,8,10,12,20,22,24,25,31],"killed_by":"Automaton","ascension_level":4}}