{"host":"bf1tnxyvjw6wp3cl","time":1609798295,"event":{"mods":["AchievementEnabler","BaseMod","Block Reminder","Colored Powertips","Minty Spire (QoL Compilation)","Quick Restart","Relic Stats","StSLib","SuperFastMode"],"gold_per_floor":[112,187,203,130,145,145,172,172,172,172,183,193,193,124,124,225,225,240,240,240,240,253,283,283,283],"floor_reached":24,"playtime":569,"items_purged":[],"score":214,"play_id":"121b3ea3-8c3d-4e85-85ca-b465bb516772","local_time":"20210104171135","is_ascension_mode":false,"campfire_choices":[{"data":"Defragment","floor":6,"key":"SMITH"},{"floor":8,"key":"REST"},{"floor":10,"key":"RECALL"},{"data":"FTL","floor":15,"key":"SMITH"}],"circlet_count":0,"master_deck":["Strike_B+1","Strike_B+1","Strike_B+1","Defend_B+1","Defend_B+1","Defend_B+1","Defend_B+1","Zap","Cold Snap","Auto Shields","Defragment+1","Beam Cell","Leap","Steam","Heatsinks","Electrodynamics","Fusion+1","Genetic Algorithm","Cold Snap","Steam","Chill"],"relics":["Cracked Core","NeowsBlessing","Gremlin Horn","MealTicket","Empty Cage","Molten Egg 2"],"acts_visited":["Exordium","TheCity"],"potions_floor_usage":[16,22,23],"damage_taken":[{"damage":0,"enemies":"Jaw Worm","floor":1,"turns":1},{"damage":0,"enemies":"2 Louse","floor":3,"turns":1},{"damage":0,"enemies":"Small Slimes","floor":5,"turns":1},{"damage":26,"enemies":"3 Sentries","floor":7,"turns":10},{"damage":8,"enemies":"Blue Slaver","floor":11,"turns":3},{"damage":0,"enemies":"Looter","floor":12,"turns":3},{"damage":54,"enemies":"Hexaghost","floor":16,"turns":13},{"damage":13,"enemies":"3 Byrds","floor":18,"turns":3},{"damage":18,"enemies":"2 Thieves","floor":22,"turns":3},{"damage":47,"enemies":"Book of Stabbing","floor":23,"turns":11},{"damage":11,"enemies":"Snake Plant","floor":24,"turns":1}],"seed_played":"-5349838350499841297","potions_obtained":[{"floor":7,"key":"SneckoOil"},{"floor":16,"key":"SpeedPotion"},{"floor":18,"key":"Block Potion"}],"is_trial":false,"path_per_floor":["M","?","M","$","M","R","E","R","T","R","M","M","?","$","R","B",null,"M","?","?","$","M","E","M"],"character_chosen":"DEFECT","items_purchased":["Defragment","Heatsinks"],"campfire_rested":1,"item_purchase_floors":[4,14],"current_hp_per_floor":[75,64,64,64,64,64,38,60,60,60,52,52,52,67,67,13,75,62,62,62,75,57,10,0,0],"gold":283,"neow_bonus":"THREE_ENEMY_KILL","is_daily":false,"chose_seed":false,"campfire_upgraded":2,"win_rate":0.0,"timestamp":1609798295,"path_taken":["M","?","M","$","M","R","E","R","T","R","M","M","?","$","R","BOSS","M","?","?","$","M","E","M"],"items_purchased_type":["Card","Card"],"build_version":"2020-12-22","purchased_purges":0,"victory":false,"max_hp_per_floor":[75,75,75,75,75,75,75,75,75,75,75,75,75,75,75,75,75,75,75,75,75,75,75,75,75],"relic_stats":{"Gremlin Horn":[3,3],"counters":[11,50],"MealTicket":28,"obtain_stats":[{"NeowsBlessing":0,"Gremlin Horn":7,"MealTicket":13,"Molten Egg 2":23,"Cracked Core":0,"Empty Cage":17},{"NeowsBlessing":0,"Gremlin Horn":4,"MealTicket":6,"Molten Egg 2":10,"Cracked Core":0,"Empty Cage":7},{"NeowsBlessing":0,"Gremlin Horn":13,"MealTicket":19,"Molten Egg 2":49,"Cracked Core":0,"Empty Cage":32}]},"card_choices":[{"not_picked":["Gash","Hello World"],"picked":"Cold Snap","floor":1},{"not_picked":["Streamline","Hologram"],"picked":"Auto Shields","floor":3},{"not_picked":["Redo","Streamline"],"picked":"Beam Cell","floor":5},{"not_picked":["Reprogram","Redo"],"picked":"Leap","floor":7},{"not_picked":["Gash","Melter"],"picked":"FTL","floor":11},{"not_picked":["Recycle","Lockon"],"picked":"Steam","floor":12},{"not_picked":["Fission","Reboot"],"picked":"Electrodynamics","floor":16},{"not_picked":["Hologram","Redo"],"picked":"Fusion+1","floor":18},{"not_picked":["Blizzard+1","Conserve Battery"],"picked":"Steam","floor":22},{"not_picked":["White Noise+1","Melter+1"],"picked":"Chill","floor":23}],"player_experience":160114,"relics_obtained":[{"floor":7,"key":"Gremlin Horn"},{"floor":23,"key":"Molten Egg 2"}],"event_choices":[{"damage_healed":0,"gold_gain":75,"player_choice":"Gather Gold","damage_taken":11,"max_hp_gain":0,"max_hp_loss":0,"event_name":"World of Goop","floor":2,"gold_loss":0},{"damage_healed":0,"gold_gain":0,"player_choice":"Box","damage_taken":0,"relics_obtained":["MealTicket"],"max_hp_gain":0,"max_hp_loss":0,"event_name":"Big Fish","floor":13,"gold_loss":0,"cards_obtained":["Regret"]},{"damage_healed":0,"gold_gain":0,"player_choice":"Simplicity","damage_taken":0,"max_hp_gain":0,"max_hp_loss":0,"event_name":"Back to Basics","floor":19,"gold_loss":0,"cards_upgraded":["Strike_B","Strike_B","Strike_B","Defend_B","Defend_B","Defend_B","Defend_B"]},{"damage_healed":0,"gold_gain":0,"cards_transformed":["Dualcast","FTL"],"player_choice":"Became Test Subject","damage_taken":0,"max_hp_gain":0,"max_hp_loss":0,"event_name":"Drug Dealer","floor":20,"gold_loss":0,"cards_obtained":["Genetic Algorithm","Cold Snap"]}],"is_beta":false,"boss_relics":[{"not_picked":["Black Star","Sozu"],"picked":"Empty Cage"}],"items_purged_floors":[],"is_endless":false,"potions_floor_spawned":[7,16,18],"killed_by":"Snake Plant","ascension_level":0}}