{"host":"x205naxbihvu3p76","time":1609768234,"event":{"mods":["AchievementEnabler","BaseMod","Minty Spire (QoL Compilation)","StSLib","SuperFastMode"],"gold_per_floor":[109,66,82,96,107,136,151,76,76,76,88,88,99,125,125,198,198,151,51,51,64,64,64,64,64,64],"floor_reached":25,"playtime":683,"items_purged":["Strike_B","Strike_B"],"score":464,"play_id":"67eb227c-d8fe-4d14-9169-a6116f4707df","local_time":"20210104225034","is_ascension_mode":true,"campfire_choices":[{"floor":10,"key":"REST"},{"floor":12,"key":"REST"},{"floor":15,"key":"REST"},{"floor":23,"key":"REST"}],"circlet_count":0,"master_deck":["AscendersBane","Strike_B","Strike_B","Defend_B","Defend_B","Defend_B","Defend_B","Zap","Dualcast","Buffer","Sweeping Beam","Defragment","Beam Cell","Conserve Battery","Cold Snap","Leap","Rip and Tear","Reboot","Glacier","Echo Form+1","Cold Snap","Decay"],"relics":["FrozenCore","Frozen Egg 2","PreservedInsect","Boot"],"acts_visited":["Exordium","TheCity"],"potions_floor_usage":[7,14,14,18],"damage_taken":[{"damage":7,"enemies":"Small Slimes","floor":1,"turns":3},{"damage":2,"enemies":"Jaw Worm","floor":3,"turns":3},{"damage":1,"enemies":"2 Louse","floor":4,"turns":3},{"damage":17,"enemies":"Blue Slaver","floor":5,"turns":6},{"damage":30,"enemies":"3 Sentries","floor":6,"turns":7},{"damage":0,"enemies":"Large Slime","floor":7,"turns":6},{"damage":2,"enemies":"Looter","floor":11,"turns":3},{"damage":30,"enemies":"Exordium Wildlife","floor":13,"turns":7},{"damage":0,"enemies":"Gremlin Nob","floor":14,"turns":4},{"damage":23,"enemies":"The Guardian","floor":16,"turns":17},{"damage":26,"enemies":"2 Thieves","floor":18,"turns":5},{"damage":29,"enemies":"3 Byrds","floor":21,"turns":7},{"damage":0,"enemies":"Cultist and Chosen","floor":25,"turns":1}],"seed_played":"-3760545807388202901","potions_obtained":[{"floor":3,"key":"PowerPotion"},{"floor":5,"key":"BlessingOfTheForge"},{"floor":7,"key":"ColorlessPotion"},{"floor":16,"key":"ColorlessPotion"},{"floor":21,"key":"Explosive Potion"}],"is_trial":false,"path_per_floor":["M","$","M","M","M","E","M","$","T","R","M","R","M","E","R","B",null,"M","$","?","M","$","R","$","M"],"character_chosen":"DEFECT","items_purchased":["Defragment"],"campfire_rested":4,"item_purchase_floors":[2],"current_hp_per_floor":[57,57,55,54,37,7,7,7,7,28,26,47,17,17,38,15,57,31,31,31,2,2,23,23,23,23],"gold":64,"neow_bonus":"ONE_RANDOM_RARE_CARD","is_daily":false,"chose_seed":false,"campfire_upgraded":0,"win_rate":0.0,"timestamp":1609768234,"path_taken":["M","$","M","M","M","E","M","$","T","R","M","R","M","E","R","BOSS","M","$","?","M","$","R","$","M"],"items_purchased_type":["Card"],"build_version":"2020-12-22","purchased_purges":2,"victory":false,"max_hp_per_floor":[71,71,71,71,71,71,71,71,71,71,71,71,71,71,71,71,71,71,71,71,71,71,71,71,71,71],"card_choices":[{"not_picked":["Beam Cell","Consume"],"picked":"Sweeping Beam","floor":1},{"not_picked":["FTL","Gash"],"picked":"Beam Cell","floor":3},{"not_picked":["Lockon","Barrage"],"picked":"Conserve Battery","floor":4},{"not_picked":["Storm","Conserve Battery"],"picked":"Cold Snap","floor":5},{"not_picked":["Hologram","Gash"],"picked":"Leap","floor":6},{"not_picked":["BootSequence","Tempest","Hologram"],"picked":"SKIP","floor":7},{"not_picked":["Hologram","Compile Driver"],"picked":"Rip and Tear","floor":11},{"not_picked":["Redo","Rebound"],"picked":"Reboot","floor":13},{"not_picked":["Aggregate","Turbo"],"picked":"Glacier","floor":14},{"not_picked":["Seek","Hyperbeam"],"picked":"Echo Form+1","floor":16},{"not_picked":["Coolheaded","BootSequence"],"picked":"Cold Snap","floor":18},{"not_picked":["Storm+1","Go for the Eyes","Steam"],"picked":"SKIP","floor":21}],"player_experience":944348,"relics_obtained":[{"floor":6,"key":"Frozen Egg 2"},{"floor":9,"key":"PreservedInsect"},{"floor":14,"key":"Boot"}],"event_choices":[{"damage_healed":0,"gold_gain":0,"player_choice":"Smashed Altar","damage_taken":0,"max_hp_gain":0,"max_hp_loss":0,"event_name":"Forgotten Altar","floor":20,"gold_loss":0,"cards_obtained":["Decay"]}],"is_beta":false,"boss_relics":[{"not_picked":["Runic Pyramid","Runic Dome"],"picked":"FrozenCore"}],"items_purged_floors":[8,19],"is_endless":false,"potions_floor_spawned":[3,5,7,16,21],"killed_by":"Cultist and Chosen","ascension_level":19}}