{"host":"0cnf9zf1gia27zti","time":1609801346,"event":{"mods":["BaseMod","Better Third Choice","BetterRewards","Card Forge","ChefMod","Colored Map","Colored Powertips","Conspire","Downfall","Googly Eyes","Infinite Spire","Minty Spire (QoL Compilation)","Practice Mode","Quick Restart","Replay The Spire","Shade Mod","Spicy Shops","StSLib","The Marked"],"gold_per_floor":[150,180,180,52,106,196,286,286,332,332,428,530,617,345,345,567,567,600,651,483,561,618,717,717,813,887,989,989,1025,743,848,848,1079,1229,1262,1262,916,976,811,889,889,1000,1024,1138,1240,1327,1360,1414,1414,1636,1882,1882,1882,1416,1500,1731],"floor_reached":57,"playtime":2918,"items_purged":[],"score":4104,"play_id":"0bd7851e-fe18-477f-b02b-f20acaf2b07e","local_time":"20210104230226","daily_mods":["SealedDeck","Heirloom","downfall:Lament","DeadlyEvents","Elite Swarm","Midas"],"is_ascension_mode":true,"campfire_choices":[{"floor":49,"key":"DIG"},{"floor":53,"key":"REST"}],"circlet_count":0,"master_deck":["AscendersBane","ReplayTheSpireMod:Speed Training+1","Footwork+1","Leg Sweep+1","Blur+1","Deflect+1","Catalyst+1","Noxious Fumes+1","Deadly Poison+1","Backflip+1","Deflect+1","Night Terror+1","Skewer+1","Burst+1","infinitespire:Neurotoxin+1","Venomology+1","Burst+1","Night Terror+1","Burst+1","Catalyst+1","Venomology+1","Poison Darts+1","Footwork+1","Footwork+1","Deflect+1","infinitespire:FutureSight+1","Adrenaline+1","Noxious Fumes+1","infinitespire:SevenWalls+1","Skewer+1","ReplayTheSpireMod:Brewmster+1","infinitespire:Neurotoxin+1","infinitespire:Collect+1","Corpse Explosion+1","infinitespire:Neurotoxin+1","Adrenaline+1","Prepared+1","Venomology"],"relics":["Hammer of Thor","Seething Fire","Anvil of the Gods","NeowsBlessing","Ring of Chaos","Prayer Wheel","Sizzling Blood","Replay:Multitool","Guardian:PocketSentry","Peace Pipe","WarpedTongs","Replay:Rubber Ducky","Kunai","Lizard Tail","sneckomod:BlankCard","Mummified Hand","HoveringKite","Chemical X","Strawberry","Bird Faced Urn","Shuriken","infinitespire:Broken Mirror","MealTicket","TwistedFunnel","Onion Ring","Tiny House","Replay:Wax Seal","Blue Doll","HornCleat","CeramicFish","Whetstone","Torii","Calipers","Counterbalance","Replay:Ringing Soul","Philosopher\u0027s Stone","Toolbox","ReplayTheSpireMod:TigerMarble","White Beast Statue"],"acts_visited":["Exordium","TheCity","TheBeyond","TheEnding"],"potions_floor_usage":[7,11,12,13,13,16,18,18,18,18,19,19,21,22,23,23,23,25,25,25,27,27,27,27,27,27,27,29,29,33,33,38,38,42,44,44,45,45,48,50,50,51,51,55,55,55,56,56,56,56,56,56,56,56,56,56],"damage_taken":[{"damage":0,"enemies":"Jaw Worm","floor":1,"turns":1},{"damage":0,"enemies":"2 Louse","floor":2,"turns":2},{"damage":0,"enemies":"Small Slimes","floor":5,"turns":2},{"damage":0,"enemies":"conspire:MimicChest","floor":6,"turns":7},{"damage":46,"enemies":"Gremlin Nob","floor":7,"turns":5},{"damage":0,"enemies":"3 Sentries","floor":11,"turns":6},{"damage":15,"enemies":"Gremlin Nob","floor":12,"turns":4},{"damage":0,"enemies":"Lagavulin","floor":13,"turns":6},{"damage":0,"enemies":"The Guardian","floor":16,"turns":5},{"damage":0,"enemies":"Spheric Guardian","floor":18,"turns":2},{"damage":0,"enemies":"Chosen","floor":19,"turns":3},{"damage":0,"enemies":"conspire:MimicChest","floor":21,"turns":5},{"damage":0,"enemies":"3 Cultists","floor":22,"turns":2},{"damage":0,"enemies":"Book of Stabbing","floor":23,"turns":2},{"damage":32,"enemies":"Slavers","floor":25,"turns":7},{"damage":0,"enemies":"Gremlin Leader","floor":27,"turns":5},{"damage":0,"enemies":"Snake Plant","floor":29,"turns":1},{"damage":0,"enemies":"Nightmare","floor":31,"turns":2},{"damage":0,"enemies":"Collector","floor":33,"turns":1},{"damage":0,"enemies":"Orb Walker","floor":35,"turns":1},{"damage":0,"enemies":"3 Darklings","floor":38,"turns":2},{"damage":0,"enemies":"Nemesis","floor":40,"turns":1},{"damage":0,"enemies":"Nightmare","floor":42,"turns":2},{"damage":0,"enemies":"Nemesis","floor":44,"turns":3},{"damage":0,"enemies":"R_Hoarder","floor":45,"turns":2},{"damage":1,"enemies":"Nemesis","floor":46,"turns":3},{"damage":0,"enemies":"Writhing Mass","floor":47,"turns":3},{"damage":14,"enemies":"Transient","floor":48,"turns":3},{"damage":0,"enemies":"infinitespire:MassOfShapes","floor":50,"turns":2},{"damage":0,"enemies":"conspire:OrnateMirror","floor":51,"turns":1},{"damage":0,"enemies":"Shield and Spear","floor":55,"turns":1},{"damage":34,"enemies":"The Heart","floor":56,"turns":6}],"seed_played":"-7397683341852112033","potions_obtained":[{"floor":6,"key":"SpeedPotion"},{"floor":10,"key":"Poison Potion"},{"floor":10,"key":"Swift Potion"},{"floor":11,"key":"SteroidPotion"},{"floor":12,"key":"SmokeBomb"},{"floor":13,"key":"Adrenaline Potion"},{"floor":21,"key":"Explosive Potion"},{"floor":22,"key":"FearPotion"},{"floor":23,"key":"SpeedPotion"},{"floor":25,"key":"Languid Potion"},{"floor":29,"key":"FairyPotion"},{"floor":32,"key":"Poison Potion"},{"floor":32,"key":"Reflective Coating"},{"floor":33,"key":"Block Potion"},{"floor":38,"key":"Slimebound:ThreeZeroPotion"},{"floor":41,"key":"SpeedPotion"},{"floor":50,"key":"sneckomod:MuddlingPotion"},{"floor":56,"key":"FearPotion"}],"is_trial":true,"path_per_floor":["M","M","?","$","M","R","E","?","T","R","E","E","E","$","R","B",null,"M","M","$","?","M","E","R","E","T","E","?","M","$","NM","R","B",null,"M","?","$","M","$","E","R","NM","T","E","E","E","M","M","R_BF","B","B",null,"R","$","E","B",null],"character_chosen":"THE_SILENT","items_purchased":["Replay:Multitool","Mummified Hand","Chemical X","TwistedFunnel","Footwork+1","Deflect","Replay:Wax Seal","Skewer","ReplayTheSpireMod:Brewmster","Blue Doll","Prepared","Toolbox","ReplayTheSpireMod:TigerMarble","ColorlessPotion","SpeedPotion"],"campfire_rested":1,"item_purchase_floors":[4,14,20,30,30,30,37,37,37,39,54,54,54,54,54],"current_hp_per_floor":[59,59,63,63,67,70,28,28,28,28,32,21,40,40,40,44,64,68,70,70,77,77,77,77,51,51,59,59,63,77,77,77,77,82,82,61,76,82,82,82,82,82,82,82,82,82,82,72,72,82,85,85,85,88,88,75],"gold":1731,"neow_bonus":"","is_daily":false,"chose_seed":false,"campfire_upgraded":0,"win_rate":0.0,"timestamp":1609801346,"path_taken":["M","M","?","$","M","R","E","?","T","R","E","?","?","$","R","BOSS","M","M","$","?","M","E","R","E","T","E","?","M","$","NM","R","BOSS","M","?","$","M","?","E","R","NM","T","E","?","E","M","?","R_BF","BOSS","BOSS","R","$","E","BOSS"],"items_purchased_type":["Relic","Relic","Relic","Relic","Card","Card","Relic","Card","Card","Relic","Card","Relic","Relic","Potion","Potion"],"build_version":"2020-12-22","purchased_purges":0,"victory":true,"max_hp_per_floor":[66,66,70,70,70,70,70,70,70,70,70,70,70,70,70,70,70,70,70,70,77,77,77,77,77,77,77,77,77,77,77,77,77,82,82,82,82,82,82,82,82,82,82,82,82,82,82,82,82,82,85,85,85,88,88,91],"card_choices":[{"not_picked":["Hidden Blade","Flying Knee","Bane"],"picked":"SKIP","floor":1},{"not_picked":["Deflect","PiercingWail","Draining Mist"],"picked":"SKIP","floor":1},{"not_picked":["Prepared","All Out Attack"],"picked":"Night Terror","floor":2},{"not_picked":["Crippling Poison","Slice"],"picked":"Skewer","floor":2},{"not_picked":["Underhanded Strike","Quick Slash","Hidden Blade"],"picked":"SKIP","floor":5},{"not_picked":["Flechettes","Backflip","Dodge and Roll"],"picked":"SKIP","floor":5},{"not_picked":["Bullet Time","Phantasmal Killer"],"picked":"Burst","floor":7},{"not_picked":["Adrenaline","Doppelganger"],"picked":"infinitespire:Neurotoxin","floor":11},{"not_picked":["Envenom","Malaise"],"picked":"Venomology","floor":12},{"not_picked":["Grand Finale","ReplayTheSpireMod:Necrosis","Envenom"],"picked":"SKIP","floor":13},{"not_picked":["ReplayTheSpireMod:From All Sides","Adrenaline"],"picked":"Burst","floor":16},{"not_picked":["Choke","Deflect","Outmaneuver+1"],"picked":"SKIP","floor":18},{"not_picked":["Hidden Blade","ReplayTheSpireMod:The Works","Quick Slash"],"picked":"SKIP","floor":18},{"not_picked":["Hidden Blade","Cloak And Dagger+1"],"picked":"Night Terror","floor":19},{"not_picked":["Bane","Dash","Eviscerate"],"picked":"SKIP","floor":19},{"not_picked":["ReplayTheSpireMod:Exploit Weakness+1","Reflex","Replay:Poison Smokescreen"],"picked":"SKIP","floor":22},{"not_picked":["Blade Dance","Acrobatics","ReplayTheSpireMod:Exploit Weakness"],"picked":"SKIP","floor":22},{"not_picked":["After Image","Phantasmal Killer"],"picked":"Burst","floor":23},{"not_picked":["Phantasmal Killer","Doppelganger"],"picked":"Venomology","floor":25},{"not_picked":["Envenom","Wraith Form v2"],"picked":"Poison Darts","floor":27},{"not_picked":["Toxin Wave","Outmaneuver"],"picked":"Footwork+1","floor":29},{"not_picked":["Expertise","Slice","Bane"],"picked":"SKIP","floor":29},{"not_picked":["infinitespire:SevenWalls","infinitespire:Oblivion"],"picked":"infinitespire:FutureSight","floor":31},{"not_picked":["Unload","Atom Bomb"],"picked":"Adrenaline","floor":31},{"not_picked":["Prepared+1","Blade Dance"],"picked":"Noxious Fumes","floor":34},{"not_picked":["Quick Slash","Outmaneuver","Endless Agony"],"picked":"SKIP","floor":35},{"not_picked":["Acrobatics","Sucker Punch","Predator"],"picked":"SKIP","floor":35},{"not_picked":["ReplayTheSpireMod:Book of Names","Replay:Fractal Strike"],"picked":"infinitespire:SevenWalls","floor":36},{"not_picked":["PiercingWail","Wraith Form v2","Flying Knee"],"picked":"SKIP","floor":38},{"not_picked":["Poisoned Stab+1","Concentrate","Hidden Blade"],"picked":"SKIP","floor":38},{"not_picked":["Unload","Storm of Steel"],"picked":"infinitespire:Neurotoxin","floor":40},{"not_picked":["infinitespire:UltimateForm","infinitespire:SevenWalls"],"picked":"infinitespire:Collect","floor":42},{"not_picked":["Unload","Malaise","Corpse Explosion"],"picked":"SKIP","floor":42},{"not_picked":["infinitespire:Neurotoxin","Malaise"],"picked":"Corpse Explosion","floor":44},{"not_picked":["Envenom","Phantasmal Killer"],"picked":"infinitespire:Neurotoxin","floor":45},{"not_picked":["Night Terror","Corpse Explosion","Tools of the Trade"],"picked":"SKIP","floor":46},{"not_picked":["Dagger Spray","Hidden Blade","Slice+1"],"picked":"SKIP","floor":47},{"not_picked":["Eviscerate","Predator+1","Underhanded Strike"],"picked":"SKIP","floor":47},{"not_picked":["Blade Dance","Endless Agony+1","Bane+1"],"picked":"SKIP","floor":48},{"not_picked":["Blade Dance","Finisher","Flechettes"],"picked":"SKIP","floor":48},{"not_picked":["Wraith Form v2","Tools of the Trade"],"picked":"Adrenaline","floor":51},{"not_picked":["Corpse Explosion","Unload","Grand Finale"],"picked":"SKIP","floor":55},{"not_picked":["Grand Finale","Die Die Die"],"picked":"Venomology","floor":56}],"player_experience":3036358,"relics_obtained":[{"floor":6,"key":"Guardian:PocketSentry"},{"floor":7,"key":"Peace Pipe"},{"floor":9,"key":"Replay:Rubber Ducky"},{"floor":11,"key":"Kunai"},{"floor":12,"key":"Lizard Tail"},{"floor":13,"key":"sneckomod:BlankCard"},{"floor":21,"key":"Strawberry"},{"floor":23,"key":"Bird Faced Urn"},{"floor":25,"key":"Shuriken"},{"floor":26,"key":"infinitespire:Broken Mirror"},{"floor":27,"key":"MealTicket"},{"floor":31,"key":"Onion Ring"},{"floor":40,"key":"HornCleat"},{"floor":42,"key":"CeramicFish"},{"floor":43,"key":"Whetstone"},{"floor":44,"key":"Torii"},{"floor":45,"key":"Calipers"},{"floor":46,"key":"Counterbalance"},{"floor":49,"key":"Replay:Ringing Soul"},{"floor":55,"key":"White Beast Statue"}],"event_choices":[{"damage_healed":0,"gold_gain":0,"player_choice":"Rummage","damage_taken":0,"relics_obtained":["WarpedTongs"],"max_hp_gain":0,"max_hp_loss":0,"event_name":"Accursed Blacksmith","floor":8,"gold_loss":0,"cards_obtained":["Pain"]},{"damage_healed":0,"gold_gain":0,"player_choice":"Read","damage_taken":0,"max_hp_gain":0,"max_hp_loss":0,"event_name":"The Library","floor":24,"gold_loss":0,"cards_obtained":["Catalyst"]}],"is_beta":false,"boss_relics":[{"not_picked":["Painkiller Herb","Runic Dome"],"picked":"HoveringKite"},{"not_picked":["Sozu","Replay:Wanted Poster"],"picked":"Tiny House"},{"not_picked":["Snecko Heart","Replay:Bronze Core"],"picked":"Philosopher\u0027s Stone"}],"items_purged_floors":[],"is_endless":true,"potions_floor_spawned":[2,6,11,12,13,21,22,23,25,29,33,38,46,47,48,50,56],"ascension_level":20}}