{"host":"0azimyi6n3ugndj4","time":1609793736,"event":{"mods":["2.2 Compatiblity","BaseMod","Bestiary","Conspire","Curses Come First","Defuse TimeMaze Blight","Hermit","Hubris","Hyrulean Relics","Infinite Spire","Jorbs\u0027s Wanderer Trilogy","Minty Spire (QoL Compilation)","Relic Stats","Replay The Spire","StSLib","SuperFastMode","The Cursed","The Hierophant","Uncapped","¡¼?Úª?ø«¡½REMEMod"],"gold_per_floor":[168,168,11,74,74,14,14],"floor_reached":6,"playtime":148,"items_purged":[],"score":143,"play_id":"1036c919-f6d3-4081-91da-50de451af973","local_time":"20210105055536","daily_mods":["SealedDeck","Hoarder","Insanity","Chimera","Specialized","Vintage","ControlledChaos","Allstar","Diverse","Colorless Cards","Heirloom","Time Dilation","Flight","Elite Swarm","Lethality","Midas","Binary"],"is_ascension_mode":true,"campfire_choices":[],"circlet_count":0,"master_deck":["Demon Form","Wraith Form v2","Echo Form","DevaForm","stsjorbsmod:ArcaneForm","stsjorbsmod:WastingForm","AscendersBane","hubris:Hubris","Bash","Survivor","Zap","Eruption","Strike_R","Strike_G","Strike_B","Defend_R","Defend_G","Defend_P","stsjorbsmod:DisguiseSelf","TheCursedMod:CircleOfCorruption","Specialist","Rampage","Acrobatics","Cold Snap","TheCursedMod:SmokeScreen","Riddle With Holes","TheCursedMod:CursedAmulet","FollowUp","TheCursedMod:BloodBarrier","hermit:CursedWeapon","hermit:Misfire","Halt","stsjorbsmod:Hurt","TheCursedMod:ReleasedKnowledge","Replay:ManipulateFuture","hermit:Dive","EmptyBody","White Noise","TheCursedMod:Torture","REME_Repentance","TheCursedMod:SpitefulStrike","Conserve Battery","Wild Strike","Distraction","stsjorbsmod:DisguiseSelf","ReplayTheSpireMod:GoodbyeWorld","Auto Shields","Swift Strike","hubris:Insight","FIFO Queue","TheCursedMod:BloodBarrier","Cold Snap","stsjorbsmod:FlameWard","hermit:Headshot","hubris:Ssssneak","TheCursedMod:CircleOfCorruption","stsjorbsmod:Patron","Scrape","TheCursedMod:CircleOfAmplification","hierophant:Sermon","ReplayTheSpireMod:Limb From Limb","Warcry","Inflame","TheCursedMod:CursedBlade","REME_FearOfPain","TheCursedMod:EmpowerCircles","Redo","ThirdEye","TheCursedMod:SmokeScreen","TheCursedMod:SmokeScreen","TheCursedMod:SmokeScreen","TheCursedMod:SmokeScreen","TheCursedMod:SmokeScreen","TheCursedMod:SmokeScreen","TheCursedMod:SmokeScreen","TheCursedMod:SmokeScreen","TheCursedMod:SmokeScreen","TheCursedMod:SmokeScreen","TheCursedMod:SmokeScreen","TheCursedMod:SmokeScreen","TheCursedMod:SmokeScreen","TheCursedMod:SmokeScreen","TheCursedMod:SmokeScreen","Stack","Stack","Stack","Poisoned Stab","Poisoned Stab","Poisoned Stab","SashWhip","SashWhip","SashWhip","Clash","Clash","Clash","hermit:LowProfile","hermit:LowProfile","hermit:LowProfile","Power Through","Power Through","Power Through","LikeWater","LikeWater","LikeWater","hierophant:CoinFling","hierophant:CoinFling","Entrench","Entrench","Entrench","Reinforced Body","Reinforced Body","Reinforced Body","hierophant:Doubloon","hierophant:Doubloon","hierophant:Doubloon","hierophant:Blessing","hierophant:Blessing","hierophant:Blessing","Calculated Gamble+1","Calculated Gamble+1","Calculated Gamble+1"],"relics":["hierophant:PropheticMaskRelic","Frozen Eye","Busted Crown","REME_ComplimentaryCards","TungstenRod","infinitespire:FocusingShard","NlothsMask","REME_OnlineShoppingPlatform","Dream Catcher"],"acts_visited":["Exordium"],"potions_floor_usage":[6,6,6],"damage_taken":[{"damage":23.0,"enemies":"Jaw Worm","floor":1.0,"turns":4.0},{"damage":4.0,"enemies":"Cultist","floor":4.0,"turns":4.0},{"damage":64,"enemies":"Lagavulin","floor":6,"turns":7}],"seed_played":"4862612917714323351","potions_obtained":[],"is_trial":true,"path_per_floor":["M","?","$","M","?","E"],"character_chosen":"HIEROPHANT","items_purchased":["REME_OnlineShoppingPlatform"],"campfire_rested":0,"item_purchase_floors":[3],"current_hp_per_floor":[45,45,45,41,41,0,0],"gold":14,"neow_bonus":"","is_daily":false,"chose_seed":false,"campfire_upgraded":0,"win_rate":0.0,"timestamp":1609793736,"path_taken":["M","?","$","?","?","E"],"items_purchased_type":["Relic"],"build_version":"2020-12-22","purchased_purges":0,"victory":false,"max_hp_per_floor":[75,75,75,75,75,75,75],"relic_stats":{"Dream Catcher":0,"Busted Crown":4,"counters":[3,15],"obtain_stats":[{"Frozen Eye":0,"Dream Catcher":4,"Busted Crown":0,"hierophant:PropheticMaskRelic":0,"infinitespire:FocusingShard":1,"REME_OnlineShoppingPlatform":3,"TungstenRod":0,"REME_ComplimentaryCards":0,"NlothsMask":2},{"Frozen Eye":0,"Dream Catcher":2,"Busted Crown":0,"hierophant:PropheticMaskRelic":0,"infinitespire:FocusingShard":1,"REME_OnlineShoppingPlatform":1,"TungstenRod":0,"REME_ComplimentaryCards":0,"NlothsMask":1},{"Frozen Eye":0,"Dream Catcher":8,"Busted Crown":0,"hierophant:PropheticMaskRelic":0,"infinitespire:FocusingShard":4,"REME_OnlineShoppingPlatform":4,"TungstenRod":0,"REME_ComplimentaryCards":0,"NlothsMask":4}],"TungstenRod":6},"card_choices":[],"player_experience":1528838,"relics_obtained":[{"floor":1.0,"key":"infinitespire:FocusingShard"},{"floor":4.0,"key":"Dream Catcher"}],"event_choices":[{"damage_healed":0.0,"max_hp_gain":0.0,"max_hp_loss":0.0,"gold_gain":0.0,"event_name":"FaceTrader","player_choice":"Trade","floor":2.0,"gold_loss":0.0,"damage_taken":0.0,"relics_obtained":["NlothsMask"]}],"is_beta":false,"boss_relics":[],"items_purged_floors":[],"is_endless":false,"potions_floor_spawned":[],"killed_by":"Lagavulin","ascension_level":20}}