{"host":"9eojso4kl4lidi9b","time":1609735000,"event":{"mods":["BaseMod","Beaked The Cultist","Better Skull","Colored Map","Colored Powertips","Conspire","Downfall","GifTheSpireLib","Minty Spire (QoL Compilation)","Random Character Button","Relic Sorter","Replay The Spire","Small Relic Pack","StSLib","Stuff the Spire","The Blackbeard","The Druid","The Factory","The Judge","The Necromancer","The Poker Player","The Wild Card","Trackpad","Unceasing Turn Reminder","Yuri Mod"],"gold_per_floor":[99,99,99,114,129,144,144,159,189,114,179,14,29,29,44,144,144,69,99,114,114,129,144,144,159,159,159,174,174,174,174,189,289,289,289,304,304,319,319,319,319,30,45,45,125,50,65,65,80,80,80,110,28,28,28],"floor_reached":56,"playtime":4393,"items_purged":["beaked:Strike_Y"],"score":34019,"play_id":"8e357b50-18de-42ef-bb9d-c84f00ee1863","local_time":"20210103223640","daily_mods":["downfall:Improvised","ControlledChaos","Night Terrors"],"is_ascension_mode":false,"campfire_choices":[{"data":"beaked:Ceremony","floor":1.0,"key":"SMITH"},{"data":"sneckomod:Unknown","floor":3.0,"key":"SMITH"},{"floor":10.0,"key":"RECALL"},{"floor":18.0,"key":"DIG"},{"data":"StuffTheSpire:CelestialWarden","floor":27,"key":"SMITH"},{"data":"beaked:Recite","floor":35,"key":"SMITH"},{"data":"beaked:Caw","floor":40,"key":"SMITH"}],"circlet_count":0,"master_deck":["beaked:Strike_Y","beaked:Strike_Y","beaked:Strike_Y","beaked:Strike_Y","beaked:Strike_Y+1","beaked:Defend_Y","beaked:Defend_Y+1","beaked:Defend_Y","beaked:Ceremony+1","beaked:CrazyRituals","beaked:CrazyRituals","sneckomod:UnknownCommonAttack","sneckomod:UnknownCommonAttack","sneckomod:UnknownCommonAttack","sneckomod:UnknownCommonSkill","sneckomod:UnknownCommonSkill","sneckomod:UnknownCommonSkill","sneckomod:UnknownUncommonAttack","sneckomod:UnknownUncommonSkill+1","sneckomod:UnknownUncommonPower","sneckomod:Unknown+1","beaked:Daydream","beaked:Brace","beaked:Evade","beaked:WarriorEssence","beaked:BraceForImpact","beaked:TuckingFeathers","beaked:WildInstinct","ReplayTheSpireMod:RavenHex","beaked:Overpower","beaked:Sacrifice","beaked:Evade+1","beaked:Recite+1","beaked:Insight+1","beaked:BloodForTheGods","beaked:WarriorEssence+1","StuffTheSpire:CelestialWarden+1","beaked:CheekyTricks","beaked:CursingBlood","beaked:Caw+1","beaked:WarriorEssence","beaked:Windmill","expansioncontent:Collect","beaked:BraceForImpact+1","beaked:Windmill","beaked:Poke+1","beaked:MimicMachine+1","beaked:Roost+1","beaked:StunningBlow","beaked:BraceForImpact+1","Replay:SS_hec_2"],"relics":["beaked:MendingPlumage","Frozen Eye","relicPack:AllForOne","yuri:PortableGlitches","Onion Ring","downfall:HeartBlessingGreen","trackpad:AdjectivePendant","ReplayTheSpireMod:TigerMarble","Replay:Grab Bag","Replay:Bronze Core","Philosopher\u0027s Stone","Snecko Heart","beaked:SacrificeDoll","downfall:HeartBlessingRed","trackpad:ByrdCharm","Bottled Lightning","War Paint","Boot","Sozu","trackpad:PetRock","Bottled Tornado","downfall:HeartBlessingBlue","Oddly Smooth Stone"],"acts_visited":["Exordium","TheCity","TheBeyond","TheEnding"],"potions_floor_usage":[32,32,33,33,33,42,50,50],"damage_taken":[{"damage":4.0,"enemies":"conspire:RoseBush","floor":4.0,"turns":4.0},{"damage":14.0,"enemies":"2 Louse","floor":5.0,"turns":2.0},{"damage":9.0,"enemies":"Small Slimes","floor":6.0,"turns":4.0},{"damage":9.0,"enemies":"Looter","floor":8.0,"turns":3.0},{"damage":23.0,"enemies":"Gremlin Nob","floor":9.0,"turns":4.0},{"damage":0.0,"enemies":"downfall:FleeingMerchant","floor":12.0,"turns":4.0},{"damage":5.0,"enemies":"3 Louse","floor":13.0,"turns":3.0},{"damage":21.0,"enemies":"2 Fungi Beasts","floor":15.0,"turns":5.0},{"damage":49.0,"enemies":"Hexaghost","floor":16.0,"turns":9.0},{"damage":17.0,"enemies":"conspire:Head Lice","floor":19.0,"turns":8.0},{"damage":2,"enemies":"Shell Parasite","floor":20,"turns":4},{"damage":0,"enemies":"Snecko","floor":22,"turns":3},{"damage":0,"enemies":"Centurion and Healer","floor":23,"turns":4},{"damage":0,"enemies":"Chosen and Byrds","floor":25,"turns":3},{"damage":12,"enemies":"Snecko","floor":28,"turns":3},{"damage":10,"enemies":"Cultist and Chosen","floor":32,"turns":4},{"damage":46,"enemies":"downfall:Watcher","floor":33,"turns":9},{"damage":15,"enemies":"3 Darklings","floor":36,"turns":2},{"damage":0,"enemies":"Orb Walker","floor":38,"turns":2},{"damage":6,"enemies":"downfall:FleeingMerchant","floor":42,"turns":4},{"damage":10,"enemies":"Transient","floor":43,"turns":5},{"damage":2,"enemies":"downfall:FleeingMerchant","floor":45,"turns":4},{"damage":15,"enemies":"Jaw Worm Horde","floor":47,"turns":3},{"damage":17,"enemies":"Spire Growth","floor":49,"turns":4},{"damage":23,"enemies":"downfall:Silent","floor":50,"turns":9},{"damage":53,"enemies":"downfall:CharBossMerchant","floor":52,"turns":10},{"damage":38,"enemies":"downfall:NeowBoss","floor":55,"turns":18}],"seed_played":"8833210206598683822","potions_obtained":[{"floor":5.0,"key":"champ:CounterPotion"},{"floor":9.0,"key":"BlessingOfTheForge"},{"floor":11.0,"key":"Doom Potion"},{"floor":11.0,"key":"beaked:MendingBrew"},{"floor":15.0,"key":"FearPotion"},{"floor":16.0,"key":"BlessingOfTheForge"},{"floor":28,"key":"EntropicBrew"},{"floor":29,"key":"CultistPotion"},{"floor":32,"key":"Explosive Potion"}],"is_trial":false,"path_per_floor":["R","?","R","M","M","M","T","M","E","R","?","$","M","?","M","B",null,"R_BF","E","M","?","M","M","T","M","?","R","M","?","?","?","M","B",null,"R","M","?","M","?","R","T","$","M","R","$","R","M","?","M","B",null,"E","$","R","B",null],"character_chosen":"BEAKED_THE_CULTIST","items_purchased":["ReplayTheSpireMod:TigerMarble","trackpad:PetRock","beaked:Windmill","Bottled Tornado","Replay:SS_hec_2"],"campfire_rested":0,"item_purchase_floors":[12,42,42,45,53],"current_hp_per_floor":[50,50,50,50,38,44,44,47,37,37,25,37,41,41,42,43,50,50,50,51,43,59,59,59,59,59,59,59,59,59,36,62,62,62,62,52,52,62,62,62,62,58,64,64,64,74,74,74,67,69,74,76,76,76,76],"gold":28,"neow_bonus":"","is_daily":true,"chose_seed":false,"campfire_upgraded":5,"win_rate":0.0,"timestamp":1609735000,"path_taken":["R","?","R","M","M","M","T","M","E","R","?","$","M","?","M","BOSS","R_BF","E","M","?","M","M","T","M","?","R","M","?","?","?","M","BOSS","R","?","?","M","?","R","T","$","M","R","$","R","M","?","M","BOSS","E","$","R","BOSS"],"items_purchased_type":["Relic","Relic","Card","Relic","Card"],"build_version":"2020-12-22","purchased_purges":1,"victory":true,"max_hp_per_floor":[50,50,50,50,50,50,50,50,50,50,50,50,50,50,50,50,50,50,50,51,56,59,59,59,59,59,59,59,59,59,59,62,62,62,62,62,62,62,62,62,62,64,64,64,64,74,74,74,74,74,74,76,76,76,76],"card_choices":[{"not_picked":["beaked:CrazyRituals","beaked:RitualOfBody"],"picked":"beaked:Daydream","floor":4.0},{"not_picked":["beaked:Insight","beaked:RuinSticks"],"picked":"beaked:Brace","floor":5.0},{"not_picked":["beaked:CrazyRituals","beaked:Molting"],"picked":"beaked:Evade","floor":6.0},{"not_picked":["beaked:CursingBlood","beaked:Overexert"],"picked":"beaked:WarriorEssence","floor":8.0},{"not_picked":["beaked:Windmill","beaked:MimicWarrior"],"picked":"beaked:BraceForImpact","floor":9.0},{"not_picked":["ReplayTheSpireMod:Prepare the Ceremony","beaked:Poke"],"picked":"beaked:TuckingFeathers","floor":11.0},{"not_picked":["beaked:Resilience","beaked:Overexert"],"picked":"beaked:WildInstinct","floor":12.0},{"not_picked":["beaked:BounceBack","beaked:BloodRitual"],"picked":"ReplayTheSpireMod:RavenHex","floor":13.0},{"not_picked":["beaked:TuckingFeathers","beaked:WarriorEssence"],"picked":"beaked:Overpower","floor":15.0},{"not_picked":["beaked:LiftOff","beaked:DarkTribute"],"picked":"beaked:Sacrifice","floor":16.0},{"not_picked":["beaked:MachineSpirit","beaked:Flinch"],"picked":"beaked:Evade+1","floor":19},{"not_picked":["beaked:Devastation","beaked:MachineSpirit"],"picked":"beaked:Recite","floor":20},{"not_picked":["beaked:BloodRitual","beaked:Windmill+1"],"picked":"beaked:Insight+1","floor":22},{"not_picked":["beaked:SurvivalInstinct+1","beaked:TuckingFeathers"],"picked":"beaked:BloodForTheGods","floor":23},{"not_picked":["beaked:DesperateSwing","beaked:MachineEssence"],"picked":"beaked:WarriorEssence+1","floor":25},{"not_picked":["StuffTheSpire:Harmony","StuffTheSpire:Brawn"],"picked":"StuffTheSpire:CelestialWarden","floor":26},{"not_picked":["beaked:CursingBlood","beaked:Molting"],"picked":"beaked:CheekyTricks","floor":28},{"not_picked":["beaked:Redirect+1","beaked:Struggle+1"],"picked":"beaked:CursingBlood","floor":32},{"not_picked":["beaked:Sacrifice","beaked:FakeOut"],"picked":"beaked:Caw","floor":33},{"not_picked":["beaked:HuntressSpirit","beaked:Daydream"],"picked":"beaked:WarriorEssence","floor":36},{"not_picked":["beaked:Brace","beaked:Overpower"],"picked":"beaked:Windmill","floor":38},{"not_picked":["expansioncontent:FaceSlap","expansioncontent:Hexaburn"],"picked":"expansioncontent:Collect","floor":39},{"not_picked":["ReplayTheSpireMod:Prepare the Ceremony","beaked:DesperateSwing+1"],"picked":"beaked:BraceForImpact+1","floor":42},{"not_picked":["beaked:WindBringer+1","beaked:VigorBurst"],"picked":"beaked:Poke+1","floor":43},{"not_picked":["beaked:Insight+1","beaked:Foresight+1"],"picked":"beaked:MimicMachine+1","floor":45},{"not_picked":["beaked:BraceForImpact+1","beaked:WarriorEssence"],"picked":"beaked:Roost+1","floor":47},{"not_picked":["beaked:Evade+1","beaked:DesperateSwing+1"],"picked":"beaked:StunningBlow","floor":49},{"not_picked":["ReplayTheSpireMod:Wings of Steel","ReplayTheSpireMod:Prepare the Ceremony+1"],"picked":"beaked:BraceForImpact+1","floor":52}],"player_experience":1151831,"relics_obtained":[{"floor":7.0,"key":"yuri:PortableGlitches"},{"floor":9.0,"key":"Onion Ring"},{"floor":11.0,"key":"trackpad:AdjectivePendant"},{"floor":18.0,"key":"trackpad:ByrdCharm"},{"floor":19,"key":"Replay:Baseball"},{"floor":24,"key":"Bottled Lightning"},{"floor":52,"key":"Oddly Smooth Stone"}],"event_choices":[{"damage_healed":0,"gold_gain":0,"player_choice":"RE RE ","damage_taken":27,"relics_obtained":["War Paint","Boot"],"max_hp_gain":0,"max_hp_loss":0,"event_name":"betterSkull:BetterSkull","floor":31,"gold_loss":0,"cards_upgraded":[]},{"cards_removed":["beaked:Defend_Y"],"damage_healed":0,"gold_gain":0,"player_choice":"Removed Skill","damage_taken":0,"max_hp_gain":0,"max_hp_loss":0,"event_name":"Falling","floor":37,"gold_loss":0},{"damage_healed":0,"gold_gain":0,"player_choice":"Got Potions","damage_taken":0,"max_hp_gain":0,"max_hp_loss":0,"event_name":"Lab","floor":48,"gold_loss":0}],"is_beta":false,"boss_relics":[{"not_picked":["Abe\u0027s Treasure","ReplayTheSpireMod:DimensionalGlitch"],"picked":"Replay:Grab Bag"},{"not_picked":["StuffTheSpire:ModemDavis","Painkiller Herb"],"picked":"Replay:Bronze Core"},{"not_picked":["Velvet Choker","StuffTheSpire:RunicConfusion"],"picked":"Philosopher\u0027s Stone"},{"not_picked":["trackpad:StolenKidneys","relicPack:KazumaCape"],"picked":"Snecko Heart"},{"not_picked":["relicPack:ShieldShield","relicPack:StarArrow"],"picked":"beaked:SacrificeDoll"},{"not_picked":["Runic Pyramid","Replay:Drink Me"],"picked":"Sozu"}],"items_purged_floors":[42],"is_endless":false,"potions_floor_spawned":[5,9,15,16,20,23,28,32,36,52],"ascension_level":0}}