{"host":"qvm8mnkwg7phaqzl","time":1609728091,"event":{"mods":["2.2 Compatiblity","A Magickal Journey","Act Like it!","Aspiration","Astrologer","Bard","BaseMod","Beaked The Cultist","Better Altar","Better Match","Better Note","Better Sensory Stone","Better Skull","Better Third Choice","CCEM","CapriCore","CatGirl Mod","Chen","Colored Map","Conspire","DeckTracker","Downfall","Elementarium","Friendly Minions","Gensokyo","GifTheSpireLib","Gremlin Mod","Halation","Hermit","Hubris","Koishi","Marisa（霧雨　魔理沙）","Marked Mod","Mathematician","Minty Spire (QoL Compilation)","Onozuka Komachi Mod","Potionbrewer","Random Character Button","Rare Cards Sparkle","Reimu（博??梦）","Replay The Spire","Shade Mod","Somnambulant","StSLib","The Accelerator","The Administrix","The Alterego","The Blackbeard","The Bladedancer","The Bug Knight","The Caster","The Construct","The Cursed","The Disciple","The Dragon Tamer","The Druid","The Elementalist","The Factory","The Florist","The Forsaken","The Gatherer","The Hierophant","The Immortal","The Judge","The Juggle","The Jungle","The Marked","The Mystic","The Necromancer","The Poker Player","The Problem Sleuth","The Runesmith","The Sage","The Servant 0.9.4","The Spell Scribe","The Valiant","The Witch","TheArtist","TheBandit","TheFirefly","Wandering Minibosses","Yakumo Yukari mod","Youmu（魂魄妖梦）","Yuyuko","vexMod","yUi"],"gold_per_floor":[99,112,112,122,148,180,205,37,56,82,98,111,96,107,124,124,124],"floor_reached":16,"playtime":2748,"items_purged":["Pain"],"score":114,"play_id":"a801edf8-2ff5-43c7-9cb8-22a0acb93cfd","local_time":"20210103204130","is_ascension_mode":false,"campfire_choices":[{"data":"champ:Taunt","floor":1.0,"key":"SMITH"}],"circlet_count":0,"master_deck":["champ:Strike","champ:Strike","champ:Strike","champ:Strike","champ:Defend","champ:Defend","champ:Defend","champ:Defend","champ:Execute","champ:Taunt+1","champ:ArenaPreparation","champ:BringItOn","champ:GladiatorsShout","champ:IgnorePain","champ:BerserkerStyle","champ:FanOfKnives","champ:HoldFirm"],"relics":["champ:ChampionCrown","WarpedTongs","Vajra","White Beast Statue","hubris:ToyBattleship","Bottled Flame"],"acts_visited":["Exordium"],"potions_floor_usage":[13,13,14,16,16],"damage_taken":[{"damage":16.0,"enemies":"Cultist","floor":2.0,"turns":4.0},{"damage":9.0,"enemies":"2 Louse","floor":4.0,"turns":3.0},{"damage":26.0,"enemies":"3 Sentries","floor":6.0,"turns":9.0},{"damage":23.0,"enemies":"downfall:FleeingMerchant","floor":8.0,"turns":4.0},{"damage":10.0,"enemies":"Jaw Worm","floor":9.0,"turns":1.0},{"damage":40.0,"enemies":"Gremlin Nob","floor":10.0,"turns":6.0},{"damage":22,"enemies":"Blue Slaver","floor":11,"turns":2},{"damage":56,"enemies":"Exordium Wildlife","floor":12,"turns":5},{"damage":35,"enemies":"downfall:FleeingMerchant","floor":13,"turns":4},{"damage":45,"enemies":"Exordium Thugs","floor":14,"turns":6},{"damage":16,"enemies":"3 Louse","floor":15,"turns":3},{"damage":56,"enemies":"downfall:Defect","floor":16,"turns":2}],"seed_played":"8262454503378111880","potions_obtained":[{"floor":6.0,"key":"BlessingOfTheForge"},{"floor":8.0,"key":"Adrenaline Potion"},{"floor":9.0,"key":"potionbrewer:CleansingPotion"},{"floor":10,"key":"LiquidBronze"},{"floor":11,"key":"potionbrewer:ToxicPotion"},{"floor":13,"key":"Regen Potion"},{"floor":14,"key":"Elixir"},{"floor":15,"key":"potionbrewer:CleansingPotion"}],"is_trial":false,"path_per_floor":["R_BF","M","?","M","T","E","T","$","M","E","M","M","$","M","M","B"],"character_chosen":"THE_CHAMP","items_purchased":["champ:BerserkerStyle"],"campfire_rested":0,"item_purchase_floors":[8],"current_hp_per_floor":[99,93,93,89,89,78,78,76,76,72,72,50,50,56,56,0,0],"gold":124,"neow_bonus":"TEN_PERCENT_HP_BONUS","is_daily":false,"chose_seed":false,"campfire_upgraded":1,"win_rate":0.0,"timestamp":1609728090,"path_taken":["R_BF","M","?","?","?","E","T","$","M","E","M","M","$","?","M","BOSS"],"items_purchased_type":["Card"],"build_version":"2020-12-22","purchased_purges":1,"victory":false,"max_hp_per_floor":[99,99,99,99,99,99,99,99,99,99,99,99,99,99,99,99,99],"card_choices":[{"not_picked":["champ:Circumvent","champ:DefensiveStyle"],"picked":"champ:ArenaPreparation","floor":2.0},{"not_picked":["champ:CrookedStrike","champ:FlashCut"],"picked":"champ:BringItOn","floor":4.0},{"not_picked":["champ:EndlessRage","champ:BerserkersShout"],"picked":"champ:GladiatorsShout","floor":6.0},{"not_picked":["champ:EndlessRage","champ:PerfectedStrike"],"picked":"champ:IgnorePain","floor":8.0},{"not_picked":["champ:FocusedBerserking","champ:PreciseThrust"],"picked":"champ:FanOfKnives","floor":9.0},{"not_picked":["champ:StanceDance","champ:AdrenalArmor"],"picked":"champ:HoldFirm","floor":10},{"not_picked":["champ:AdrenalArmor","champ:PerfectedStrike","champ:TornadoPunch"],"picked":"SKIP","floor":11},{"not_picked":["champ:FanOfKnives","champ:EnGarde","champ:Encircle"],"picked":"SKIP","floor":12},{"not_picked":["champ:Improvising","champ:GutPunch","champ:TornadoPunch"],"picked":"SKIP","floor":13},{"not_picked":["champ:FocusedBerserking","champ:Haymaker","champ:FalseCounter"],"picked":"SKIP","floor":14},{"not_picked":["champ:Circumvent","champ:BerserkersShout","champ:TornadoPunch"],"picked":"SKIP","floor":15}],"player_experience":635368,"relics_obtained":[{"floor":5.0,"key":"Vajra"},{"floor":6.0,"key":"White Beast Statue"},{"floor":7.0,"key":"hubris:ToyBattleship"},{"floor":10,"key":"Bottled Flame"}],"event_choices":[{"damage_healed":0.0,"max_hp_gain":0.0,"max_hp_loss":0.0,"gold_gain":0.0,"event_name":"Accursed Blacksmith","player_choice":"Rummage","floor":3.0,"gold_loss":0.0,"damage_taken":0.0,"relics_obtained":["WarpedTongs"],"cards_obtained":["Pain"]}],"is_beta":false,"boss_relics":[],"items_purged_floors":[8],"is_endless":false,"potions_floor_spawned":[6,8,9,10,11,12,13,14,15],"killed_by":"downfall:Defect","ascension_level":0}}