{"host":"29nokk5suv5vtcrv","time":1609779684,"event":{"mods":["BaseMod","Minty Spire (QoL Compilation)","Slay-I"],"gold_per_floor":[114,114,114,114,130,158,176,195,222,222,238,256,256,269,269,269,269],"floor_reached":16,"playtime":857,"items_purged":[],"score":187,"play_id":"71cecd80-5110-4d0a-b55e-c40f314f900b","local_time":"20210104180124","is_ascension_mode":true,"campfire_choices":[{"data":"Body Slam","floor":10,"key":"SMITH"},{"data":"Shrug It Off","floor":13,"key":"SMITH"},{"data":"Defend_R","floor":15,"key":"SMITH"}],"circlet_count":0,"master_deck":["Strike_R","Strike_R","Strike_R","Strike_R","Strike_R","Defend_R","Defend_R","Defend_R","Defend_R+1","Bash","Body Slam+1","Shrug It Off+1"],"relics":["Burning Blood","NeowsBlessing","Orichalcum","CultistMask","CeramicFish","Tiny Chest"],"acts_visited":["Exordium"],"potions_floor_usage":[11,16],"damage_taken":[{"damage":0,"enemies":"2 Louse","floor":1,"turns":1},{"damage":0,"enemies":"Jaw Worm","floor":5,"turns":1},{"damage":0,"enemies":"Gremlin Nob","floor":6,"turns":1},{"damage":10,"enemies":"Cultist","floor":7,"turns":5},{"damage":6,"enemies":"2 Fungi Beasts","floor":8,"turns":6},{"damage":2,"enemies":"Exordium Wildlife","floor":11,"turns":4},{"damage":9,"enemies":"3 Louse","floor":12,"turns":5},{"damage":6,"enemies":"Looter","floor":14,"turns":3},{"damage":60,"enemies":"The Guardian","floor":16,"turns":14}],"seed_played":"-1469168515376098640","potions_obtained":[{"floor":1,"key":"DistilledChaos"},{"floor":8,"key":"SmokeBomb"},{"floor":12,"key":"Strength Potion"}],"is_trial":false,"path_per_floor":["M","$","?","?","M","E","M","M","T","R","M","M","R","M","R","B"],"character_chosen":"IRONCLAD","items_purchased":[],"campfire_rested":0,"item_purchase_floors":[],"current_hp_per_floor":[78,78,45,45,51,57,53,53,53,53,57,54,54,54,54,0,0],"gold":269,"neow_bonus":"THREE_ENEMY_KILL","is_daily":false,"chose_seed":false,"campfire_upgraded":3,"win_rate":0.0,"timestamp":1609779684,"path_taken":["M","$","?","?","M","E","?","M","T","R","M","M","R","M","R","BOSS"],"items_purchased_type":[],"build_version":"2020-12-22","purchased_purges":0,"victory":false,"max_hp_per_floor":[80,80,80,80,80,80,80,80,80,80,80,80,80,80,80,80,80],"card_choices":[{"not_picked":["Carnage","Disarm","Armaments"],"picked":"SKIP","floor":1},{"not_picked":["Sever Soul","Wild Strike"],"picked":"Body Slam","floor":5},{"not_picked":["Clash","Heavy Blade","Thunderclap"],"picked":"SKIP","floor":6},{"not_picked":["Bloodletting","Sever Soul","Clash"],"picked":"SKIP","floor":7},{"not_picked":["Havoc","Iron Wave"],"picked":"Shrug It Off","floor":8},{"not_picked":["Heavy Blade","Anger","Body Slam"],"picked":"SKIP","floor":11},{"not_picked":["Carnage","Flex","Rupture"],"picked":"SKIP","floor":12},{"not_picked":["Sword Boomerang","Double Tap","Body Slam"],"picked":"SKIP","floor":14}],"player_experience":857637,"relics_obtained":[{"floor":6,"key":"CeramicFish"},{"floor":9,"key":"Tiny Chest"}],"event_choices":[{"damage_healed":0,"gold_gain":0,"player_choice":"Success","damage_taken":33,"relics_obtained":["Orichalcum"],"max_hp_gain":0,"max_hp_loss":0,"event_name":"Scrap Ooze","floor":3,"gold_loss":0},{"damage_healed":0,"gold_gain":0,"player_choice":"Trade","damage_taken":0,"relics_obtained":["CultistMask"],"max_hp_gain":0,"max_hp_loss":0,"event_name":"FaceTrader","floor":4,"gold_loss":0}],"is_beta":false,"boss_relics":[],"items_purged_floors":[],"is_endless":false,"potions_floor_spawned":[1,8,12],"killed_by":"The Guardian","ascension_level":9}}