{"host":"zrerxgu8lagrk16e","time":1609735535,"event":{"mods":["AchievementEnabler","BaseMod","Better Altar","Better Match","Better Note","Better Sensory Stone","Better Skull","Better Third Choice","Colored Map","Colored Powertips","Minty Spire (QoL Compilation)","Permanent Neow","Quick Restart","Relic Stats","Replay The Spire","StSLib","slay the spire mod where everything is the same but ironclad has a cowboy hat"],"gold_per_floor":[368,36,36,54,72,105,105,139,139,139,159,185,29,46,46,142,142,156,156,156,175,450,460,460,460,492,492,546,84,96,127,139,189,201,315,327,252,279,291,303,303],"floor_reached":40,"playtime":2241,"items_purged":["Regret"],"score":663,"play_id":"9d2cc222-2496-4cf5-b4c2-5260832a183c","local_time":"20210103234535","is_ascension_mode":true,"campfire_choices":[{"data":"Massacre","floor":7.0,"key":"SMITH"},{"data":"True Grit","floor":10.0,"key":"SMITH"},{"floor":15.0,"key":"DIG"},{"data":"Eclipse","floor":27,"key":"SMITH"},{"floor":34,"key":"REST"}],"circlet_count":0,"master_deck":["Strike_R","Strike_R","Strike_R","Strike_R","Strike_R","Defend_R","Defend_R","Defend_R","Defend_R","Bash","Clash","ReplayReversal","Iron Wave","Massacre+1","True Grit+1","Dual Wield","Pummel","ReplayTheSpireMod:Muscle Training","Rampage","Armaments","Eclipse+1","Heavy Blade","Sword Boomerang","Sever Soul+1","Bloodletting+1","Inflame","Anger","Life Link","Iron Wave","CommonCold","Writhe","Demon Form","Sickly","CommonCold","Heavy Blade","Flex+1","Pain"],"relics":["Burning Blood","Question Card","FaceOfCleric","Eternal Feather","Mirror","Meat on the Bone","Champion Belt","SlaversCollar","Anchor","MutagenicStrength","Letter Opener","Ancient Tea Set","King of Hearts","Toolbox","Peace Pipe","ReplayTheSpireMod:Ring of Collecting","Ring of Greed","MawBank","Replay:Wax Seal","Replay:Ancient Bell","Vajra","Mummified Hand","Replay:PocketPolymizer","WarpedTongs"],"acts_visited":["Exordium","TheCity","TheBeyond"],"potions_floor_usage":[40],"damage_taken":[{"damage":7.0,"enemies":"Small Slimes","floor":1.0,"turns":3.0},{"damage":0.0,"enemies":"Cultist","floor":4.0,"turns":3.0},{"damage":0.0,"enemies":"2 Louse","floor":5.0,"turns":2.0},{"damage":15.0,"enemies":"Lagavulin","floor":6.0,"turns":7.0},{"damage":25.0,"enemies":"Gremlin Nob","floor":8.0,"turns":5.0},{"damage":12.0,"enemies":"Looter","floor":11.0,"turns":3.0},{"damage":25.0,"enemies":"Replay:BlueRogue","floor":12.0,"turns":6.0},{"damage":2.0,"enemies":"Blue Slaver","floor":14.0,"turns":5.0},{"damage":52.0,"enemies":"Fading Forest","floor":16.0,"turns":11.0},{"damage":50.0,"enemies":"Shell Parasite","floor":18.0,"turns":7.0},{"damage":1.0,"enemies":"2 Thieves","floor":21.0,"turns":2.0},{"damage":57,"enemies":"Centurion and Healer","floor":23,"turns":8},{"damage":16,"enemies":"Replay:Snechameleon","floor":26,"turns":4},{"damage":13,"enemies":"Snake Plant","floor":30,"turns":4},{"damage":23,"enemies":"Gremlin Leader","floor":31,"turns":6},{"damage":28,"enemies":"3 Cultists","floor":32,"turns":5},{"damage":29,"enemies":"Collector","floor":35,"turns":6},{"damage":20,"enemies":"3 Shapes","floor":37,"turns":5},{"damage":5,"enemies":"Orb Walker","floor":38,"turns":3},{"damage":109,"enemies":"Transient","floor":40,"turns":4}],"seed_played":"-2171480391718377614","potions_obtained":[{"floor":4.0,"key":"DistilledChaos"},{"floor":5.0,"key":"Fire Potion"},{"floor":11.0,"key":"Strength Potion"},{"floor":16.0,"key":"ColorlessPotion"},{"floor":18.0,"key":"Adrenaline Potion"},{"floor":26,"key":"Elixir"},{"floor":32,"key":"FearPotion"},{"floor":35,"key":"AttackPotion"},{"floor":37,"key":"BlessingOfTheForge"}],"is_trial":false,"path_per_floor":["M","$","?","M","M","E","R","E","T","R","M","E","$","M","R_BF","B",null,"M","?","?","M","?","M","PTL","PTL","E","R","T","$","M","E","M","?","R","B",null,"M","M","?","M"],"character_chosen":"IRONCLAD","items_purchased":["ReplayReversal","Question Card","ReplayTheSpireMod:Muscle Training","Rampage","King of Hearts","Inflame","Toolbox"],"campfire_rested":1,"item_purchase_floors":[2,2,13,13,29,29,29],"current_hp_per_floor":[55,55,55,62,69,61,70,52,52,61,56,38,38,55,67,44,88,57,57,57,63,63,25,25,25,28,43,43,43,49,45,36,36,82,60,96,83,85,85,0,0],"gold":303,"neow_bonus":"TWO_FIFTY_GOLD","is_daily":false,"chose_seed":false,"campfire_upgraded":3,"win_rate":0.0,"timestamp":1609735535,"path_taken":["M","$","?","?","M","E","R","E","T","R","M","E","$","M","R_BF","BOSS","M","?","?","M","?","?","PTL","PTL","E","R","T","$","M","E","M","?","R","BOSS","M","M","?","?"],"items_purchased_type":["Card","Relic","Card","Card","Relic","Card","Relic"],"build_version":"2020-12-22","purchased_purges":1,"victory":false,"max_hp_per_floor":[80,80,80,81,82,83,83,84,84,84,85,86,86,87,87,88,88,89,89,89,90,90,91,91,91,92,92,92,92,93,94,95,95,95,96,96,97,98,98,98,98],"relic_stats":{"counters":[20,99],"Eternal Feather":63,"Letter Opener":[50],"Question Card":23,"MawBank":84,"Burning Blood":114,"WarpedTongs":[1],"Peace Pipe":0,"FaceOfCleric":18,"Mummified Hand":[2],"Champion Belt":[8],"obtain_stats":[{"Replay:PocketPolymizer":36,"Vajra":36,"Eternal Feather":6,"King of Hearts":29,"Replay:Ancient Bell":36,"Letter Opener":26,"Ring of Greed":33,"Question Card":2,"Ancient Tea Set":28,"MawBank":33,"Burning Blood":0,"WarpedTongs":39,"Peace Pipe":31,"SlaversCollar":17,"Anchor":19,"FaceOfCleric":3,"Mummified Hand":36,"MutagenicStrength":20,"ReplayTheSpireMod:Ring of Collecting":33,"Toolbox":29,"Champion Belt":15,"Replay:Wax Seal":33,"Mirror":8,"Meat on the Bone":12},{"Replay:PocketPolymizer":17,"Vajra":17,"Eternal Feather":4,"King of Hearts":13,"Replay:Ancient Bell":17,"Letter Opener":13,"Ring of Greed":16,"Question Card":1,"Ancient Tea Set":13,"MawBank":16,"Burning Blood":0,"WarpedTongs":19,"Peace Pipe":15,"SlaversCollar":9,"Anchor":10,"FaceOfCleric":1,"Mummified Hand":17,"MutagenicStrength":10,"ReplayTheSpireMod:Ring of Collecting":16,"Toolbox":13,"Champion Belt":8,"Replay:Wax Seal":16,"Mirror":5,"Meat on the Bone":7},{"Replay:PocketPolymizer":87,"Vajra":87,"Eternal Feather":15,"King of Hearts":66,"Replay:Ancient Bell":87,"Letter Opener":66,"Ring of Greed":81,"Question Card":3,"Ancient Tea Set":66,"MawBank":81,"Burning Blood":0,"WarpedTongs":95,"Peace Pipe":76,"SlaversCollar":45,"Anchor":52,"FaceOfCleric":3,"Mummified Hand":87,"MutagenicStrength":52,"ReplayTheSpireMod:Ring of Collecting":81,"Toolbox":66,"Champion Belt":34,"Replay:Wax Seal":81,"Mirror":20,"Meat on the Bone":29}],"Meat on the Bone":96},"card_choices":[{"not_picked":["Whirlwind","Thunderclap"],"picked":"Clash","floor":1.0},{"not_picked":["Run Through","Shockwave","Clothesline"],"picked":"Iron Wave","floor":4.0},{"not_picked":["Clash","Pommel Strike","Twin Strike"],"picked":"Massacre","floor":5.0},{"not_picked":["Armaments","Second Wind","Searing Blow"],"picked":"True Grit","floor":6.0},{"not_picked":["Warcry","Heavy Blade","Run Through"],"picked":"Dual Wield","floor":8.0},{"not_picked":["Dropkick","Wild Strike","Searing Blow","Havoc"],"picked":"SKIP","floor":11.0},{"not_picked":["Twin Strike","Wild Strike","Whirlwind"],"picked":"Pummel","floor":12.0},{"not_picked":["Wild Strike","Pommel Strike","Replay:Many Hands"],"picked":"Armaments","floor":14.0},{"not_picked":["Juggernaut","Corruption","Exhume"],"picked":"Eclipse","floor":16.0},{"not_picked":["Reckless Charge","Body Slam","Thunderclap"],"picked":"Heavy Blade","floor":18.0},{"not_picked":["Shrug It Off","Intimidate","Dark Embrace+1"],"picked":"Sword Boomerang","floor":21.0},{"not_picked":["Clothesline+1","Entrench","ReplayReversal"],"picked":"Sever Soul+1","floor":23},{"not_picked":["Ghostly Armor","Armaments","Anger"],"picked":"Bloodletting+1","floor":26},{"not_picked":["Body Slam","Shrug It Off","Clothesline"],"picked":"Anger","floor":30},{"not_picked":["Disarm+1","Juggernaut","Carnage"],"picked":"Life Link","floor":31},{"not_picked":["ReplayTheSpireMod:Stacked","Dark Embrace+1","Perfected Strike"],"picked":"Iron Wave","floor":32},{"not_picked":["Berserk","Corruption","Juggernaut"],"picked":"Demon Form","floor":35},{"not_picked":["Replay:Hysterical Blindness","betterMatch:CurseCard","Writhe"],"picked":"Sickly","floor":36},{"not_picked":["Languid","Spreading Infection","ReplayTheSpireMod:Faulty Equipment"],"picked":"CommonCold","floor":36},{"not_picked":["Regret","Normality","Spreading Infection"],"picked":"ReplayTheSpireMod:IOU","floor":36},{"not_picked":["Feel No Pain+1","Replay:Undeath\u0027s Touch+1","Warcry+1"],"picked":"Heavy Blade","floor":37},{"not_picked":["ReplayTheSpireMod:Strike From Hell+1","Uppercut+1","Sword Boomerang"],"picked":"Flex+1","floor":38}],"player_experience":151285,"relics_obtained":[{"floor":6.0,"key":"Eternal Feather"},{"floor":8.0,"key":"Mirror"},{"floor":12.0,"key":"Meat on the Bone"},{"floor":15.0,"key":"Champion Belt"},{"floor":26,"key":"Letter Opener"},{"floor":28,"key":"Ancient Tea Set"},{"floor":31,"key":"Peace Pipe"},{"floor":33,"key":"ReplayTheSpireMod:Ring of Collecting"},{"floor":33,"key":"Ring of Greed"},{"floor":33,"key":"MawBank"},{"floor":33,"key":"Replay:Wax Seal"}],"event_choices":[{"damage_healed":0.0,"max_hp_gain":0.0,"max_hp_loss":0.0,"gold_gain":0.0,"event_name":"FaceTrader","player_choice":"Trade","floor":3.0,"gold_loss":0.0,"damage_taken":0.0,"relics_obtained":["FaceOfCleric"]},{"damage_healed":0.0,"max_hp_gain":0.0,"max_hp_loss":0.0,"gold_gain":0.0,"event_name":"Drug Dealer","player_choice":"Inject Mutagens","floor":20.0,"gold_loss":0.0,"damage_taken":0.0,"relics_obtained":["MutagenicStrength"]},{"damage_healed":0.0,"max_hp_gain":0.0,"max_hp_loss":0.0,"gold_gain":275.0,"event_name":"Golden Shrine","player_choice":"Desecrate","floor":22.0,"gold_loss":0.0,"damage_taken":0.0,"cards_obtained":["Regret"]},{"damage_healed":0,"gold_gain":0,"player_choice":"Rummage","damage_taken":0,"relics_obtained":["WarpedTongs"],"max_hp_gain":0,"max_hp_loss":0,"event_name":"Accursed Blacksmith","floor":39,"gold_loss":0,"cards_obtained":["Pain"]}],"is_beta":false,"boss_relics":[{"not_picked":["Kintsugi","SacredBark"],"picked":"SlaversCollar"},{"not_picked":["Tiny House","Snecko Eye"],"picked":"Replay:Ancient Bell"},{"not_picked":["ReplayTheSpireMod:Lightbulb","Gremlin Food"],"picked":"Vajra"},{"not_picked":["Golden Egg","Blue Candle"],"picked":"Mummified Hand"},{"not_picked":["Replay:Kaleidoscope","Durian"],"picked":"Replay:PocketPolymizer"}],"items_purged_floors":[29],"is_endless":false,"potions_floor_spawned":[4,5,11,16,18,26,32,35,37],"killed_by":"Transient","ascension_level":2}}