{"host":"xu0zbcebhy6w9mdv","time":1609727123,"event":{"mods":["AchievementEnabler","Act Like it!","Aspiration","BaseMod","Better Match","Better Third Choice","BetterRewards","Colored Powertips","Downfall","Duelist Mod","Friendly Minions","Gensokyo","Hallownest","Hubris","Infinite Spire","Marisa????????","Minty Spire (QoL Compilation)","Potionbrewer","Quick Restart","READ ME - Guardian Mod","READ ME - Snecko Mod","Rare Cards Sparkle","Replay The Spire","Shop Mod","StSLib","The Animator","The Blackbeard","The Bug Knight","The Cursed","The Hierophant","The Necromancer","The Runesmith","The Servant 0.9.4"],"gold_per_floor":[140,140,157,173,173,173,202,213,213,236,159,159,159,159],"floor_reached":13,"playtime":865,"items_purged":[],"score":157,"play_id":"dac00df9-111d-497d-bdde-8f6b9eee18b4","local_time":"20210103212523","is_ascension_mode":true,"campfire_choices":[{"floor":6,"key":"REST"}],"circlet_count":0,"master_deck":["theDuelist:AngelTrumpeter","AscendersBane","theDuelist:CactusBouncer","theDuelist:CastleWalls","theDuelist:CastleWalls","theDuelist:DarkworldThorns","theDuelist:Inmato","theDuelist:JerryBeansMan","theDuelist:JerryBeansMan","theDuelist:Sparks","theDuelist:Sparks","theDuelist:RoseWitch","theDuelist:WitchBlackRose+1","theDuelist:BloomingDarkestRose"],"relics":["theDuelist:MillenniumPuzzle","theDuelist:CardPoolRelic","theDuelist:CardPoolBasicRelic","theDuelist:BoosterPackPoolRelic","theDuelist:CardPoolAddRelic","theDuelist:CardPoolMinusRelic","theDuelist:CardPoolSaveRelic","theDuelist:CardPoolOptionsRelic","infinitespire:Freezer","Tingsha","theDuelist:DuelistOrichalcum"],"acts_visited":["Exordium"],"potions_floor_usage":[7,10,13],"damage_taken":[{"damage":8,"enemies":"2 Louse","floor":1,"turns":3},{"damage":3,"enemies":"Cultist","floor":3,"turns":4},{"damage":11,"enemies":"infinitespire:Voidling","floor":4,"turns":4},{"damage":10,"enemies":"Lagavulin","floor":7,"turns":5},{"damage":7,"enemies":"2 Fungi Beasts","floor":8,"turns":3},{"damage":3,"enemies":"3 Louse","floor":10,"turns":4},{"damage":48,"enemies":"Gremlin Nob","floor":13,"turns":4}],"seed_played":"-2498000054745420393","potions_obtained":[{"floor":2,"key":"SneckoOil"},{"floor":2,"key":"theDuelist:SummonArmorPotion"},{"floor":8,"key":"potionbrewer:FireTonic"}],"is_trial":false,"path_per_floor":["M","?","M","M","?","R","E","M","T","M","$","?","E"],"character_chosen":"THE_DUELIST","items_purchased":["theDuelist:BloomingDarkestRose"],"campfire_rested":1,"item_purchase_floors":[11],"current_hp_per_floor":[55,55,52,46,46,67,57,50,50,47,47,39,0,0],"gold":159,"neow_bonus":"","is_daily":false,"chose_seed":false,"campfire_upgraded":0,"win_rate":0.0,"timestamp":1609727123,"path_taken":["M","?","?","?","?","R","E","M","T","M","$","?","E"],"items_purchased_type":["Card"],"build_version":"2020-12-22","purchased_purges":0,"victory":false,"max_hp_per_floor":[70,70,70,70,70,70,70,70,70,70,70,70,70,70],"card_choices":[{"not_picked":["theDuelist:DestroyerGolem","theDuelist:BlackPendant","theDuelist:WingedKuribohLv9","theDuelist:FuryFire","theDuelist:GiantTrapHole"],"picked":"SKIP","floor":1},{"not_picked":["theDuelist:FallenAngelRoses","theDuelist:PredaplantPterapenthes","theDuelist:ThornMalice","theDuelist:WitchBlackRose"],"picked":"theDuelist:RoseWitch","floor":3},{"not_picked":["theDuelist:CactusBouncer","theDuelist:CrystalRose","theDuelist:CopyPlant","theDuelist:MiracleFertilizer"],"picked":"theDuelist:WitchBlackRose","floor":4},{"not_picked":["theDuelist:PowerGiant","theDuelist:FutureFusion","theDuelist:EvilswarmHeliotrope","theDuelist:FuryFire","theDuelist:StrayLambs"],"picked":"SKIP","floor":7},{"not_picked":["theDuelist:LightningRodLord","theDuelist:GiantSoldierSteel","theDuelist:ClearKuriboh","theDuelist:PotDichotomy","theDuelist:DarkCreator"],"picked":"SKIP","floor":8},{"not_picked":["theDuelist:CactusBouncer","theDuelist:JerryBeansMan","theDuelist:BotanicalLion","theDuelist:VenomShot","theDuelist:AngelTrumpeter"],"picked":"SKIP","floor":10}],"player_experience":546979,"relics_obtained":[{"floor":7,"key":"infinitespire:Freezer"},{"floor":9,"key":"Tingsha"}],"event_choices":[{"damage_healed":0,"gold_gain":0,"player_choice":"Got Potions","damage_taken":0,"max_hp_gain":0,"max_hp_loss":0,"event_name":"Lab","floor":2,"gold_loss":0},{"damage_healed":0,"gold_gain":0,"player_choice":"Grow","damage_taken":0,"max_hp_gain":0,"max_hp_loss":0,"event_name":"Living Wall","floor":5,"gold_loss":0,"cards_upgraded":["theDuelist:WitchBlackRose"]},{"damage_healed":0,"gold_gain":0,"player_choice":"Dig - random Duelist relic","duelist":true,"damage_taken":0,"max_hp_gain":0,"max_hp_loss":0,"event_name":"Aknamkanon\u0027s Tomb","floor":12,"gold_loss":0}],"is_beta":false,"boss_relics":[],"items_purged_floors":[],"is_endless":false,"potions_floor_spawned":[3,8],"killed_by":"Gremlin Nob","ascension_level":17}}