{"host":"f1miojwxaupu79sp","time":1609776255,"event":{"mods":["BaseMod","Better Vampires","Minty Spire (QoL Compilation)","Shop Mod"],"gold_per_floor":[114,134,309,328,328,328,347,363,386,445,33,64,87,101,101,101,101],"floor_reached":16,"playtime":1470,"items_purged":["Doubt"],"score":156,"play_id":"47592cd4-9a9e-41c3-a5af-8c393dbc520d","local_time":"20210104110415","is_ascension_mode":true,"campfire_choices":[{"data":"Dash","floor":6,"key":"SMITH"},{"data":"Swift Strike","floor":15,"key":"SMITH"}],"circlet_count":0,"master_deck":["AscendersBane","Strike_G","Strike_G","Strike_G","Strike_G","Defend_G","Defend_G","Defend_G","Defend_G","Defend_G","Survivor","Neutralize","Riddle With Holes","Backstab","Dash+1","Infinite Blades","Venomology","Deflect","Swift Strike+1","Distraction","Backstab"],"relics":["Ring of the Snake","Golden Idol","MawBank","MealTicket","Mummified Hand","Odd Mushroom","Regal Pillow"],"acts_visited":["Exordium"],"potions_floor_usage":[8,8,12,12,16,16,16],"damage_taken":[{"damage":8,"enemies":"Jaw Worm","floor":1,"turns":6},{"damage":0,"enemies":"Small Slimes","floor":2,"turns":4},{"damage":0,"enemies":"2 Louse","floor":4,"turns":2},{"damage":0,"enemies":"Blue Slaver","floor":7,"turns":2},{"damage":5,"enemies":"Exordium Thugs","floor":8,"turns":4},{"damage":0,"enemies":"The Mushroom Lair","floor":12,"turns":4},{"damage":7,"enemies":"Lots of Slimes","floor":14,"turns":6},{"damage":52,"enemies":"Slime Boss","floor":16,"turns":10}],"seed_played":"-216877030592548805","potions_obtained":[{"floor":2,"key":"DistilledChaos"},{"floor":4,"key":"Fire Potion"},{"floor":8,"key":"AttackPotion"}],"is_trial":false,"path_per_floor":["M","M","?","M","?","R","M","M","T","T","$","?","T","M","R","B"],"character_chosen":"THE_SILENT","items_purchased":["Mummified Hand","Swift Strike"],"campfire_rested":0,"item_purchase_floors":[11,11],"current_hp_per_floor":[51,51,51,51,51,51,51,46,46,46,61,61,61,54,54,2,2],"gold":101,"neow_bonus":"TRANSFORM_CARD","is_daily":false,"chose_seed":false,"campfire_upgraded":2,"win_rate":0.0,"timestamp":1609776255,"path_taken":["M","M","?","M","?","R","M","M","T","?","$","?","?","?","R","BOSS"],"items_purchased_type":["Relic","Card"],"build_version":"2020-12-22","purchased_purges":1,"victory":false,"max_hp_per_floor":[66,66,66,66,61,61,61,61,61,61,61,61,61,61,61,61,61],"card_choices":[{"not_picked":["Dagger Throw","Blade Dance"],"picked":"Backstab","floor":1},{"not_picked":["Cloak And Dagger","PiercingWail"],"picked":"Dash","floor":2},{"not_picked":["Expertise","Quick Slash"],"picked":"Infinite Blades","floor":4},{"not_picked":["Outmaneuver","Poisoned Stab"],"picked":"Venomology","floor":7},{"not_picked":["Cloak And Dagger","Bane"],"picked":"Deflect","floor":8},{"not_picked":["Dash","Poisoned Stab"],"picked":"Distraction","floor":12},{"not_picked":["Prepared","Flying Knee"],"picked":"Backstab","floor":14}],"player_experience":1011600,"relics_obtained":[{"floor":9,"key":"MawBank"},{"floor":10,"key":"MealTicket"},{"floor":12,"key":"Odd Mushroom"},{"floor":13,"key":"Regal Pillow"}],"event_choices":[{"damage_healed":0,"gold_gain":175,"player_choice":"AGREE","damage_taken":0,"max_hp_gain":0,"max_hp_loss":0,"event_name":"Liars Game","floor":3,"gold_loss":0,"cards_obtained":["Doubt"]},{"damage_healed":0,"gold_gain":0,"player_choice":"Lose Max HP","damage_taken":0,"relics_obtained":["Golden Idol"],"max_hp_gain":0,"max_hp_loss":5,"event_name":"Golden Idol","floor":5,"gold_loss":0},{"damage_healed":0,"gold_gain":0,"player_choice":"Fought Mushrooms","damage_taken":0,"max_hp_gain":0,"max_hp_loss":0,"event_name":"Mushrooms","floor":12,"gold_loss":0}],"is_beta":false,"boss_relics":[],"items_purged_floors":[11],"is_endless":false,"potions_floor_spawned":[2,4,8,14],"killed_by":"Slime Boss","ascension_level":14}}