{"host":"qm4rv4rkpk76sbxu","time":1609772153,"event":{"mods":["BaseMod","Bestiary","Block Reminder","Filter the Spire","Keyboard Shortcuts","Minty Spire (QoL Compilation)","MonsterHotkey","Potion Indicator Mod","Quick Restart","Relic Stats","Slay-I","StSLib","ojb\u0027s Better Paths Mod"],"gold_per_floor":[113,125,125,125,136,163,163,175,200,200,200,232,232,245,245,323,323,334,334,347,297,309,309,328,328,328],"floor_reached":25,"playtime":1090,"items_purged":[],"score":426,"play_id":"3697e452-a5a0-4ab8-9d80-c4b0731c28a8","local_time":"20210104155553","is_ascension_mode":true,"campfire_choices":[{"floor":7.0,"key":"REST"},{"data":"Dagger Spray","floor":10.0,"key":"SMITH"},{"data":"Footwork","floor":13.0,"key":"SMITH"},{"data":"Poisoned Stab","floor":15.0,"key":"SMITH"},{"data":"Phantasmal Killer","floor":23.0,"key":"SMITH"}],"circlet_count":0,"master_deck":["AscendersBane","Strike_G","Strike_G","Strike_G+1","Strike_G","Strike_G","Defend_G","Defend_G","Defend_G","Defend_G","Defend_G","Survivor+1","Neutralize","Leg Sweep","Dagger Spray+1","Masterful Stab","Poisoned Stab+1","Footwork+1","Phantasmal Killer+1","Cloak And Dagger","All Out Attack","Acrobatics","Accuracy","Calculated Gamble"],"relics":["Ring of the Snake","Omamori","Ancient Tea Set","Strawberry","Centennial Puzzle","HoveringKite"],"acts_visited":["Exordium","TheCity"],"potions_floor_usage":[],"damage_taken":[{"damage":1.0,"enemies":"Jaw Worm","floor":1.0,"turns":3.0},{"damage":2.0,"enemies":"Small Slimes","floor":2.0,"turns":3.0},{"damage":4.0,"enemies":"Cultist","floor":5.0,"turns":7.0},{"damage":52.0,"enemies":"Gremlin Nob","floor":6.0,"turns":6.0},{"damage":0.0,"enemies":"Looter","floor":8.0,"turns":2.0},{"damage":12.0,"enemies":"3 Sentries","floor":12.0,"turns":7.0},{"damage":0.0,"enemies":"Exordium Thugs","floor":14.0,"turns":4.0},{"damage":23.0,"enemies":"The Guardian","floor":16.0,"turns":15.0},{"damage":14.0,"enemies":"Shell Parasite","floor":18.0,"turns":6.0},{"damage":9.0,"enemies":"2 Thieves","floor":20.0,"turns":4.0},{"damage":26.0,"enemies":"Cultist and Chosen","floor":22.0,"turns":5.0},{"damage":4.0,"enemies":"Centurion and Healer","floor":24.0,"turns":9.0},{"damage":20,"enemies":"Book of Stabbing","floor":25,"turns":5}],"seed_played":"-1539946376062926628","potions_obtained":[{"floor":0.0,"key":"ColorlessPotion"},{"floor":0.0,"key":"SkillPotion"},{"floor":0.0,"key":"EssenceOfSteel"},{"floor":6.0,"key":"AttackPotion"},{"floor":14.0,"key":"Poison Potion"},{"floor":16.0,"key":"AttackPotion"},{"floor":18.0,"key":"Weak Potion"},{"floor":20.0,"key":"Regen Potion"}],"is_trial":false,"path_per_floor":["M","M","?","?","M","E","R","M","T","R","?","E","R","M","R","B",null,"M","?","M","?","M","R","M","E"],"character_chosen":"THE_SILENT","items_purchased":[],"campfire_rested":1,"item_purchase_floors":[],"current_hp_per_floor":[58,56,36,66,62,10,29,29,29,29,36,24,24,24,24,1,55,41,41,32,32,21,21,17,0,0],"gold":328,"neow_bonus":"THREE_SMALL_POTIONS","is_daily":false,"chose_seed":false,"campfire_upgraded":4,"win_rate":0.0,"timestamp":1609772153,"path_taken":["M","M","?","?","M","E","R","?","T","R","?","E","R","M","R","BOSS","M","?","M","?","M","R","M","E"],"items_purchased_type":[],"build_version":"2020-12-22","purchased_purges":0,"victory":false,"max_hp_per_floor":[66,66,66,66,66,66,66,66,66,66,73,73,73,73,73,73,73,73,73,73,73,73,73,73,73,73],"relic_stats":{"Centennial Puzzle":[18],"counters":[13,76],"HoveringKite":[16],"obtain_stats":[{"Centennial Puzzle":12,"Strawberry":11,"HoveringKite":17,"Omamori":6,"Ancient Tea Set":9,"Ring of the Snake":0},{"Centennial Puzzle":6,"Strawberry":5,"HoveringKite":8,"Omamori":4,"Ancient Tea Set":5,"Ring of the Snake":0},{"Centennial Puzzle":28,"Strawberry":21,"HoveringKite":47,"Omamori":19,"Ancient Tea Set":21,"Ring of the Snake":0}],"Ring of the Snake":[26]},"card_choices":[{"not_picked":["Calculated Gamble","Outmaneuver"],"picked":"Flechettes","floor":1.0},{"not_picked":["Blade Dance","Endless Agony"],"picked":"Leg Sweep","floor":2.0},{"not_picked":["Masterful Stab","Sucker Punch"],"picked":"Dagger Spray","floor":5.0},{"not_picked":["Accuracy","Bullet Time"],"picked":"Masterful Stab","floor":6.0},{"not_picked":["Distraction","Blade Dance"],"picked":"Poisoned Stab","floor":8.0},{"not_picked":["Reflex","Dagger Spray"],"picked":"Footwork","floor":12.0},{"not_picked":["Slice","Masterful Stab","Dagger Spray"],"picked":"SKIP","floor":14.0},{"not_picked":["Glass Knife","Doppelganger"],"picked":"Phantasmal Killer","floor":16.0},{"not_picked":["Poisoned Stab+1","Deadly Poison+1"],"picked":"Cloak And Dagger","floor":18.0},{"not_picked":["Eviscerate","Storm of Steel"],"picked":"Acrobatics","floor":20.0},{"not_picked":["Masterful Stab","Deadly Poison"],"picked":"Accuracy","floor":22.0},{"not_picked":["Deflect","Quick Slash"],"picked":"Calculated Gamble","floor":24.0}],"player_experience":1208266,"relics_obtained":[{"floor":6.0,"key":"Omamori"},{"floor":9.0,"key":"Ancient Tea Set"},{"floor":11.0,"key":"Strawberry"},{"floor":12.0,"key":"Centennial Puzzle"}],"event_choices":[{"damage_healed":0.0,"max_hp_gain":0.0,"max_hp_loss":0.0,"gold_gain":0.0,"event_name":"Shining Light","player_choice":"Entered Light","floor":3.0,"gold_loss":0.0,"damage_taken":20.0,"cards_upgraded":["Survivor","Strike_G"]},{"cards_removed":["Flechettes"],"damage_healed":30.0,"max_hp_gain":0.0,"max_hp_loss":0.0,"gold_gain":0.0,"event_name":"Bonfire Elementals","player_choice":"Offered Uncommon","floor":4.0,"gold_loss":0.0,"damage_taken":0.0},{"damage_healed":0.0,"max_hp_gain":0.0,"max_hp_loss":0.0,"gold_gain":0.0,"event_name":"Wheel of Change","player_choice":"Relic","floor":11.0,"gold_loss":0.0,"damage_taken":0.0},{"damage_healed":0.0,"max_hp_gain":0.0,"max_hp_loss":0.0,"gold_gain":0.0,"event_name":"The Library","player_choice":"Read","floor":19.0,"gold_loss":0.0,"damage_taken":0.0,"cards_obtained":["All Out Attack"]},{"damage_healed":0.0,"max_hp_gain":0.0,"max_hp_loss":0.0,"gold_gain":0.0,"event_name":"The Joust","player_choice":"Bet on Murderer","floor":21.0,"gold_loss":50.0,"damage_taken":0.0}],"is_beta":false,"boss_relics":[{"not_picked":["Astrolabe","Tiny House"],"picked":"HoveringKite"}],"items_purged_floors":[],"is_endless":false,"potions_floor_spawned":[1,6,14,16,18,20],"killed_by":"Book of Stabbing","ascension_level":20}}