{"host":"es89jqq87guwhc1m","time":1609760660,"event":{"mods":["BaseMod","Colored Map","DeckTracker","Lobotomy","Minty Spire (QoL Compilation)","StSLib","SuperFastMode"],"gold_per_floor":[113,12,28,46,56,56,72,72,72,72,83,108,108,123,123,223,223,241,340,340,340],"floor_reached":20,"playtime":1580,"items_purged":[],"score":176,"play_id":"3dad1e0f-6dcb-4976-9c19-1e66219faf11","local_time":"20210104204420","is_ascension_mode":false,"campfire_choices":[{"data":"Body Slam","floor":6.0,"key":"SMITH"},{"data":"Body Slam","floor":8.0,"key":"SMITH"},{"data":"Armaments","floor":15.0,"key":"SMITH"}],"circlet_count":0,"master_deck":["Strike_R","Strike_R","Strike_R","Strike_R","Strike_R","Defend_R","Defend_R","Defend_R","Defend_R","Bash","ShyLook","Body Slam+1","OldLady","Anger","Body Slam+1","QueenOfHatred","MHz","Shrug It Off","Rudolta","Armaments+1","Variant","VoidDream","Burning Pact","Yin","Impervious","True Grit"],"relics":["Burning Blood","CogitoBucket","Art of War","Juzu Bracelet","ResearcherNote","Gremlin Horn","Sozu"],"acts_visited":["Exordium","TheCity"],"potions_floor_usage":[20],"damage_taken":[{"damage":5.0,"enemies":"Cultist","floor":1.0,"turns":4.0},{"damage":5.0,"enemies":"Small Slimes","floor":3.0,"turns":4.0},{"damage":6.0,"enemies":"Jaw Worm","floor":4.0,"turns":3.0},{"damage":8.0,"enemies":"Lots of Slimes","floor":5.0,"turns":4.0},{"damage":1.0,"enemies":"3 Louse","floor":7.0,"turns":4.0},{"damage":15.0,"enemies":"Looter","floor":11.0,"turns":7.0},{"damage":31.0,"enemies":"3 Sentries","floor":12.0,"turns":7.0},{"damage":46.0,"enemies":"Large Slime","floor":14.0,"turns":8.0},{"damage":18.0,"enemies":"The Guardian","floor":16.0,"turns":19.0},{"damage":5.0,"enemies":"Chosen","floor":18.0,"turns":5.0},{"damage":0,"enemies":"3 Byrds","floor":20,"turns":3}],"seed_played":"-5996371646163183925","potions_obtained":[{"floor":3.0,"key":"CultistPotion"},{"floor":4.0,"key":"AttackPotion"},{"floor":14.0,"key":"HeartOfIron"}],"is_trial":false,"path_per_floor":["M","?","M","M","M","R","M","R","T","?","M","E","?","M","R","B",null,"M","?","M"],"character_chosen":"IRONCLAD","items_purchased":[],"campfire_rested":0,"item_purchase_floors":[],"current_hp_per_floor":[80,80,80,80,78,78,80,80,80,80,80,58,51,20,20,17,80,80,80,0,0],"gold":340,"neow_bonus":"","is_daily":false,"chose_seed":false,"campfire_upgraded":3,"win_rate":0.0,"timestamp":1609760660,"path_taken":["M","?","?","M","M","R","M","R","T","?","M","E","?","M","R","BOSS","M","?","M"],"items_purchased_type":[],"build_version":"2020-12-22","purchased_purges":0,"victory":false,"max_hp_per_floor":[80,80,80,80,80,80,80,80,80,80,80,80,80,80,80,80,80,80,80,80,80],"card_choices":[{"not_picked":["WallGazer","RedShoes"],"picked":"ShyLook","floor":1.0},{"not_picked":["Cleave","Clash"],"picked":"Body Slam","floor":1.0},{"not_picked":["Funeral","SpiderBud"],"picked":"OldLady","floor":3.0},{"not_picked":["Pummel","Warcry"],"picked":"Anger","floor":3.0},{"not_picked":["Murderer","SpiderBud"],"picked":"LittlePrince","floor":4.0},{"not_picked":["Flex","Sentinel"],"picked":"Body Slam","floor":4.0},{"not_picked":["CherryBlossoms","UniverseFragment"],"picked":"QueenOfHatred","floor":5.0},{"not_picked":["Clash","Warcry","Flex"],"picked":"SKIP","floor":5.0},{"not_picked":["UniverseFragment","Wellcheers"],"picked":"MHz","floor":7.0},{"not_picked":["Clash","Sword Boomerang"],"picked":"Shrug It Off","floor":7.0},{"not_picked":["Bloodbath","DespairKnight"],"picked":"Rudolta","floor":11.0},{"not_picked":["Intimidate","Thunderclap"],"picked":"Armaments","floor":11.0},{"not_picked":["CrumblingArmor","BeautyBeast"],"picked":"Variant","floor":12.0},{"not_picked":["Whirlwind","Intimidate","Combust"],"picked":"SKIP","floor":12.0},{"not_picked":["WallGazer","PunishingBird"],"picked":"VoidDream","floor":14.0},{"not_picked":["Seeing Red","Exhume"],"picked":"Burning Pact","floor":14.0},{"not_picked":["LongBird","RedShoes"],"picked":"Yin","floor":16.0},{"not_picked":["Brutality","Berserk"],"picked":"Impervious","floor":16.0},{"not_picked":["Rupture+1","Clash"],"picked":"True Grit","floor":18.0}],"player_experience":1609937,"relics_obtained":[{"floor":9.0,"key":"Juzu Bracelet"},{"floor":12.0,"key":"Gremlin Horn"}],"event_choices":[{"damage_healed":0.0,"max_hp_gain":0.0,"max_hp_loss":0.0,"gold_gain":0.0,"event_name":"WeMeetAgain","player_choice":"Paid Gold","floor":2.0,"gold_loss":101.0,"damage_taken":0.0,"relics_obtained":["Art of War"]},{"damage_healed":0.0,"max_hp_gain":0.0,"max_hp_loss":0.0,"gold_gain":0.0,"event_name":"Liars Game","player_choice":"Ignored","floor":10.0,"gold_loss":0.0,"damage_taken":0.0},{"cards_removed":["LittlePrince"],"damage_healed":0.0,"max_hp_gain":0.0,"max_hp_loss":0.0,"gold_gain":0.0,"event_name":"Golden Wing","player_choice":"Card Removal","floor":13.0,"gold_loss":0.0,"damage_taken":7.0},{"damage_healed":0.0,"max_hp_gain":0.0,"max_hp_loss":0.0,"gold_gain":99.0,"event_name":"Nest","player_choice":"Stole From Cult","floor":19.0,"gold_loss":0.0,"damage_taken":0.0}],"is_beta":false,"boss_relics":[{"not_picked":["Tiny House","Busted Crown"],"picked":"Sozu"}],"items_purged_floors":[],"is_endless":false,"potions_floor_spawned":[3,4,14,18],"killed_by":"3 Byrds","ascension_level":0}}