{"host":"8i4doyxqctgl5qb0","time":1609778700,"event":{"mods":["AchievementEnabler","BaseMod","Block Reminder","Colored Powertips","Downfall","Marisa£®ÏF”Í°°ƒß¿Ì…≥£©","Minty Spire (QoL Compilation)","Permanent Neow","Potion Indicator Mod","Rare Cards Sparkle","StSLib","SuperFastMode"],"gold_per_floor":[118,118,118,128,146,171,171,201,201,201,214,214,290,305,305,400,400,371,421,13,32,82,114,114,126,152,184,199,199,96,246,246,341,341,351,401,504,520,620,645,658,658,658,658,687,687,6,82,82,82],"floor_reached":51,"playtime":1968,"items_purged":["Pain","Strike_B"],"score":1164,"play_id":"a919ad4b-5641-4873-be95-45c28745ed40","local_time":"20210105004500","is_ascension_mode":true,"campfire_choices":[{"floor":7.0,"key":"REST"},{"data":"Defragment","floor":10.0,"key":"SMITH"},{"floor":15.0,"key":"REST"},{"floor":24.0,"key":"REST"},{"floor":29.0,"key":"REST"},{"floor":32.0,"key":"REST"},{"floor":42.0,"key":"REST"},{"data":"Conserve Battery","floor":44.0,"key":"SMITH"},{"floor":46,"key":"REST"},{"floor":49,"key":"REST"}],"circlet_count":0,"master_deck":["Strike_B","Strike_B+1","Strike_B","Defend_B","Defend_B","Defend_B","Defend_B","Zap","Dualcast","Static Discharge","Redo","Coolheaded","Capacitor","Defragment+1","Gash+1","Glacier","Steam","Sweeping Beam","Auto Shields","Go for the Eyes+1","Defragment+1","Biased Cognition+1","Turbo","Static Discharge+1","Rebound+1","Electrodynamics+1","Rebound+1","Biased Cognition+1","Conserve Battery+1","Static Discharge+1","Leap+1","Heatsinks+1","Capacitor+1","Aggregate+1","Magnetism+1","Conserve Battery","expansioncontent:DefensiveMode+1","Static Discharge+1"],"relics":["Cracked Core","NeowsBlessing","Mummified Hand","WarpedTongs","Juzu Bracelet","Art of War","Frozen Egg 2","SsserpentHead","Odd Mushroom","Inserter","Gremlin Horn","Tiny Chest","PreservedInsect","Thread and Needle","Calipers","Symbiotic Virus","Philosopher\u0027s Stone","Bag of Preparation","Gambling Chip","Matryoshka","Sundial","Vajra","Bronze Scales","ClockworkSouvenir","Lantern","Whetstone"],"acts_visited":["Exordium","TheCity","TheBeyond"],"potions_floor_usage":[50],"damage_taken":[{"damage":0.0,"enemies":"Small Slimes","floor":1.0,"turns":1.0},{"damage":0.0,"enemies":"Cultist","floor":4.0,"turns":1.0},{"damage":0.0,"enemies":"Jaw Worm","floor":5.0,"turns":1.0},{"damage":24.0,"enemies":"Lagavulin","floor":6.0,"turns":7.0},{"damage":19.0,"enemies":"3 Sentries","floor":8.0,"turns":6.0},{"damage":9.0,"enemies":"Gremlin Gang","floor":11.0,"turns":5.0},{"damage":20.0,"enemies":"The Mushroom Lair","floor":13.0,"turns":4.0},{"damage":4.0,"enemies":"Large Slime","floor":14.0,"turns":4.0},{"damage":23.0,"enemies":"Slime Boss","floor":16.0,"turns":9.0},{"damage":19.0,"enemies":"2 Thieves","floor":18.0,"turns":5.0},{"damage":16.0,"enemies":"3 Byrds","floor":21.0,"turns":4.0},{"damage":45.0,"enemies":"Gremlin Leader","floor":23.0,"turns":6.0},{"damage":6.0,"enemies":"Snake Plant","floor":25.0,"turns":3.0},{"damage":20.0,"enemies":"Book of Stabbing","floor":27.0,"turns":4.0},{"damage":2.0,"enemies":"Sentry and Sphere","floor":28.0,"turns":6.0},{"damage":18.0,"enemies":"Colosseum Slavers","floor":31.0,"turns":2.0},{"damage":18.0,"enemies":"Colosseum Nobs","floor":31.0,"turns":3.0},{"damage":0.0,"enemies":"Automaton","floor":33.0,"turns":8.0},{"damage":42.0,"enemies":"3 Darklings","floor":35.0,"turns":5.0},{"damage":6.0,"enemies":"3 Shapes","floor":38.0,"turns":4.0},{"damage":0.0,"enemies":"Mind Bloom Boss Battle","floor":39.0,"turns":5.0},{"damage":1.0,"enemies":"Giant Head","floor":40.0,"turns":8.0},{"damage":0.0,"enemies":"Sphere and 2 Shapes","floor":41.0,"turns":2.0},{"damage":25,"enemies":"Nemesis","floor":45,"turns":5},{"damage":0,"enemies":"Awakened One","floor":50,"turns":7}],"seed_played":"2949502671960949561","potions_obtained":[{"floor":5.0,"key":"Fire Potion"},{"floor":6.0,"key":"SteroidPotion"},{"floor":13.0,"key":"AttackPotion"},{"floor":14.0,"key":"Fire Potion"},{"floor":16.0,"key":"DuplicationPotion"},{"floor":21.0,"key":"Strength Potion"},{"floor":28.0,"key":"BlessingOfTheForge"},{"floor":31.0,"key":"Strength Potion"},{"floor":36.0,"key":"hexamod:EctoCoolerPotion"},{"floor":36.0,"key":"DistilledChaos"},{"floor":36.0,"key":"Slimebound:ThreeZeroPotion"},{"floor":40.0,"key":"ColorlessPotion"}],"is_trial":false,"path_per_floor":["M","?","?","M","M","E","R","E","T","R","M","?","?","M","R","B",null,"M","?","$","M","?","E","R","M","T","E","M","R","$","?","R","B",null,"M","?","T","M","?","E","M","R","T","R","E","R","$","T","R","B",null],"character_chosen":"DEFECT","items_purchased":["Gremlin Horn","Auto Shields","Electrodynamics+1","Magnetism+1","Conserve Battery","expansioncontent:DefensiveMode+1","Static Discharge+1","ClockworkSouvenir"],"campfire_rested":8,"item_purchase_floors":[20,20,30,47,47,47,47,47],"current_hp_per_floor":[75,68,68,68,68,44,66,47,47,47,38,38,18,14,36,13,75,56,85,85,69,69,24,49,43,43,23,21,46,46,10,35,35,85,43,43,43,37,37,36,36,61,61,61,36,61,61,61,85,85],"gold":82,"neow_bonus":"THREE_ENEMY_KILL","is_daily":false,"chose_seed":false,"campfire_upgraded":2,"win_rate":0.0,"timestamp":1609778700,"path_taken":["M","?","?","M","?","E","R","E","T","R","M","?","?","M","R","BOSS","M","?","$","M","?","E","R","M","T","E","M","R","?","?","R","BOSS","M","?","?","M","?","E","M","R","T","R","E","R","$","?","R","BOSS"],"items_purchased_type":["Relic","Card","Card","Card","Card","Card","Card","Relic"],"build_version":"2020-12-22","purchased_purges":2,"victory":true,"max_hp_per_floor":[75,75,75,75,75,75,75,75,75,75,75,75,75,75,75,75,75,75,85,85,85,85,85,85,85,85,85,85,85,85,85,85,85,85,85,85,85,85,85,85,85,85,85,85,85,85,85,85,85,85],"card_choices":[{"not_picked":["Stack","Hologram"],"picked":"Static Discharge","floor":1.0},{"not_picked":["Compile Driver","Aggregate"],"picked":"Redo","floor":4.0},{"not_picked":["Consume","FTL"],"picked":"Coolheaded","floor":5.0},{"not_picked":["Cold Snap","Melter"],"picked":"Capacitor","floor":6.0},{"not_picked":["Genetic Algorithm","Turbo"],"picked":"Defragment","floor":8.0},{"not_picked":["Blizzard","Stack"],"picked":"Gash","floor":11.0},{"not_picked":["FTL","Steam"],"picked":"Glacier","floor":13.0},{"not_picked":["Turbo","Beam Cell"],"picked":"Steam","floor":14.0},{"not_picked":["Thunder Strike","All For One"],"picked":"Seek","floor":16.0},{"not_picked":["Fusion","Stack+1"],"picked":"Sweeping Beam","floor":18.0},{"not_picked":["Lockon","Coolheaded"],"picked":"Go for the Eyes+1","floor":21.0},{"not_picked":["Go for the Eyes","Coolheaded+1"],"picked":"Biased Cognition+1","floor":23.0},{"not_picked":["Stack","Go for the Eyes"],"picked":"Turbo","floor":25.0},{"not_picked":["Streamline","Auto Shields"],"picked":"Static Discharge+1","floor":27.0},{"not_picked":["Sweeping Beam","Leap"],"picked":"Rebound+1","floor":28.0},{"not_picked":["Coolheaded","Cold Snap"],"picked":"Rebound+1","floor":31.0},{"not_picked":["Fission","Reboot"],"picked":"Biased Cognition+1","floor":33.0},{"not_picked":["Cold Snap+1","Blizzard+1"],"picked":"Conserve Battery","floor":35.0},{"not_picked":["Tempest","Streamline+1"],"picked":"Static Discharge+1","floor":38.0},{"not_picked":["Sweeping Beam","Skim+1"],"picked":"Leap+1","floor":39.0},{"not_picked":["BootSequence","Steam+1"],"picked":"Heatsinks+1","floor":40.0},{"not_picked":["Steam","Conserve Battery+1"],"picked":"Capacitor+1","floor":41.0},{"not_picked":["Darkness","Skim"],"picked":"Aggregate+1","floor":45}],"player_experience":67864,"relics_obtained":[{"floor":6.0,"key":"Juzu Bracelet"},{"floor":8.0,"key":"Art of War"},{"floor":9.0,"key":"Frozen Egg 2"},{"floor":13.0,"key":"Odd Mushroom"},{"floor":23.0,"key":"Tiny Chest"},{"floor":26.0,"key":"PreservedInsect"},{"floor":27.0,"key":"Thread and Needle"},{"floor":31.0,"key":"Calipers"},{"floor":31.0,"key":"Symbiotic Virus"},{"floor":37.0,"key":"Bag of Preparation"},{"floor":39.0,"key":"Gambling Chip"},{"floor":40.0,"key":"Matryoshka"},{"floor":43.0,"key":"Sundial"},{"floor":43.0,"key":"Vajra"},{"floor":45,"key":"Bronze Scales"},{"floor":48,"key":"Lantern"},{"floor":48,"key":"Whetstone"}],"event_choices":[{"damage_healed":0.0,"max_hp_gain":0.0,"max_hp_loss":0.0,"gold_gain":0.0,"event_name":"Scrap Ooze","player_choice":"Success","floor":2.0,"gold_loss":0.0,"damage_taken":7.0,"relics_obtained":["Mummified Hand"]},{"damage_healed":0.0,"max_hp_gain":0.0,"max_hp_loss":0.0,"gold_gain":0.0,"event_name":"Accursed Blacksmith","player_choice":"Rummage","floor":3.0,"gold_loss":0.0,"damage_taken":0.0,"relics_obtained":["WarpedTongs"],"cards_obtained":["Pain"]},{"damage_healed":0.0,"max_hp_gain":0.0,"max_hp_loss":0.0,"gold_gain":0.0,"event_name":"FaceTrader","player_choice":"Trade","floor":12.0,"gold_loss":0.0,"damage_taken":0.0,"relics_obtained":["SsserpentHead"]},{"damage_healed":0.0,"max_hp_gain":0.0,"max_hp_loss":0.0,"gold_gain":0.0,"event_name":"Mushrooms","player_choice":"Fought Mushrooms","floor":13.0,"gold_loss":0.0,"damage_taken":0.0},{"cards_removed":["Seek"],"damage_healed":19.0,"max_hp_gain":10.0,"max_hp_loss":0.0,"gold_gain":0.0,"event_name":"Bonfire Elementals","player_choice":"Offered Rare","floor":19.0,"gold_loss":0.0,"damage_taken":0.0},{"damage_healed":0.0,"max_hp_gain":0.0,"max_hp_loss":0.0,"gold_gain":0.0,"event_name":"Duplicator","player_choice":"Copied","floor":22.0,"gold_loss":0.0,"damage_taken":0.0,"cards_obtained":["Defragment"]},{"damage_healed":0.0,"max_hp_gain":0.0,"max_hp_loss":0.0,"gold_gain":0.0,"event_name":"Colosseum","player_choice":"Fight","floor":31.0,"gold_loss":0.0,"damage_taken":0.0},{"damage_healed":0.0,"max_hp_gain":0.0,"max_hp_loss":0.0,"gold_gain":0.0,"event_name":"Colosseum","player_choice":"Fought Nobs","floor":31.0,"gold_loss":0.0,"damage_taken":0.0},{"damage_healed":0.0,"max_hp_gain":0.0,"max_hp_loss":0.0,"gold_gain":0.0,"event_name":"Lab","player_choice":"Got Potions","floor":36.0,"gold_loss":0.0,"damage_taken":0.0},{"damage_healed":0.0,"max_hp_gain":0.0,"max_hp_loss":0.0,"gold_gain":0.0,"event_name":"MindBloom","player_choice":"Fight","floor":39.0,"gold_loss":0.0,"damage_taken":0.0}],"is_beta":false,"boss_relics":[{"not_picked":["Pandora\u0027s Box","SlaversCollar"],"picked":"Inserter"},{"not_picked":["Sozu","Runic Dome"],"picked":"Philosopher\u0027s Stone"}],"items_purged_floors":[20,47],"is_endless":false,"potions_floor_spawned":[5,6,13,14,16,21,28,31,38,40,41],"ascension_level":4}}