{"host":"a1u4jo6xlg3w0wsm","time":1609752481,"event":{"mods":["BaseMod","Better Third Choice","DeckTracker","Downfall","Hermit","Hubris","Minty Spire (QoL Compilation)","Replay The Spire","StSLib"],"gold_per_floor":[110,124,138,190,202,202,231,5,60,60,91,108,108,171,171,266,316,327,327,341,165,181,181,195,195,270,270,299,317,317,329,329,426,426,444,464,54,54,54,84,84,84,137,137,137,137],"floor_reached":45,"playtime":2829,"items_purged":["hermit:Defend_Hermit"],"score":570,"play_id":"c8ed5586-6b22-4607-9048-f3df7bcc2bbb","local_time":"20210104222801","is_ascension_mode":true,"campfire_choices":[{"data":"hermit:Determination","floor":6.0,"key":"SMITH"},{"floor":10.0,"key":"REST"},{"floor":13.0,"key":"REST"},{"floor":15.0,"key":"REST"},{"floor":23.0,"key":"REST"},{"floor":25.0,"key":"REST"},{"floor":27.0,"key":"REST"},{"floor":32.0,"key":"REST"},{"data":"hermit:Maintenance","floor":41.0,"key":"SMITH"},{"floor":44.0,"key":"REST"}],"circlet_count":0,"master_deck":["hermit:Strike_Hermit","hermit:Strike_Hermit","hermit:Strike_Hermit","hermit:Strike_Hermit","hermit:Snapshot","hermit:Covet+1","Regret","hermit:FullyLoaded","hermit:EyeOfTheStorm","hermit:CursedWeapon","hermit:Glare","hermit:Coalescence","hermit:Dive","hermit:HeroicBravado","hermit:Desperado","hermit:Showdown+1","hermit:Maintenance+1","hermit:BodyArmor","hermit:FlashPowder","hermit:Quickdraw","hermit:HoleUp","hermit:Desperado+1","hermit:Snipe+1","hermit:FromBeyond+1","ReplayTheSpireMod:IOU","Voices","hermit:Determination+1","hermit:Quickdraw+1","hermit:Deadeye+1","hubris:DuctTapeCard"],"relics":["hermit:Momento","hubris:PeanutButter","Akabeko","Replay:Bottled Flurry","Dream Catcher","Potion Belt","hubris:Zylophone","Tiny House","Golden Egg","ReplayTheSpireMod:Lightbulb","Kintsugi","Lee\u0027s Waffle","Garlic","hubris:Towel","hubris:DuctTape","hubris:Icosahedron","Pen Nib"],"acts_visited":["Exordium","TheCity","TheBeyond"],"potions_floor_usage":[],"damage_taken":[{"damage":0.0,"enemies":"Cultist","floor":1.0,"turns":3.0},{"damage":0.0,"enemies":"2 Louse","floor":2.0,"turns":3.0},{"damage":0.0,"enemies":"Small Slimes","floor":3.0,"turns":4.0},{"damage":2.0,"enemies":"Exordium Wildlife","floor":5.0,"turns":4.0},{"damage":44.0,"enemies":"Lagavulin","floor":7.0,"turns":8.0},{"damage":40.0,"enemies":"3 Sentries","floor":11.0,"turns":13.0},{"damage":5.0,"enemies":"2 Fungi Beasts","floor":12.0,"turns":3.0},{"damage":28.0,"enemies":"Fading Forest","floor":16.0,"turns":11.0},{"damage":36.0,"enemies":"Shell Parasite","floor":18.0,"turns":6.0},{"damage":31.0,"enemies":"2 Thieves","floor":20.0,"turns":4.0},{"damage":6.0,"enemies":"Centurion and Healer","floor":22.0,"turns":6.0},{"damage":25.0,"enemies":"Shelled Parasite and Fungi","floor":24.0,"turns":4.0},{"damage":0.0,"enemies":"Replay:Snechameleon","floor":28.0,"turns":1.0},{"damage":14.0,"enemies":"Snake Plant","floor":29.0,"turns":2.0},{"damage":4.0,"enemies":"Chosen and Byrds","floor":31.0,"turns":4.0},{"damage":91.0,"enemies":"Automaton","floor":33.0,"turns":10.0},{"damage":21.0,"enemies":"Orb Walker","floor":35.0,"turns":4.0},{"damage":32.0,"enemies":"3 Shapes","floor":36.0,"turns":5.0},{"damage":35.0,"enemies":"Giant Head","floor":40.0,"turns":6.0},{"damage":4,"enemies":"Reptomancer","floor":45,"turns":2}],"seed_played":"-6552154092649538517","potions_obtained":[{"floor":1.0,"key":"FairyPotion"},{"floor":2.0,"key":"Guardian:BlockOnCardUsePotion"},{"floor":7.0,"key":"hermit:Eclipse"},{"floor":12.0,"key":"Dexterity Potion"},{"floor":17.0,"key":"Elixir"},{"floor":20.0,"key":"Swift Potion"},{"floor":29.0,"key":"champ:CounterPotion"},{"floor":33.0,"key":"Swift Potion"},{"floor":36.0,"key":"LiquidMemories"}],"is_trial":false,"path_per_floor":["M","M","M","T","M","R","E","$","T","R","E","M","R","?","R","B",null,"M","?","M","$","M","R","M","R","T","R","E","M","?","M","R","B",null,"M","M","$","?","$","E","R","?","T","R","E"],"character_chosen":"HERMIT","items_purchased":["Dream Catcher","hermit:CursedWeapon","hermit:Tonic","hermit:BodyArmor","Lee\u0027s Waffle","Garlic"],"campfire_rested":8,"item_purchase_floors":[8,8,21,21,37,37],"current_hp_per_floor":[75,75,75,75,73,73,29,29,29,51,11,6,28,28,50,30,80,44,44,13,13,7,31,6,30,30,54,54,40,66,62,80,16,80,59,27,87,87,87,52,52,52,52,78,74,74],"gold":137,"neow_bonus":"RANDOM_EVENT","is_daily":false,"chose_seed":false,"campfire_upgraded":2,"win_rate":0.0,"timestamp":1609752481,"path_taken":["M","?","M","?","M","R","E","$","T","R","E","M","R","?","R","BOSS","M","?","M","$","?","R","M","R","T","R","E","M","?","?","R","BOSS","M","M","$","?","$","E","R","?","T","R","E"],"items_purchased_type":["Relic","Card","Potion","Card","Relic","Relic"],"build_version":"2020-12-13","purchased_purges":1,"victory":false,"max_hp_per_floor":[75,75,75,75,75,75,75,75,75,75,75,75,75,75,75,75,80,80,80,80,80,80,80,80,80,80,80,80,80,80,80,80,80,80,80,80,87,87,87,87,87,87,87,87,87,87],"card_choices":[{"not_picked":["hermit:GoldenBullet","hermit:LuckOfTheDraw"],"picked":"hermit:FullyLoaded","floor":1.0},{"not_picked":["hermit:Scavenge","hermit:Feint"],"picked":"hermit:EyeOfTheStorm","floor":2.0},{"not_picked":["hermit:EyeOfTheStorm","hermit:Scavenge"],"picked":"hermit:Glare","floor":3.0},{"not_picked":["hermit:WideOpen","hermit:CalledShot"],"picked":"hermit:Determination","floor":5.0},{"not_picked":["hermit:Manifest","hermit:ItchyTrigger","hermit:Roulette"],"picked":"SKIP","floor":7.0},{"not_picked":["hermit:Misfire","hermit:FatalDesire"],"picked":"hermit:Glare","floor":10.0},{"not_picked":["hermit:LowProfile","hermit:CalledShot"],"picked":"hermit:Coalescence","floor":11.0},{"not_picked":["hermit:Misfire","hermit:HoleUp"],"picked":"hermit:Determination","floor":12.0},{"not_picked":["hermit:WideOpen","hermit:Virtue"],"picked":"hermit:Dive","floor":13.0},{"not_picked":["hermit:Gambit","hermit:BlackWind"],"picked":"hermit:HeroicBravado","floor":16.0},{"not_picked":["hermit:Vantage","hermit:Feint"],"picked":"hermit:Desperado","floor":17.0},{"not_picked":["hermit:HoleUp+1","hermit:TakeAim+1"],"picked":"hermit:Showdown+1","floor":18.0},{"not_picked":["hermit:HighCaliber","hermit:Feint","hermit:CalledShot"],"picked":"SKIP","floor":20.0},{"not_picked":["hermit:GoldenBullet","hermit:Combo+1"],"picked":"hermit:FlashPowder","floor":22.0},{"not_picked":["hermit:Roughhouse","hermit:Snipe"],"picked":"hermit:Quickdraw","floor":23.0},{"not_picked":["hermit:BigShot+1","hermit:GoldenBullet","hermit:LowProfile"],"picked":"SKIP","floor":24.0},{"not_picked":["hermit:Desperado","hermit:HighCaliber"],"picked":"hermit:HoleUp","floor":25.0},{"not_picked":["hermit:Enervate+1","hermit:Brawl+1"],"picked":"hermit:Desperado+1","floor":27.0},{"not_picked":["hermit:Brawl","hermit:NoHoldsBarred+1"],"picked":"hermit:EyeOfTheStorm","floor":28.0},{"not_picked":["hermit:TakeAim","hermit:Feint","hermit:Ricochet"],"picked":"SKIP","floor":29.0},{"not_picked":["hermit:Roughhouse","hermit:Maintenance"],"picked":"hermit:Snipe+1","floor":31.0},{"not_picked":["hermit:Grudge","hermit:Ricochet"],"picked":"hermit:LowProfile","floor":32.0},{"not_picked":["hermit:BlackWind","hermit:Dissolve"],"picked":"hermit:FromBeyond","floor":33.0},{"not_picked":["hermit:TrackingShot+1","hermit:Virtue"],"picked":"hermit:Determination+1","floor":35.0},{"not_picked":["hermit:CalledShot+1","hermit:Coalescence+1"],"picked":"hermit:Quickdraw+1","floor":36.0},{"not_picked":["hermit:ItchyTrigger+1","hermit:Showdown+1","hermit:FlashPowder+1"],"picked":"SKIP","floor":40.0},{"not_picked":["hermit:PistolWhip","hermit:Misfire+1"],"picked":"hermit:Deadeye+1","floor":44.0}],"player_experience":302516,"relics_obtained":[{"floor":4.0,"key":"Akabeko"},{"floor":7.0,"key":"Replay:Bottled Flurry"},{"floor":9.0,"key":"Potion Belt"},{"floor":11.0,"key":"hubris:Zylophone"},{"floor":26.0,"key":"Golden Egg"},{"floor":28.0,"key":"ReplayTheSpireMod:Lightbulb"},{"floor":40.0,"key":"hubris:DuctTape"},{"floor":43.0,"key":"Pen Nib"}],"event_choices":[{"damage_healed":0.0,"max_hp_gain":0.0,"max_hp_loss":0.0,"gold_gain":0.0,"event_name":"Big Fish","player_choice":"Box","floor":0.0,"gold_loss":0.0,"damage_taken":0.0,"relics_obtained":["hubris:PeanutButter"],"cards_obtained":["Regret"]},{"damage_healed":0.0,"max_hp_gain":0.0,"max_hp_loss":0.0,"gold_gain":63.0,"event_name":"Golden Wing","player_choice":"Gained Gold","floor":14.0,"gold_loss":0.0,"damage_taken":0.0},{"damage_healed":0.0,"max_hp_gain":0.0,"max_hp_loss":0.0,"gold_gain":0.0,"cards_transformed":["hermit:Defend_Hermit"],"event_name":"Transmorgrifier","player_choice":"Transformed","floor":19.0,"gold_loss":0.0,"damage_taken":0.0,"cards_obtained":["hermit:Maintenance"]},{"damage_healed":26.0,"max_hp_gain":0.0,"max_hp_loss":0.0,"gold_gain":0.0,"event_name":"The Library","player_choice":"Heal","floor":30.0,"gold_loss":0.0,"damage_taken":0.0}],"is_beta":false,"boss_relics":[{"not_picked":["hubris:RunicObelisk","hubris:GrandSneckoEye"],"picked":"Tiny House"},{"not_picked":["hubris:BlackHole","hermit:DentedPlate"],"picked":"Kintsugi"}],"items_purged_floors":[21],"is_endless":false,"potions_floor_spawned":[1,2,7,12,20,29,33,36],"killed_by":"Reptomancer","ascension_level":3}}