{"host":"1hv1kueuvc4r3rdp","time":1609766702,"event":{"mods":["AchievementEnabler","BaseMod","DeckTracker","Highlight Path","Minty Spire (QoL Compilation)","Permanent Neow","StSLib"],"gold_per_floor":[117,135,40,40,50,50,77,252,252,284,284,17,49,62,62,165,165,184,32,32,32,42,42,74,74,147,147,147],"floor_reached":27,"playtime":1069,"items_purged":["Doubt","Strike_B"],"score":346,"play_id":"52b4389f-9873-43e0-90a4-67f66ed2ed93","local_time":"20210104072502","is_ascension_mode":true,"campfire_choices":[{"data":"Cold Snap","floor":6,"key":"SMITH"},{"floor":11,"key":"REST"},{"floor":15,"key":"REST"},{"floor":23,"key":"REST"},{"floor":25,"key":"REST"}],"circlet_count":0,"master_deck":["Strike_B","Strike_B","Strike_B","Defend_B","Defend_B","Defend_B","Defend_B","Zap+1","Dualcast","Cold Snap+1","Darkness+1","Melter","Conserve Battery","Coolheaded","Compile Driver","Chill","Machine Learning","Turbo","BootSequence"],"relics":["Cracked Core","WingedGreaves","Du-Vu Doll","Question Card","Runic Capacitor","Bag of Marbles","SlaversCollar","Meat on the Bone","Mercury Hourglass"],"acts_visited":["Exordium","TheCity"],"potions_floor_usage":[10,13],"damage_taken":[{"damage":1,"enemies":"Cultist","floor":1,"turns":3},{"damage":2,"enemies":"Jaw Worm","floor":2,"turns":3},{"damage":4,"enemies":"Small Slimes","floor":5,"turns":3},{"damage":21,"enemies":"Lagavulin","floor":7,"turns":4},{"damage":24,"enemies":"3 Sentries","floor":10,"turns":8},{"damage":27,"enemies":"Gremlin Nob","floor":13,"turns":5},{"damage":3,"enemies":"2 Fungi Beasts","floor":14,"turns":2},{"damage":6,"enemies":"The Guardian","floor":16,"turns":9},{"damage":19,"enemies":"Shell Parasite","floor":18,"turns":6},{"damage":0,"enemies":"Spheric Guardian","floor":22,"turns":1},{"damage":50,"enemies":"Book of Stabbing","floor":24,"turns":7},{"damage":37,"enemies":"Slavers","floor":27,"turns":5}],"seed_played":"7801888898062743103","potions_obtained":[{"floor":1,"key":"DuplicationPotion"},{"floor":5,"key":"Block Potion"},{"floor":7,"key":"Fruit Juice"},{"floor":10,"key":"CultistPotion"},{"floor":22,"key":"Ancient Potion"}],"is_trial":false,"path_per_floor":["M","M","$","?","M","R","E","?","T","E","R","$","E","M","R","B",null,"M","$","?","?","M","R","E","R","T","E"],"character_chosen":"DEFECT","items_purchased":["Melter","Conserve Battery","Runic Capacitor","Compile Driver","Turbo"],"campfire_rested":4,"item_purchase_floors":[3,3,12,12,19],"current_hp_per_floor":[67,65,65,65,61,61,40,40,40,21,45,45,18,15,39,33,68,49,49,49,34,34,59,9,34,34,0,0],"gold":147,"neow_bonus":"UPGRADE_CARD","is_daily":false,"chose_seed":false,"campfire_upgraded":1,"win_rate":0.0,"timestamp":1609766702,"path_taken":["M","M","?","?","M","R","E","?","T","E","R","$","E","M","R","BOSS","M","$","?","?","M","R","E","R","T","E"],"items_purchased_type":["Card","Card","Relic","Card","Card"],"build_version":"2020-12-22","purchased_purges":2,"victory":false,"max_hp_per_floor":[75,75,75,75,75,75,75,75,75,80,80,80,80,80,80,80,80,80,80,80,85,85,85,85,85,85,85,85],"card_choices":[{"not_picked":["Gash","Leap"],"picked":"Cold Snap","floor":1},{"not_picked":["Compile Driver","Redo"],"picked":"Darkness","floor":2},{"not_picked":["Rip and Tear","Self Repair","Steam"],"picked":"SKIP","floor":5},{"not_picked":["Beam Cell","Seek"],"picked":"Coolheaded","floor":7},{"not_picked":["Steam","Conserve Battery","Creative AI"],"picked":"SKIP","floor":10},{"not_picked":["Storm","Redo","Leap"],"picked":"Chill","floor":13},{"not_picked":["Coolheaded","Hologram","Beam Cell","Redo"],"picked":"SKIP","floor":14},{"not_picked":["Fission","Hyperbeam","Meteor Strike"],"picked":"Machine Learning","floor":16},{"not_picked":["Storm","Coolheaded+1","Hologram","Sweeping Beam"],"picked":"SKIP","floor":18},{"not_picked":["Compile Driver","Leap","Hologram","Force Field+1"],"picked":"SKIP","floor":22},{"not_picked":["Scrape","Undo+1","Capacitor"],"picked":"BootSequence","floor":24}],"player_experience":1133768,"relics_obtained":[{"floor":7,"key":"WingedGreaves"},{"floor":9,"key":"Du-Vu Doll"},{"floor":10,"key":"Question Card"},{"floor":13,"key":"Bag of Marbles"},{"floor":24,"key":"Meat on the Bone"},{"floor":26,"key":"Mercury Hourglass"}],"event_choices":[{"damage_healed":0,"gold_gain":0,"player_choice":"Grow","damage_taken":0,"max_hp_gain":0,"max_hp_loss":0,"event_name":"Living Wall","floor":4,"gold_loss":0,"cards_upgraded":["Darkness"]},{"damage_healed":0,"gold_gain":175,"player_choice":"AGREE","damage_taken":0,"max_hp_gain":0,"max_hp_loss":0,"event_name":"Liars Game","floor":8,"gold_loss":0,"cards_obtained":["Doubt"]},{"damage_healed":0,"gold_gain":0,"player_choice":"Ignored","damage_taken":0,"max_hp_gain":0,"max_hp_loss":0,"event_name":"Ghosts","floor":20,"gold_loss":0},{"damage_healed":0,"gold_gain":0,"player_choice":"Shed Blood","damage_taken":20,"max_hp_gain":5,"max_hp_loss":0,"event_name":"Forgotten Altar","floor":21,"gold_loss":0}],"is_beta":false,"boss_relics":[{"not_picked":["Ectoplasm","Tiny House"],"picked":"SlaversCollar"}],"items_purged_floors":[12,19],"is_endless":false,"potions_floor_spawned":[1,5,7,10,22],"killed_by":"Slavers","ascension_level":8}}