{"host":"x1qj4d8ympd5jdqh","time":1609744681,"event":{"mods":["AchievementEnabler","AlwaysNeverKeys","BaseMod","Colored Map","Custom Start","DeckTracker","Highlight Path","Minty Spire (QoL Compilation)","StSLib","SuperFastMode"],"gold_per_floor":[115,128,98,115,132,132,162,172,172,172,172,187,221,237,237,312,312,329,329,339,339,209,209,241,261,331,342,342,342,342],"floor_reached":29,"playtime":870,"items_purged":["Bite"],"score":589,"play_id":"fc1055b5-798c-4984-8a79-6bf90b097d0c","local_time":"20210104161801","is_ascension_mode":true,"campfire_choices":[{"data":"Bludgeon","floor":6.0,"key":"SMITH"},{"data":"Armaments","floor":10.0,"key":"SMITH"},{"data":"Bash","floor":15.0,"key":"SMITH"},{"data":"Corruption","floor":23.0,"key":"SMITH"},{"floor":28.0,"key":"REST"}],"circlet_count":0,"master_deck":["AscendersBane","Defend_R+1","Defend_R+1","Defend_R+1","Defend_R+1","Bash+1","Twin Strike","Wild Strike","Bludgeon+1","Armaments+1","Havoc","Shrug It Off","Corruption+1","Disarm","Bite","Bite","Bite","Bite","Body Slam","Dropkick","Sentinel","Feel No Pain"],"relics":["Burning Blood","Gambling Chip","Ice Cream","Pear","MealTicket","Black Star","WingedGreaves","Matryoshka","Juzu Bracelet","Molten Egg 2"],"acts_visited":["Exordium","TheCity"],"potions_floor_usage":[],"damage_taken":[{"damage":2.0,"enemies":"2 Louse","floor":1.0,"turns":5.0},{"damage":1.0,"enemies":"Cultist","floor":2.0,"turns":3.0},{"damage":4.0,"enemies":"Jaw Worm","floor":4.0,"turns":3.0},{"damage":12.0,"enemies":"Exordium Thugs","floor":5.0,"turns":4.0},{"damage":25.0,"enemies":"3 Sentries","floor":7.0,"turns":8.0},{"damage":6.0,"enemies":"Exordium Wildlife","floor":8.0,"turns":3.0},{"damage":13.0,"enemies":"Blue Slaver","floor":12.0,"turns":2.0},{"damage":0.0,"enemies":"Gremlin Nob","floor":13.0,"turns":2.0},{"damage":15.0,"enemies":"Gremlin Gang","floor":14.0,"turns":5.0},{"damage":26.0,"enemies":"Hexaghost","floor":16.0,"turns":9.0},{"damage":37.0,"enemies":"Spheric Guardian","floor":18.0,"turns":6.0},{"damage":26.0,"enemies":"Shell Parasite","floor":20.0,"turns":5.0},{"damage":30.0,"enemies":"Book of Stabbing","floor":24.0,"turns":6.0},{"damage":29.0,"enemies":"3 Cultists","floor":25.0,"turns":6.0},{"damage":14.0,"enemies":"Snake Plant","floor":27.0,"turns":7.0},{"damage":33,"enemies":"Slavers","floor":29,"turns":4}],"seed_played":"1018783404211935043","potions_obtained":[{"floor":3.0,"key":"SneckoOil"},{"floor":3.0,"key":"BlessingOfTheForge"},{"floor":4.0,"key":"CultistPotion"},{"floor":13.0,"key":"AttackPotion"},{"floor":14.0,"key":"BloodPotion"},{"floor":20.0,"key":"Dexterity Potion"},{"floor":24.0,"key":"Ancient Potion"},{"floor":25.0,"key":"CultistPotion"}],"is_trial":false,"path_per_floor":["M","M","?","M","M","R","E","M","T","R","?","M","E","M","R","B",null,"M","?","M","?","$","R","E","M","T","M","R","E"],"character_chosen":"IRONCLAD","items_purchased":["Fire Potion"],"campfire_rested":1,"item_purchase_floors":[22],"current_hp_per_floor":[54,59,59,61,55,55,36,36,46,46,34,27,33,24,24,21,69,38,38,36,36,51,51,37,26,26,26,43,16,16],"gold":342,"neow_bonus":"ONE_RARE_RELIC","is_daily":false,"chose_seed":false,"campfire_upgraded":4,"win_rate":0.0,"timestamp":1609744681,"path_taken":["M","M","?","M","M","R","E","?","T","R","?","M","E","M","R","BOSS","M","?","M","?","?","R","E","M","T","M","R","E"],"items_purchased_type":["Potion"],"build_version":"2020-12-22","purchased_purges":1,"victory":false,"max_hp_per_floor":[75,75,75,75,75,75,75,75,85,85,85,85,85,85,85,85,85,85,59,59,59,59,59,59,59,59,59,59,59,59],"card_choices":[{"not_picked":["Cleave","Heavy Blade"],"picked":"Twin Strike","floor":1.0},{"not_picked":["Rage","Flame Barrier"],"picked":"Wild Strike","floor":2.0},{"not_picked":["Flex","Fire Breathing"],"picked":"Bludgeon","floor":4.0},{"not_picked":["Wild Strike","Iron Wave","Sever Soul"],"picked":"SKIP","floor":5.0},{"not_picked":["Dropkick","Dark Embrace","Thunderclap"],"picked":"SKIP","floor":7.0},{"not_picked":["Pommel Strike","Clash"],"picked":"Armaments","floor":8.0},{"not_picked":["Wild Strike","Twin Strike"],"picked":"Havoc","floor":12.0},{"not_picked":["Sword Boomerang","Flex","Headbutt"],"picked":"SKIP","floor":13.0},{"not_picked":["Brutality","Warcry"],"picked":"Shrug It Off","floor":14.0},{"not_picked":["Bludgeon","Fiend Fire"],"picked":"Corruption","floor":16.0},{"not_picked":["Flex","Heavy Blade"],"picked":"Disarm","floor":18.0},{"not_picked":["Armaments","Wild Strike"],"picked":"Body Slam","floor":20.0},{"not_picked":["Metallicize","Havoc"],"picked":"Dropkick","floor":24.0},{"not_picked":["Infernal Blade","Anger"],"picked":"Sentinel","floor":25.0},{"not_picked":["Bloodletting","Flame Barrier"],"picked":"Feel No Pain","floor":27.0}],"player_experience":1313768,"relics_obtained":[{"floor":7.0,"key":"Ice Cream"},{"floor":9.0,"key":"Pear"},{"floor":13.0,"key":"MealTicket"},{"floor":24.0,"key":"WingedGreaves"},{"floor":24.0,"key":"Matryoshka"},{"floor":26.0,"key":"Juzu Bracelet"},{"floor":26.0,"key":"Molten Egg 2"}],"event_choices":[{"damage_healed":0.0,"max_hp_gain":0.0,"max_hp_loss":0.0,"gold_gain":0.0,"event_name":"The Woman in Blue","player_choice":"Bought 2 Potions","floor":3.0,"gold_loss":0.0,"damage_taken":0.0},{"damage_healed":0.0,"max_hp_gain":0.0,"max_hp_loss":0.0,"gold_gain":0.0,"event_name":"Wheel of Change","player_choice":"Damaged","floor":11.0,"gold_loss":0.0,"damage_taken":12.0},{"damage_healed":0.0,"max_hp_gain":0.0,"max_hp_loss":26.0,"gold_gain":0.0,"event_name":"Vampires","player_choice":"Became a vampire","floor":19.0,"gold_loss":0.0,"damage_taken":0.0,"cards_obtained":["Bite","Bite","Bite","Bite","Bite"]},{"damage_healed":0.0,"max_hp_gain":0.0,"max_hp_loss":0.0,"gold_gain":0.0,"event_name":"Back to Basics","player_choice":"Simplicity","floor":21.0,"gold_loss":0.0,"damage_taken":0.0,"cards_upgraded":["Defend_R","Defend_R","Defend_R","Defend_R"]}],"is_beta":false,"boss_relics":[{"not_picked":["Ectoplasm","Busted Crown"],"picked":"Black Star"}],"items_purged_floors":[22],"is_endless":false,"potions_floor_spawned":[4,5,13,14,20,24,25],"killed_by":"Slavers","ascension_level":20}}