{"host":"6jrnojxwearbrjzo","time":1609793195,"event":{"mods":["Ascension Reborn","BaseMod","Colored Map","Minty Spire (QoL Compilation)","Replay The Spire","Shop Mod","Spicy Shops","StSLib","TestMod","The Cursed","The Servant 0.9.4","vexMod"],"gold_per_floor":[118,118,137,8,8,8,47,47,75,91,110,152,152,152,152,282,282,302,333,351,366,646,691,691,28,123,161,175,175,85,10,10,147,147,163,163,47,47,109,264,264,289,373,401,421,421,421,464,464,470],"floor_reached":51,"playtime":1607,"items_purged":["Defend_G+1","Defend_G+1"],"score":250,"play_id":"5f0ded0b-6b7a-4c5e-960b-99c25a117338","local_time":"20210105044635","is_ascension_mode":true,"campfire_choices":[{"data":"ReplayTheSpireMod:Scrap Shanks","floor":6,"key":"SMITH"},{"data":"Finisher","floor":13,"key":"SMITH"},{"data":"Acrobatics","floor":15,"key":"SMITH"},{"data":"1","floor":24,"key":"LIFT"},{"data":"2","floor":29,"key":"LIFT"},{"data":"3","floor":32,"key":"LIFT"},{"data":"Escape Plan","floor":41,"key":"SMITH"},{"floor":49,"key":"REST"}],"circlet_count":0,"master_deck":["Strike_G+1","Strike_G+1","Strike_G+1","Defend_G+1","Defend_G+1","Survivor+1","Neutralize+1","Blade Dance+1","Backflip+1","ReplayTheSpireMod:Scrap Shanks+1","Dagger Throw+1","Tactician+1","ReplayTheSpireMod:Shiv Toss+1","Acrobatics+1","Finisher+1","Escape Plan+1","Prepared+1","Blade Dance+1","Hidden Blade+1"],"relics":["testmod-TestBox","testmod-ObsoleteBoomerang","testmod-DeterminationOfClimber","Gremlin Food","Blue Doll","Bronze Scales","Orichalcum","Matryoshka","Girya","testmod-DreamHouse","Happy Flower","Lantern","Toxic Egg 2","Replay:Mystery Machine","Juzu Bracelet","DollysMirror","Replay:Baseball","ReplayTheSpireMod:TigerMarble","Chemical X","Boot","Oddly Smooth Stone","Paper Crane","Red Mask","testmod-Brilliant","testmod-CardMagician","testmod-TurbochargingSystem","testmod-CasingShield","testmod-InjuryResistance","ReplayTheSpireMod:CursedCoin","vexMod:Dragonfruit","testmod-OneHitWonder","Ginger","vexMod:MemoryStick","Whetstone","Ring of Hypnosis","InkBottle"],"acts_visited":["Exordium","TheCity","TheBeyond"],"potions_floor_usage":[12,12,16],"damage_taken":[{"damage":0,"enemies":"Jaw Worm","floor":1,"turns":2},{"damage":0,"enemies":"Cultist","floor":3,"turns":2},{"damage":0,"enemies":"Replay:BlueRogue","floor":7,"turns":1},{"damage":0,"enemies":"Small Slimes","floor":10,"turns":1},{"damage":0,"enemies":"Gremlin Gang","floor":11,"turns":1},{"damage":0,"enemies":"Gremlin Nob","floor":12,"turns":1},{"damage":0,"enemies":"Fading Forest","floor":16,"turns":3},{"damage":0,"enemies":"Chosen","floor":18,"turns":2},{"damage":0,"enemies":"2 Thieves","floor":19,"turns":1},{"damage":0,"enemies":"Centurion and Healer","floor":20,"turns":1},{"damage":0,"enemies":"Snake Plant","floor":21,"turns":1},{"damage":0,"enemies":"Slavers","floor":23,"turns":1},{"damage":2,"enemies":"Masked Bandits","floor":27,"turns":2},{"damage":0,"enemies":"Sentry and Sphere","floor":28,"turns":1},{"damage":0,"enemies":"Pondfish","floor":33,"turns":2},{"damage":0,"enemies":"Orb Walker","floor":35,"turns":1},{"damage":0,"enemies":"2 Orb Walkers","floor":39,"turns":1},{"damage":0,"enemies":"3 Shapes","floor":42,"turns":1},{"damage":0,"enemies":"Spire Growth","floor":44,"turns":1},{"damage":0,"enemies":"Jaw Worm Horde","floor":45,"turns":1},{"damage":0,"enemies":"Nemesis","floor":48,"turns":1},{"damage":0,"enemies":"Time Eater","floor":50,"turns":2}],"seed_played":"3332611547341013166","potions_obtained":[{"floor":1,"key":"BlessingOfTheForge"},{"floor":1,"key":"Dexterity Potion"},{"floor":3,"key":"Strength Potion"},{"floor":3,"key":"FearPotion"},{"floor":12,"key":"Strength Potion"},{"floor":16,"key":"FearPotion"},{"floor":18,"key":"AttackPotion"},{"floor":19,"key":"Elixir"},{"floor":21,"key":"Swift Potion"},{"floor":42,"key":"testmod-TimePotion"},{"floor":42,"key":"GamblersBrew"},{"floor":45,"key":"Venom Potion"}],"is_trial":false,"path_per_floor":["M","?","M","$","$","R","E","$","T","M","M","E","R","?","R","B",null,"M","M","M","M","?","E","R","$","T","?","M","R","?","?","R","B",null,"M","?","$","?","?","?","R","M","T","M","M","T","?","E","R","B",null],"character_chosen":"THE_SILENT","items_purchased":["Blade Dance+1","Backflip","ReplayTheSpireMod:Scrap Shanks","Juzu Bracelet","DollysMirror","Replay:Baseball","ReplayTheSpireMod:TigerMarble","Chemical X","testmod-CasingShield"],"campfire_rested":1,"item_purchase_floors":[4,4,4,25,25,25,25,25,37],"current_hp_per_floor":[74,74,74,74,74,74,74,74,74,74,74,74,74,74,74,78,78,78,78,78,78,59,74,74,74,74,74,74,74,74,74,74,82,82,82,92,92,92,92,92,92,92,97,97,97,97,97,97,97,101],"gold":470,"neow_bonus":"BOSS_RELIC","is_daily":false,"chose_seed":false,"campfire_upgraded":4,"win_rate":0.0,"timestamp":1609793195,"path_taken":["M","?","?","?","$","R","E","$","T","?","M","E","R","?","R","BOSS","M","M","M","?","?","E","R","$","T","?","M","R","?","?","R","BOSS","M","?","$","?","?","?","R","M","T","M","M","?","?","E","R","BOSS"],"items_purchased_type":["Card","Card","Card","Relic","Relic","Relic","Relic","Relic","Relic"],"build_version":"2020-12-22","purchased_purges":2,"victory":true,"max_hp_per_floor":[74,74,74,74,74,74,74,74,74,74,74,74,74,74,74,78,78,78,78,78,78,78,78,78,78,78,78,78,78,78,78,78,82,82,82,92,92,92,92,92,92,92,97,97,97,97,97,97,97,101],"card_choices":[{"not_picked":["Poisoned Stab","Dodge and Roll","Flechettes"],"picked":"SKIP","floor":1},{"not_picked":["ReplayTheSpireMod:Tripwire","Outmaneuver","Flechettes"],"picked":"SKIP","floor":3},{"not_picked":["Terror","Slice"],"picked":"Dagger Throw+1","floor":7},{"not_picked":["Masterful Stab","Finisher"],"picked":"Tactician","floor":7},{"not_picked":["Dodge and Roll","Hidden Blade"],"picked":"Tactician+1","floor":10},{"not_picked":["ReplayTheSpireMod:Speed Training","Riddle With Holes"],"picked":"ReplayTheSpireMod:Shiv Toss+1","floor":11},{"not_picked":["Toxin Wave","Dodge and Roll"],"picked":"Acrobatics","floor":12},{"not_picked":["Backflip","After Image"],"picked":"Finisher","floor":12},{"not_picked":["Atom Bomb","ReplayTheSpireMod:Necrosis"],"picked":"Poison Darts","floor":16},{"not_picked":["PiercingWail","Deadly Poison+1"],"picked":"All Out Attack","floor":18},{"not_picked":["Dagger Throw","Footwork","Bane+1"],"picked":"SKIP","floor":19},{"not_picked":["Endless Agony","ReplayTheSpireMod:Exploit Weakness+1","Blur"],"picked":"SKIP","floor":20},{"not_picked":["Predator+1","Heel Hook","Acrobatics+1"],"picked":"SKIP","floor":21},{"not_picked":["Deadly Poison+1","Slice+1"],"picked":"Toxin Wave+1","floor":22},{"not_picked":["Dagger Spray+1","Outmaneuver+1"],"picked":"Prepared+1","floor":22},{"not_picked":["Dagger Throw","Backstab+1"],"picked":"Venomology+1","floor":23},{"not_picked":["Infinite Blades+1","Outmaneuver+1","Deflect+1"],"picked":"SKIP","floor":28},{"not_picked":["Glass Knife","Bullet Time+1"],"picked":"Corpse Explosion+1","floor":33},{"not_picked":["Quick Slash+1","Deadly Poison+1"],"picked":"Blade Dance+1","floor":35},{"not_picked":["Deflect+1","Infinite Blades+1","Dagger Spray+1"],"picked":"SKIP","floor":42},{"not_picked":["Dagger Throw","ReplayTheSpireMod:Scrap Shanks","Masterful Stab"],"picked":"SKIP","floor":44},{"not_picked":["Poisoned Stab+1","Noxious Fumes+1"],"picked":"Hidden Blade+1","floor":45},{"not_picked":["Blade Dance+1","Wraith Form v2","Poisoned Stab+1"],"picked":"SKIP","floor":48}],"player_experience":6406,"relics_obtained":[{"floor":7,"key":"Blue Doll"},{"floor":9,"key":"Bronze Scales"},{"floor":9,"key":"Orichalcum"},{"floor":12,"key":"Matryoshka"},{"floor":16,"key":"Girya"},{"floor":22,"key":"Toxic Egg 2"},{"floor":23,"key":"Replay:Mystery Machine"},{"floor":26,"key":"Boot"},{"floor":26,"key":"Oddly Smooth Stone"},{"floor":26,"key":"Paper Crane"},{"floor":27,"key":"Red Mask"},{"floor":33,"key":"testmod-Brilliant"},{"floor":35,"key":"testmod-TurbochargingSystem"},{"floor":39,"key":"testmod-InjuryResistance"},{"floor":43,"key":"vexMod:Dragonfruit"},{"floor":43,"key":"testmod-OneHitWonder"},{"floor":45,"key":"Ginger"},{"floor":46,"key":"vexMod:MemoryStick"},{"floor":46,"key":"Whetstone"},{"floor":47,"key":"Ring of Hypnosis"},{"floor":48,"key":"InkBottle"}],"event_choices":[{"damage_healed":0,"gold_gain":0,"player_choice":"Gave Potion","damage_taken":0,"relics_obtained":["Gremlin Food"],"max_hp_gain":0,"max_hp_loss":0,"event_name":"WeMeetAgain","floor":2,"gold_loss":0},{"damage_healed":0,"gold_gain":0,"cards_transformed":["Tactician"],"player_choice":"Transformed","damage_taken":0,"max_hp_gain":0,"max_hp_loss":0,"event_name":"Transmorgrifier","floor":14,"gold_loss":0,"cards_obtained":["Escape Plan"]},{"damage_healed":0,"gold_gain":0,"player_choice":"Fought Bandits","damage_taken":0,"max_hp_gain":0,"max_hp_loss":0,"event_name":"Masked Bandits","floor":27,"gold_loss":0},{"cards_removed":["Defend_G"],"damage_healed":0,"gold_gain":0,"player_choice":"Upgrade and Remove","damage_taken":0,"max_hp_gain":0,"max_hp_loss":0,"event_name":"Designer","floor":30,"gold_loss":90,"cards_upgraded":["Backflip"]},{"cards_removed":["Strike_G"],"damage_healed":0,"gold_gain":0,"player_choice":"Gave Gold","damage_taken":0,"max_hp_gain":0,"max_hp_loss":0,"event_name":"Beggar","floor":31,"gold_loss":75},{"cards_removed":["Poison Darts"],"damage_healed":0,"gold_gain":0,"player_choice":"Offered Rare","damage_taken":0,"max_hp_gain":10,"max_hp_loss":0,"event_name":"Bonfire Elementals","floor":36,"gold_loss":0},{"cards_removed":["Strike_G"],"damage_healed":0,"gold_gain":0,"player_choice":"Removed Attack","damage_taken":0,"max_hp_gain":0,"max_hp_loss":0,"event_name":"Falling","floor":38,"gold_loss":0},{"damage_healed":0,"gold_gain":0,"player_choice":"Fight","damage_taken":0,"max_hp_gain":0,"max_hp_loss":0,"event_name":"Mysterious Sphere","floor":39,"gold_loss":0}],"is_beta":false,"boss_relics":[{"not_picked":["vexMod:RockOfEvil","HoveringKite"],"picked":"testmod-DreamHouse"},{"not_picked":["vexMod:EndlessSickness","Philosopher\u0027s Stone"],"picked":"testmod-CardMagician"}],"items_purged_floors":[25,25],"is_endless":false,"potions_floor_spawned":[1,3,10,11,19,21,23,28,35,42,48],"ascension_level":-20}}