{"host":"ox77rn1xcurm2t5a","time":1609724480,"event":{"mods":["2.2 Compatiblity","AchievementEnabler","Act Like it!","Aspiration","BaseMod","Best Route Mod","Better Match","Better Note","Better Sensory Stone","Block Reminder","Colored Map","Colored Powertips","Conjunction","Conspire","Custom Start","Energized Spire","GifTheSpireLib","Gold Saver","Gremlin Skip","Halation","Highlight Path","Hubris","Infinite Spire","Minty Spire (QoL Compilation)","Pale of the Ancients","Quick Restart","Replay The Spire","Reworked Bosses","ShortenTheSpire","Spire Exporter","StSLib","Stuff the Spire","Wandering Minibosses","vexMod"],"gold_per_floor":[1583,1600,807,819,836,836,859,859,859,859,859,899,899,927,927,1026,1026,1043,1043,1064,1064,350,387,486,517,540,553,568,568,568],"floor_reached":29,"playtime":851,"items_purged":["Strike_B","Strike_B"],"score":501,"play_id":"5aab1342-941a-45e3-b039-85b27b02766f","local_time":"20210104034120","is_ascension_mode":true,"campfire_choices":[{"floor":6.0,"key":"RECALL"},{"data":"Zap","floor":8.0,"key":"SMITH"},{"data":"Dualcast","floor":10.0,"key":"SMITH"},{"floor":13.0,"key":"REST"},{"data":"StuffTheSpire:Coldhearted","floor":15.0,"key":"SMITH"}],"circlet_count":0,"master_deck":["AscendersBane","Strike_B","Strike_B","Defend_B","Defend_B","Defend_B","Zap+1","Dualcast+1","FIFO Queue","StuffTheSpire:ShieldGenerator","Gash","StuffTheSpire:Coldhearted+1","Electrodynamics","Echo Form","Pot Of Greed","Pot Of Greed","Stack+1","Defend_B"],"relics":["Cracked Core","StuffTheSpire:Mouthbags","halation:IllGainedPizza","vexMod:Spyglass","wanderingMiniBosses:CarrionFlame","Symbiotic Virus","Geode","energizedSpire:MagnifyingGlass","infinitespire:Freezer","Cables","StuffTheSpire:Barrel","aspiration:MysteriousAuxiliaryCore","Grinning Jar"],"acts_visited":["Exordium","TheCity"],"potions_floor_usage":[],"damage_taken":[{"damage":0.0,"enemies":"2 Louse","floor":1.0,"turns":2.0},{"damage":1.0,"enemies":"Cultist","floor":2.0,"turns":3.0},{"damage":0.0,"enemies":"Small Slimes","floor":4.0,"turns":3.0},{"damage":5.0,"enemies":"Blue Slaver","floor":5.0,"turns":4.0},{"damage":3.0,"enemies":"Looter","floor":7.0,"turns":6.0},{"damage":32.0,"enemies":"3 Sentries","floor":12.0,"turns":5.0},{"damage":0.0,"enemies":"Gremlin Nob","floor":14.0,"turns":1.0},{"damage":24.0,"enemies":"Slime Boss","floor":16.0,"turns":7.0},{"damage":24.0,"enemies":"2 Thieves","floor":18.0,"turns":5.0},{"damage":23.0,"enemies":"Shell Parasite","floor":20.0,"turns":7.0},{"damage":22.0,"enemies":"Gremlin Leader","floor":23.0,"turns":7.0},{"damage":0.0,"enemies":"Book of Stabbing","floor":25.0,"turns":1.0},{"damage":0.0,"enemies":"Shelled Parasite and Fungi","floor":27.0,"turns":1.0},{"damage":0.0,"enemies":"Snecko","floor":28.0,"turns":7.0},{"damage":0,"enemies":"Slavers","floor":29,"turns":1}],"seed_played":"8439999020993893413","potions_obtained":[{"floor":1.0,"key":"SpeedPotion"},{"floor":14.0,"key":"Languid Potion"},{"floor":20.0,"key":"BlessingOfTheForge"},{"floor":23.0,"key":"PowerPotion"},{"floor":25.0,"key":"Toxic Potion"}],"is_trial":false,"path_per_floor":["M","M","$","M","M","R","M","R","T","R","?","E","R","E","R","B",null,"M","?","M","?","$","E","?","E","T","M","M","E"],"character_chosen":"DEFECT","items_purchased":["StuffTheSpire:Mouthbags","halation:IllGainedPizza","vexMod:Spyglass","Fruit Juice","FIFO Queue","Adrenaline Potion","SkillPotion","Echo Form","infinitespire:Freezer","Cables","Energy Potion"],"campfire_rested":1,"item_purchase_floors":[3,3,3,3,3,3,3,22,22,22,22],"current_hp_per_floor":[75,74,79,79,74,74,71,71,71,71,71,39,65,65,65,41,76,52,52,29,29,29,7,7,7,7,7,7,7,7],"gold":568,"neow_bonus":"TEN_PERCENT_HP_BONUS","is_daily":false,"chose_seed":false,"campfire_upgraded":3,"win_rate":0.0,"timestamp":1609724480,"path_taken":["M","M","$","M","M","R","M","R","T","R","?","E","R","E","R","BOSS","M","?","M","?","$","E","?","E","T","M","M","E"],"items_purchased_type":["Relic","Relic","Relic","Potion","Card","Potion","Potion","Card","Relic","Relic","Potion"],"build_version":"2020-12-22","purchased_purges":2,"victory":false,"max_hp_per_floor":[82,82,87,87,87,87,87,87,87,87,87,87,87,87,87,87,87,87,87,87,87,87,87,87,87,87,87,87,87,87],"card_choices":[{"not_picked":["Heatsinks","Stack","Leap"],"picked":"SKIP","floor":1.0},{"not_picked":["StuffTheSpire:LoadUp","Auto Shields","Reprogram"],"picked":"SKIP","floor":2.0},{"not_picked":["Sweeping Beam","StuffTheSpire:Plugnplay"],"picked":"StuffTheSpire:ShieldGenerator","floor":4.0},{"not_picked":["ReplaySort","BasicCrystalCard"],"picked":"Gash","floor":5.0},{"not_picked":["Conserve Battery","Compile Driver","Rip and Tear"],"picked":"SKIP","floor":7.0},{"not_picked":["FTL","Redo","aspiration:Polymerization"],"picked":"SKIP","floor":12.0},{"not_picked":["StuffTheSpire:Rend","Steam Power"],"picked":"StuffTheSpire:Coldhearted","floor":14.0},{"not_picked":["Multi-Cast","StuffTheSpire:EventHorizon"],"picked":"Electrodynamics","floor":16.0},{"not_picked":["Steam","Rebound+1","Sweeping Beam"],"picked":"SKIP","floor":18.0},{"not_picked":["Auto Shields","ReplayTheSpireMod:Calculation Training+1","Go for the Eyes"],"picked":"SKIP","floor":20.0},{"not_picked":["Cold Snap","Fusion","Leap"],"picked":"SKIP","floor":23.0},{"not_picked":["Darkness","Electrodynamics","Steam"],"picked":"SKIP","floor":25.0},{"not_picked":["Go for the Eyes","Conserve Battery","Blizzard"],"picked":"SKIP","floor":27.0},{"not_picked":["Hologram","Conserve Battery"],"picked":"Stack+1","floor":28.0}],"player_experience":2884030,"relics_obtained":[{"floor":7.0,"key":"wanderingMiniBosses:CarrionFlame"},{"floor":12.0,"key":"Symbiotic Virus"},{"floor":14.0,"key":"Geode"},{"floor":23.0,"key":"StuffTheSpire:Barrel"},{"floor":25.0,"key":"aspiration:MysteriousAuxiliaryCore"},{"floor":26.0,"key":"Grinning Jar"}],"event_choices":[{"damage_healed":0.0,"max_hp_gain":0.0,"max_hp_loss":0.0,"gold_gain":0.0,"event_name":"betterNote:BetterNote","player_choice":"Ignored","floor":19.0,"gold_loss":0.0,"damage_taken":0.0,"cards_obtained":["Strike_P"]},{"damage_healed":0.0,"max_hp_gain":0.0,"max_hp_loss":0.0,"gold_gain":99.0,"event_name":"Nest","player_choice":"Stole From Cult","floor":24.0,"gold_loss":0.0,"damage_taken":0.0}],"is_beta":false,"boss_relics":[{"not_picked":["halation:ForbiddenBikini","Replay:Wanted Poster"],"picked":"energizedSpire:MagnifyingGlass"}],"items_purged_floors":[3,22],"is_endless":false,"potions_floor_spawned":[1,4,14,20,23,25],"killed_by":"Slavers","ascension_level":11}}