{"host":"Bilverbakes","time":1609734421,"event":{"mods":["2.2 Compatiblity","AchievementEnabler","BaseMod","Bestiary","Colored Map","Minty Spire (QoL Compilation)","Relic Stats","StSLib","ojb\u0027s Info Mod"],"gold_per_floor":[369,369,126,144,163,196,216,249,302,302,27,55,55,55,55,132,132,106,106,126,143,154,189,189,222,248,265,93,109,124,174,174,245,245,256,271,271,171,190,225,100,133,133,133,160,180,180,215,215,215,215,215,55,88,88],"floor_reached":56,"playtime":5483,"items_purged":["Strike_B","Blizzard","Machine Learning","Rebound"],"score":2390,"play_id":"2cd36c24-68c0-4d47-924b-7006410f9cf8","local_time":"20210103222701","is_ascension_mode":true,"campfire_choices":[{"data":"Doom and Gloom","floor":10.0,"key":"SMITH"},{"data":"Go for the Eyes","floor":13.0,"key":"SMITH"},{"data":"Rip and Tear","floor":15.0,"key":"SMITH"},{"data":"Chaos","floor":24.0,"key":"SMITH"},{"data":"Self Repair","floor":32.0,"key":"SMITH"},{"data":"Fission","floor":44,"key":"SMITH"},{"data":"Hologram","floor":47,"key":"SMITH"},{"floor":49,"key":"RECALL"},{"data":"Loop","floor":52,"key":"SMITH"}],"circlet_count":0,"master_deck":["AscendersBane","Zap","Dualcast","Ball Lightning","Doom and Gloom+1","Self Repair+1","Reinforced Body","Go for the Eyes+1","Rip and Tear+1","Conserve Battery","Fission+1","Chaos+1","Chill","Undo","Loop+1","Lockon","Echo Form","Echo Form","Hologram+1","Seek","Darkness+1","Chaos+1"],"relics":["Cracked Core","Pear","HornCleat","PreservedInsect","Letter Opener","Potion Belt","Coffee Dripper","Pocketwatch","Juzu Bracelet","Art of War","OrangePellets","Pandora\u0027s Box","Incense Burner","Smiling Mask","Bag of Preparation","Pantograph","Du-Vu Doll"],"acts_visited":["Exordium","TheCity","TheBeyond","TheEnding"],"potions_floor_usage":[33,33,36,50,51,55,55],"damage_taken":[{"damage":7.0,"enemies":"Jaw Worm","floor":1.0,"turns":3.0},{"damage":5.0,"enemies":"Small Slimes","floor":4.0,"turns":3.0},{"damage":0.0,"enemies":"Cultist","floor":5.0,"turns":2.0},{"damage":35.0,"enemies":"3 Sentries","floor":6.0,"turns":9.0},{"damage":6.0,"enemies":"Blue Slaver","floor":7.0,"turns":4.0},{"damage":20.0,"enemies":"Lagavulin","floor":8.0,"turns":4.0},{"damage":0.0,"enemies":"Gremlin Nob","floor":12.0,"turns":3.0},{"damage":9.0,"enemies":"Hexaghost","floor":16.0,"turns":9.0},{"damage":11.0,"enemies":"2 Thieves","floor":18.0,"turns":4.0},{"damage":0.0,"enemies":"Chosen","floor":20.0,"turns":3.0},{"damage":5.0,"enemies":"Snecko","floor":21.0,"turns":7.0},{"damage":0.0,"enemies":"3 Cultists","floor":22.0,"turns":2.0},{"damage":0.0,"enemies":"Gremlin Leader","floor":23.0,"turns":5.0},{"damage":18.0,"enemies":"Slavers","floor":25.0,"turns":4.0},{"damage":19.0,"enemies":"Snake Plant","floor":27.0,"turns":4.0},{"damage":19.0,"enemies":"Sentry and Sphere","floor":29.0,"turns":7.0},{"damage":17.0,"enemies":"Snecko","floor":30.0,"turns":6.0},{"damage":31,"enemies":"Automaton","floor":33,"turns":11},{"damage":0,"enemies":"3 Shapes","floor":35,"turns":6},{"damage":0,"enemies":"Orb Walker","floor":36,"turns":4},{"damage":8,"enemies":"Spire Growth","floor":39,"turns":4},{"damage":2,"enemies":"Giant Head","floor":40,"turns":6},{"damage":0,"enemies":"Nemesis","floor":42,"turns":5},{"damage":32,"enemies":"Reptomancer","floor":45,"turns":6},{"damage":0,"enemies":"Writhing Mass","floor":46,"turns":6},{"damage":36,"enemies":"Giant Head","floor":48,"turns":6},{"damage":47,"enemies":"Donu and Deca","floor":50,"turns":9},{"damage":8,"enemies":"Shield and Spear","floor":54,"turns":8},{"damage":39,"enemies":"The Heart","floor":55,"turns":10}],"seed_played":"753318177548566309","potions_obtained":[{"floor":7.0,"key":"DuplicationPotion"},{"floor":12.0,"key":"Block Potion"},{"floor":16.0,"key":"PowerPotion"},{"floor":21.0,"key":"BlessingOfTheForge"},{"floor":23.0,"key":"Fruit Juice"},{"floor":30.0,"key":"SkillPotion"},{"floor":33,"key":"Block Potion"},{"floor":36,"key":"DuplicationPotion"},{"floor":45,"key":"Fruit Juice"},{"floor":46,"key":"BlessingOfTheForge"},{"floor":48,"key":"Energy Potion"}],"is_trial":false,"path_per_floor":["M","?","$","M","M","E","M","E","T","R","$","E","R","?","R","B",null,"M","?","M","M","M","E","R","E","T","M","$","M","M","?","R","B",null,"M","M","?","$","M","E","$","E","T","R","E","M","R","E","R","B",null,"R","$","E","B",null],"character_chosen":"DEFECT","items_purchased":["Doom and Gloom","Self Repair","Letter Opener","OrangePellets","FocusPotion","SpeedPotion"],"campfire_rested":0,"item_purchase_floors":[3,3,11,28,53,53],"current_hp_per_floor":[39,62,62,64,64,46,47,27,27,27,27,27,27,27,27,25,67,63,63,63,65,65,72,72,61,61,49,49,37,27,27,27,11,67,77,86,86,86,86,86,86,86,86,86,64,84,84,68,68,59,84,84,84,86,52],"gold":88,"neow_bonus":"TWO_FIFTY_GOLD","is_daily":false,"chose_seed":false,"campfire_upgraded":8,"win_rate":0.0,"timestamp":1609734421,"path_taken":["M","?","$","M","M","E","M","E","T","R","$","E","R","?","R","BOSS","M","?","M","?","M","E","R","E","T","M","$","M","M","?","R","BOSS","M","M","?","$","M","E","$","E","T","R","E","M","R","E","R","BOSS","R","$","E","BOSS"],"items_purchased_type":["Card","Card","Relic","Relic","Potion","Potion"],"build_version":"2020-12-18","purchased_purges":4,"victory":true,"max_hp_per_floor":[71,71,71,71,71,81,81,81,81,81,81,81,81,81,81,81,81,81,81,81,81,81,81,81,81,81,81,81,81,81,81,81,86,86,86,86,86,86,86,86,86,86,86,86,86,86,86,86,86,86,91,91,91,91,91],"relic_stats":{"OrangePellets":[6],"counters":[29,160],"Pantograph":23,"Pandora\u0027s Box":["Echo Form","Thunder Strike","Blizzard","Hologram","Machine Learning","Seek"],"PreservedInsect":561,"Juzu Bracelet":0,"Art of War":[38],"Bag of Preparation":[10],"Letter Opener":[361],"Smiling Mask":100,"obtain_stats":[{"Potion Belt":12,"Pear":6,"PreservedInsect":9,"Juzu Bracelet":25,"Incense Burner":40,"Bag of Preparation":45,"Letter Opener":11,"Smiling Mask":42,"Du-Vu Doll":54,"OrangePellets":28,"HornCleat":8,"Pantograph":48,"Pandora\u0027s Box":34,"Coffee Dripper":17,"Art of War":26,"Cracked Core":0,"Pocketwatch":23},{"Potion Belt":7,"Pear":4,"PreservedInsect":6,"Juzu Bracelet":14,"Incense Burner":22,"Bag of Preparation":24,"Letter Opener":6,"Smiling Mask":23,"Du-Vu Doll":28,"OrangePellets":15,"HornCleat":6,"Pantograph":26,"Pandora\u0027s Box":18,"Coffee Dripper":8,"Art of War":14,"Cracked Core":0,"Pocketwatch":13},{"Potion Belt":28,"Pear":17,"PreservedInsect":25,"Juzu Bracelet":62,"Incense Burner":110,"Bag of Preparation":121,"Letter Opener":25,"Smiling Mask":115,"Du-Vu Doll":150,"OrangePellets":66,"HornCleat":25,"Pantograph":133,"Pandora\u0027s Box":90,"Coffee Dripper":37,"Art of War":62,"Cracked Core":0,"Pocketwatch":58}],"Pocketwatch":[85]},"card_choices":[{"not_picked":["Compile Driver","Gash"],"picked":"Ball Lightning","floor":1.0},{"not_picked":["Coolheaded","Blizzard"],"picked":"Reinforced Body","floor":4.0},{"not_picked":["Steam","Gash"],"picked":"Go for the Eyes","floor":5.0},{"not_picked":["Stack","Thunder Strike","Storm"],"picked":"SKIP","floor":6.0},{"not_picked":["Redo","Gash"],"picked":"Rebound","floor":7.0},{"not_picked":["Self Repair","Sweeping Beam"],"picked":"Rip and Tear","floor":8.0},{"not_picked":["Melter","Rip and Tear"],"picked":"Conserve Battery","floor":12.0},{"not_picked":["Multi-Cast","Reboot"],"picked":"Fission","floor":16.0},{"not_picked":["Rebound","Leap","Ball Lightning"],"picked":"SKIP","floor":18.0},{"not_picked":["Barrage","Leap"],"picked":"Chaos","floor":20.0},{"not_picked":["Hello World","Sweeping Beam","Heatsinks+1"],"picked":"SKIP","floor":21.0},{"not_picked":["Doom and Gloom","Compile Driver"],"picked":"Chill","floor":22.0},{"not_picked":["Redo","Heatsinks"],"picked":"Undo","floor":23.0},{"not_picked":["Melter","Go for the Eyes","Reinforced Body"],"picked":"SKIP","floor":25.0},{"not_picked":["Hologram","Beam Cell"],"picked":"Loop","floor":27.0},{"not_picked":["Reboot","Redo+1","Hello World"],"picked":"SKIP","floor":29.0},{"not_picked":["Beam Cell+1","Sunder"],"picked":"Lockon","floor":30.0},{"not_picked":["Creative AI","Reboot"],"picked":"Echo Form","floor":33},{"not_picked":["Stack","Compile Driver"],"picked":"Darkness+1","floor":35},{"not_picked":["Conserve Battery","Lockon","Doom and Gloom+1"],"picked":"SKIP","floor":36},{"not_picked":["Conserve Battery","Force Field","Auto Shields"],"picked":"SKIP","floor":39},{"not_picked":["Chaos","Cold Snap+1","Go for the Eyes"],"picked":"SKIP","floor":40},{"not_picked":["Chaos","Cold Snap+1","Go for the Eyes"],"picked":"SKIP","floor":40},{"not_picked":["Doom and Gloom","Coolheaded","Steam"],"picked":"SKIP","floor":42},{"not_picked":["Aggregate","Ball Lightning+1","Redo"],"picked":"SKIP","floor":45},{"not_picked":["Double Energy","Conserve Battery+1"],"picked":"Chaos+1","floor":46},{"not_picked":["Genetic Algorithm","Machine Learning","Gash"],"picked":"SKIP","floor":48},{"not_picked":["Leap","Conserve Battery","Scrape"],"picked":"SKIP","floor":54},{"not_picked":["Leap","Conserve Battery","Scrape"],"picked":"SKIP","floor":54},{"not_picked":["Leap","Conserve Battery","Scrape"],"picked":"SKIP","floor":54}],"player_experience":568048,"relics_obtained":[{"floor":6.0,"key":"Pear"},{"floor":8.0,"key":"HornCleat"},{"floor":9.0,"key":"PreservedInsect"},{"floor":12.0,"key":"Potion Belt"},{"floor":23.0,"key":"Pocketwatch"},{"floor":25.0,"key":"Juzu Bracelet"},{"floor":26.0,"key":"Art of War"},{"floor":40,"key":"Incense Burner"},{"floor":42,"key":"Smiling Mask"},{"floor":45,"key":"Bag of Preparation"},{"floor":48,"key":"Pantograph"},{"floor":54,"key":"Du-Vu Doll"}],"event_choices":[{"damage_healed":23.0,"max_hp_gain":0.0,"max_hp_loss":0.0,"gold_gain":0.0,"event_name":"Big Fish","player_choice":"Banana","floor":2.0,"gold_loss":0.0,"damage_taken":0.0},{"damage_healed":0.0,"max_hp_gain":0.0,"max_hp_loss":0.0,"gold_gain":0.0,"event_name":"The Cleric","player_choice":"Leave","floor":14.0,"gold_loss":0.0,"damage_taken":0.0},{"cards_removed":["Strike_B"],"damage_healed":0.0,"max_hp_gain":0.0,"max_hp_loss":0.0,"gold_gain":0.0,"event_name":"Bonfire Elementals","player_choice":"Offered Basic","floor":19.0,"gold_loss":0.0,"damage_taken":0.0},{"damage_healed":0.0,"max_hp_gain":0.0,"max_hp_loss":0.0,"gold_gain":50.0,"event_name":"Nest","player_choice":"Stole From Cult","floor":31.0,"gold_loss":0.0,"damage_taken":0.0},{"cards_removed":["Thunder Strike"],"damage_healed":0,"gold_gain":0,"player_choice":"Removed Attack","damage_taken":0,"max_hp_gain":0,"max_hp_loss":0,"event_name":"Falling","floor":37,"gold_loss":0}],"is_beta":true,"boss_relics":[{"not_picked":["Velvet Choker","Inserter"],"picked":"Coffee Dripper"},{"not_picked":["FrozenCore","Busted Crown"],"picked":"Pandora\u0027s Box"}],"items_purged_floors":[3,38,41,53],"is_endless":false,"potions_floor_spawned":[7,12,16,21,23,30,33,36,45,46,48,54],"ascension_level":18}}