{"host":"my77oq6kb6j47rwl","time":1609730914,"event":{"mods":["BaseMod","Better Third Choice","Curses Come First","Displayed Cursed Tome","Emptier Cage","Hermit","Ironclad Rager","Minty Spire (QoL Compilation)","Quick Restart","Rare Cards Sparkle","StSLib"],"gold_per_floor":[116,131,142,156,170,201,201,213,240,240,190,203,233,233,233,338,338,356,369,386,398,143,143,169,169,193,227,244,258,258,289,289,289,289],"floor_reached":33,"playtime":4994,"items_purged":["hermit:Strike_Hermit"],"score":371,"play_id":"16ffafe0-e9ee-46b7-9be6-e78735aec5a9","local_time":"20210103222834","is_ascension_mode":false,"campfire_choices":[{"data":"hermit:Manifest","floor":7,"key":"SMITH"},{"data":"hermit:BigShot","floor":10,"key":"SMITH"},{"floor":15,"key":"REST"},{"floor":23,"key":"REST"},{"data":"hermit:Spite","floor":25,"key":"SMITH"},{"data":"hermit:LoneWolf","floor":32,"key":"SMITH"}],"circlet_count":0,"master_deck":["hermit:Strike_Hermit","hermit:Strike_Hermit","hermit:Defend_Hermit","hermit:Defend_Hermit","hermit:Defend_Hermit","hermit:Defend_Hermit","hermit:Snapshot","hermit:Covet+1","Doubt","hermit:RoundhouseKick","hermit:Vantage","hermit:Headshot","hermit:Quickdraw","hermit:BigShot+1","hermit:Determination","hermit:Manifest+1","hermit:SprayPray","hermit:LoneWolf+1","hermit:Gambit","hermit:Coalescence+1","hermit:LuckOfTheDraw","hermit:Spite+1","hermit:Ricochet+1","hermit:DeadMansHand","hermit:BigShot","hermit:Magnum","hermit:Ricochet","Parasite","hermit:HighNoon+1","hermit:WideOpen+1","hermit:Headshot+1","hermit:Determination+1"],"relics":["hermit:Momento","Matryoshka","Toy Ornithopter","PreservedInsect","Happy Flower","Cursed Key","Lantern","Frozen Egg 2","War Paint","Sundial","MealTicket"],"acts_visited":["Exordium","TheCity"],"potions_floor_usage":[16,24,27,33,33,33],"damage_taken":[{"damage":8,"enemies":"Jaw Worm","floor":1,"turns":3},{"damage":5,"enemies":"Small Slimes","floor":2,"turns":4},{"damage":1,"enemies":"Cultist","floor":3,"turns":3},{"damage":2,"enemies":"Blue Slaver","floor":4,"turns":3},{"damage":0,"enemies":"Large Slime","floor":5,"turns":4},{"damage":21,"enemies":"3 Sentries","floor":6,"turns":8},{"damage":4,"enemies":"Exordium Wildlife","floor":8,"turns":3},{"damage":8,"enemies":"2 Fungi Beasts","floor":12,"turns":3},{"damage":11,"enemies":"Gremlin Nob","floor":13,"turns":4},{"damage":24,"enemies":"The Guardian","floor":16,"turns":13},{"damage":1,"enemies":"Chosen","floor":18,"turns":3},{"damage":20,"enemies":"3 Byrds","floor":19,"turns":6},{"damage":21,"enemies":"Snake Plant","floor":20,"turns":4},{"damage":15,"enemies":"Snecko","floor":21,"turns":5},{"damage":0,"enemies":"Gremlin Leader","floor":24,"turns":5},{"damage":6,"enemies":"Book of Stabbing","floor":27,"turns":4},{"damage":2,"enemies":"Centurion and Healer","floor":28,"turns":6},{"damage":16,"enemies":"3 Cultists","floor":29,"turns":5},{"damage":0,"enemies":"Gremlin Leader","floor":31,"turns":4},{"damage":71,"enemies":"Champ","floor":33,"turns":6}],"seed_played":"3086550744158399170","potions_obtained":[{"floor":2,"key":"Fire Potion"},{"floor":5,"key":"Explosive Potion"},{"floor":6,"key":"Strength Potion"},{"floor":18,"key":"AttackPotion"},{"floor":24,"key":"Fire Potion"},{"floor":31,"key":"Regen Potion"}],"is_trial":false,"path_per_floor":["M","M","M","M","M","E","R","M","T","R","?","M","E","?","R","B",null,"M","M","M","M","$","R","E","R","T","E","M","M","?","E","R","B"],"character_chosen":"HERMIT","items_purchased":["hermit:BigShot","hermit:Magnum"],"campfire_rested":2,"item_purchase_floors":[22,22],"current_hp_per_floor":[67,62,61,59,59,38,38,34,34,34,34,26,15,15,37,18,75,74,54,33,18,18,40,45,45,45,44,42,26,51,51,51,0,0],"gold":289,"neow_bonus":"THREE_RARE_CARDS","is_daily":false,"chose_seed":false,"campfire_upgraded":4,"win_rate":0.0,"timestamp":1609730914,"path_taken":["M","M","M","M","M","E","R","M","T","R","?","M","E","?","R","BOSS","M","M","M","?","$","R","E","R","T","E","M","M","?","E","R","BOSS"],"items_purchased_type":["Card","Card"],"build_version":"2020-12-22","purchased_purges":1,"victory":false,"max_hp_per_floor":[75,75,75,75,75,75,75,75,75,75,75,75,75,75,75,75,75,75,75,75,75,75,75,75,75,75,75,75,75,75,75,75,75,75],"card_choices":[{"not_picked":["hermit:Roughhouse","hermit:Gambit"],"picked":"hermit:RoundhouseKick","floor":0},{"not_picked":["hermit:Midnight","hermit:Misfire"],"picked":"hermit:Vantage","floor":1},{"not_picked":["hermit:Desperado","hermit:HighCaliber"],"picked":"hermit:Headshot","floor":2},{"not_picked":["hermit:Scavenge","hermit:Misfire"],"picked":"hermit:Quickdraw","floor":3},{"not_picked":["hermit:EternalForm","hermit:HoleUp"],"picked":"hermit:BigShot","floor":4},{"not_picked":["hermit:BodyArmor","hermit:SprayPray"],"picked":"hermit:Determination","floor":5},{"not_picked":["hermit:Ricochet","hermit:Coalescence"],"picked":"hermit:Manifest","floor":6},{"not_picked":["hermit:Snipe","hermit:Horror","hermit:HighCaliber"],"picked":"SKIP","floor":8},{"not_picked":["hermit:Roulette","hermit:Manifest"],"picked":"hermit:SprayPray","floor":12},{"not_picked":["hermit:CalledShot","hermit:Combo"],"picked":"hermit:LoneWolf","floor":13},{"not_picked":["hermit:Roulette","hermit:Snipe"],"picked":"hermit:LuckOfTheDraw","floor":18},{"not_picked":["hermit:TrackingShot","hermit:FlashPowder"],"picked":"hermit:Spite","floor":19},{"not_picked":["hermit:LoneWolf+1","hermit:Glare"],"picked":"hermit:Ricochet+1","floor":20},{"not_picked":["hermit:WideOpen","hermit:Coalescence"],"picked":"hermit:DeadMansHand","floor":21},{"not_picked":["hermit:Coalescence","hermit:LoneWolf"],"picked":"hermit:Ricochet","floor":24},{"not_picked":["hermit:TakeAim+1","hermit:Headshot"],"picked":"hermit:HighNoon+1","floor":27},{"not_picked":["hermit:Coalescence","hermit:Headshot+1"],"picked":"hermit:WideOpen+1","floor":28},{"not_picked":["hermit:Roulette+1","hermit:PistolWhip"],"picked":"hermit:Headshot+1","floor":29},{"not_picked":["hermit:Virtue","hermit:TrackingShot"],"picked":"hermit:Determination+1","floor":31}],"player_experience":1057896,"relics_obtained":[{"floor":6,"key":"Matryoshka"},{"floor":9,"key":"Toy Ornithopter"},{"floor":9,"key":"PreservedInsect"},{"floor":13,"key":"Happy Flower"},{"floor":24,"key":"Lantern"},{"floor":26,"key":"Frozen Egg 2"},{"floor":26,"key":"War Paint"},{"floor":27,"key":"Sundial"},{"floor":31,"key":"MealTicket"}],"event_choices":[{"cards_removed":["hermit:Strike_Hermit"],"damage_healed":0,"gold_gain":0,"player_choice":"Card Removal","damage_taken":0,"max_hp_gain":0,"max_hp_loss":0,"event_name":"The Cleric","floor":11,"gold_loss":50},{"damage_healed":0,"gold_gain":0,"player_choice":"2 cards matched","damage_taken":0,"max_hp_gain":0,"max_hp_loss":0,"event_name":"Match and Keep!","floor":14,"gold_loss":0,"cards_obtained":["hermit:Gambit","hermit:Coalescence"]},{"damage_healed":25,"gold_gain":0,"player_choice":"Heal","damage_taken":0,"max_hp_gain":0,"max_hp_loss":0,"event_name":"The Library","floor":30,"gold_loss":0}],"is_beta":false,"boss_relics":[{"not_picked":["Runic Pyramid","Runic Dome"],"picked":"Cursed Key"}],"items_purged_floors":[22],"is_endless":false,"potions_floor_spawned":[2,5,6,12,13,18,19,24,31],"killed_by":"Champ","ascension_level":0}}