{"host":"8e68pzgs4bln6t6e","time":1609725407,"event":{"mods":["AchievementEnabler","Act Like it!","BaseMod","Better Note","BetterRewards","Colored Powertips","Googly Eyes","Hallownest","Hubris","Jorbs\u0027s Wanderer Trilogy","Marisa????????","Minty Spire (QoL Compilation)","Quick Restart","Rare Cards Sparkle","Replay The Spire","Shop Mod","StSLib","The Animator","The Bug Knight","The Cursed","The Disciple","The Hierophant","The Servant 0.9.4"],"gold_per_floor":[119,119,133,143,143,143,143,177,177,217,217,217,242,315,315,438,438,431,431,356,356],"floor_reached":20,"playtime":1219,"items_purged":["Delirium"],"score":267,"play_id":"7b406f8e-a86d-4dcf-b146-872815d65d97","local_time":"20210104025647","is_ascension_mode":true,"campfire_choices":[{"floor":6,"key":"REST"},{"data":"Redo","floor":12,"key":"SMITH"},{"data":"Zap","floor":15,"key":"SMITH"}],"circlet_count":0,"master_deck":["Strike_B+1","Strike_B","Strike_B","Strike_B","Defend_B","Defend_B","Defend_B","Defend_B","Zap+1","Dualcast","Redo+1","Steam","Self Repair","Doom and Gloom","Turbo","Fission","Conserve Battery+1"],"relics":["Cracked Core","Golden Idol","hubris:Towel","hubris:Spice","Solar Panel","Ring of Peace","ReplayTheSpireMod:Ring of Exchange","Sling"],"acts_visited":["Exordium","TheCity"],"potions_floor_usage":[8,8,10,16],"damage_taken":[{"damage":7,"enemies":"Small Slimes","floor":1,"turns":4},{"damage":0,"enemies":"2 Louse","floor":3,"turns":3},{"damage":6,"enemies":"Jaw Worm","floor":4,"turns":3},{"damage":27,"enemies":"Gremlin Nob","floor":8,"turns":4},{"damage":35,"enemies":"Lagavulin","floor":10,"turns":6},{"damage":0,"enemies":"Gremlin Gang","floor":13,"turns":4},{"damage":0,"enemies":"Slime Boss","floor":16,"turns":8},{"damage":0,"enemies":"2 Thieves","floor":18,"turns":4},{"damage":90,"enemies":"hubris:Merchant","floor":20,"turns":6}],"seed_played":"938081929151558655","potions_obtained":[{"floor":3,"key":"Languid Potion"},{"floor":4,"key":"LiquidBronze"},{"floor":8,"key":"DistilledChaos"},{"floor":10,"key":"LiquidMemories"}],"is_trial":false,"path_per_floor":["M","?","M","M","?","R","?","E","T","E","?","R","M","T","R","B",null,"M","?","$"],"character_chosen":"DEFECT","items_purchased":[],"campfire_rested":1,"item_purchase_floors":[],"current_hp_per_floor":[75,75,75,69,49,73,73,54,54,40,40,40,47,47,47,56,90,90,90,0,0],"gold":356,"neow_bonus":"TEN_PERCENT_HP_BONUS","is_daily":false,"chose_seed":false,"campfire_upgraded":2,"win_rate":0.0,"timestamp":1609725407,"path_taken":["M","?","M","M","?","R","?","E","T","E","?","R","M","?","R","BOSS","M","?","$"],"items_purchased_type":[],"build_version":"2020-12-22","purchased_purges":1,"victory":false,"max_hp_per_floor":[82,82,82,82,82,82,82,90,90,98,98,98,98,90,90,90,90,90,90,90,90],"card_choices":[{"not_picked":["Rebound","Turbo"],"picked":"Redo","floor":1},{"not_picked":["ReplayTheSpireMod:System Scan","ReplayTheSpireMod:Repulse"],"picked":"Steam","floor":3},{"not_picked":["ReplaySolidLightProjector","ReplayGash","Panic Button"],"picked":"SKIP","floor":4},{"not_picked":["Mirror Shield","Consume"],"picked":"Self Repair","floor":8},{"not_picked":["Reinforced Body","Hologram"],"picked":"Doom and Gloom","floor":10},{"not_picked":["Tempest","Aggregate"],"picked":"Turbo","floor":13},{"not_picked":["hubris:Prefetch","ReplayRNGCard"],"picked":"Fission","floor":16},{"not_picked":["Coolheaded","Turbo+1"],"picked":"Conserve Battery+1","floor":18}],"player_experience":249557,"relics_obtained":[{"floor":8,"key":"hubris:Spice"},{"floor":9,"key":"Solar Panel"},{"floor":10,"key":"hubris:Spice"},{"floor":11,"key":"Ring of Peace"},{"floor":11,"key":"ReplayTheSpireMod:Ring of Exchange"},{"floor":14,"key":"hubris:Spice"}],"event_choices":[{"damage_healed":0,"gold_gain":0,"player_choice":"Take Damage","damage_taken":20,"relics_obtained":["Golden Idol"],"max_hp_gain":0,"max_hp_loss":0,"event_name":"Golden Idol","floor":5,"gold_loss":0},{"damage_healed":0,"gold_gain":0,"player_choice":"Ignored","damage_taken":0,"max_hp_gain":0,"max_hp_loss":0,"event_name":"Ghosts","floor":19,"gold_loss":0}],"is_beta":false,"boss_relics":[{"not_picked":["hubris:Spice","HandDrill"],"picked":"Sling"}],"items_purged_floors":[20],"is_endless":false,"potions_floor_spawned":[3,4,8,10],"killed_by":"hubris:Merchant","ascension_level":1}}