{"host":"cux5c0ypkurx8q5k","time":1609795070,"event":{"mods":["BaseMod","Colored Map","Colored Powertips","Minty Spire (QoL Compilation)","StSLib"],"gold_per_floor":[115,133,148,3,15,48,68,68,68,93,93,103,128,139,139,236,236,249,174,174,191,4,4,4],"floor_reached":23,"playtime":1007,"items_purged":["Strike_R","Strike_R"],"score":324,"play_id":"ce8c1e1f-eb1f-471e-aa0a-55189d7c4af0","local_time":"20210104161750","is_ascension_mode":true,"campfire_choices":[{"data":"Armaments","floor":8,"key":"SMITH"},{"data":"Feed","floor":11,"key":"SMITH"},{"data":"Evolve","floor":15,"key":"SMITH"}],"circlet_count":0,"master_deck":["Strike_R","Strike_R","Strike_R","Defend_R","Defend_R","Defend_R","Defend_R","Bash","Thunderclap","Spot Weakness","Twin Strike","Evolve+1","Feed+1","Armaments+1","Clothesline","Heavy Blade","Clash","CurseOfTheBell","Dramatic Entrance"],"relics":["Burning Blood","Boot","Strawberry","Calipers","TungstenRod","Champion Belt","Calling Bell","Dream Catcher","InkBottle","Shovel"],"acts_visited":["Exordium","TheCity"],"potions_floor_usage":[6,10,10,16,23,23],"damage_taken":[{"damage":10,"enemies":"Cultist","floor":1,"turns":5},{"damage":2,"enemies":"2 Louse","floor":2,"turns":3},{"damage":7,"enemies":"Jaw Worm","floor":3,"turns":3},{"damage":15,"enemies":"3 Louse","floor":5,"turns":3},{"damage":8,"enemies":"Gremlin Nob","floor":6,"turns":3},{"damage":30,"enemies":"Large Slime","floor":7,"turns":5},{"damage":0,"enemies":"3 Sentries","floor":10,"turns":6},{"damage":9,"enemies":"Looter","floor":12,"turns":4},{"damage":33,"enemies":"Gremlin Nob","floor":13,"turns":5},{"damage":17,"enemies":"Exordium Thugs","floor":14,"turns":3},{"damage":23,"enemies":"Hexaghost","floor":16,"turns":9},{"damage":27,"enemies":"Spheric Guardian","floor":18,"turns":4},{"damage":36,"enemies":"Chosen","floor":21,"turns":7},{"damage":51,"enemies":"Book of Stabbing","floor":23,"turns":7}],"seed_played":"1797994812652489627","potions_obtained":[{"floor":2,"key":"HeartOfIron"},{"floor":5,"key":"AttackPotion"},{"floor":7,"key":"SneckoOil"},{"floor":14,"key":"FearPotion"},{"floor":16,"key":"HeartOfIron"},{"floor":21,"key":"Block Potion"}],"is_trial":false,"path_per_floor":["M","M","M","$","M","E","M","R","T","E","R","M","E","M","R","B",null,"M","$","?","M","$","E"],"character_chosen":"IRONCLAD","items_purchased":["Boot","Dramatic Entrance"],"campfire_rested":0,"item_purchase_floors":[4,22],"current_hp_per_floor":[84,88,87,87,78,83,62,62,62,72,72,69,46,39,39,26,114,97,97,73,47,47,0,0],"gold":4,"neow_bonus":"TEN_PERCENT_HP_BONUS","is_daily":false,"chose_seed":false,"campfire_upgraded":3,"win_rate":0.0,"timestamp":1609795070,"path_taken":["M","M","M","?","M","E","M","R","T","E","R","M","E","M","R","BOSS","M","$","?","M","$","E"],"items_purchased_type":["Relic","Card"],"build_version":"2020-12-22","purchased_purges":2,"victory":false,"max_hp_per_floor":[88,88,88,88,88,95,98,98,98,102,102,102,106,110,110,114,114,118,118,123,127,127,127,127],"card_choices":[{"not_picked":["Warcry","Body Slam"],"picked":"Thunderclap","floor":1},{"not_picked":["Cleave","Intimidate"],"picked":"Spot Weakness","floor":2},{"not_picked":["Havoc","Fire Breathing"],"picked":"Twin Strike","floor":3},{"not_picked":["Cleave","Headbutt"],"picked":"Evolve","floor":5},{"not_picked":["True Grit","Clothesline"],"picked":"Feed","floor":6},{"not_picked":["Iron Wave","Havoc"],"picked":"Armaments","floor":7},{"not_picked":["Thunderclap","Cleave"],"picked":"Clothesline","floor":10},{"not_picked":["Sentinel","Headbutt"],"picked":"Heavy Blade","floor":12},{"not_picked":["Burning Pact","Armaments"],"picked":"Clash","floor":13},{"not_picked":["Immolate","Clothesline","Perfected Strike"],"picked":"SKIP","floor":14},{"not_picked":["Body Slam+1","Clash","Headbutt+1"],"picked":"SKIP","floor":18},{"not_picked":["Twin Strike","Iron Wave+1","Double Tap"],"picked":"SKIP","floor":21}],"player_experience":96315,"relics_obtained":[{"floor":6,"key":"Strawberry"},{"floor":9,"key":"Calipers"},{"floor":10,"key":"TungstenRod"},{"floor":13,"key":"Champion Belt"},{"floor":17,"key":"Dream Catcher"},{"floor":17,"key":"InkBottle"},{"floor":17,"key":"Shovel"}],"event_choices":[{"damage_healed":0,"gold_gain":0,"player_choice":"Shed Blood","damage_taken":30,"max_hp_gain":5,"max_hp_loss":0,"event_name":"Forgotten Altar","floor":20,"gold_loss":0}],"is_beta":false,"boss_relics":[{"not_picked":["Runic Pyramid","Ectoplasm"],"picked":"Calling Bell"}],"items_purged_floors":[19,22],"is_endless":false,"potions_floor_spawned":[2,5,7,14,16,21],"killed_by":"Book of Stabbing","ascension_level":3}}