{"host":"dmdprxj8bosbz96f","time":1609772111,"event":{"mods":["AchievementEnabler","BaseMod","Colored Map","DeckTracker","Minty Spire (QoL Compilation)","Quick Restart","SuperFastMode","everything is the same but u backflip on backflip"],"gold_per_floor":[119,69,87,12,31,31,31,31,31,46,46,60,72,88,88,185,185,195,120,131,146,146,146],"floor_reached":22,"playtime":783,"items_purged":["Strike_B"],"score":180,"play_id":"ef04ca96-19a0-40c5-bdf0-f8836deaeaa4","local_time":"20210104235511","is_ascension_mode":false,"campfire_choices":[{"data":"Redo","floor":6,"key":"SMITH"},{"floor":11,"key":"REST"},{"data":"Loop","floor":15,"key":"SMITH"}],"circlet_count":0,"master_deck":["Strike_B","Strike_B","Defend_B+1","Defend_B+1","Defend_B","Zap","Dualcast","Undo","Redo+1","Hologram","Loop+1"],"relics":["Cracked Core","Kunai","Sozu"],"acts_visited":["Exordium","TheCity"],"potions_floor_usage":[16,18,18],"damage_taken":[{"damage":10,"enemies":"Small Slimes","floor":1,"turns":3},{"damage":6,"enemies":"Jaw Worm","floor":3,"turns":3},{"damage":9,"enemies":"Cultist","floor":5,"turns":4},{"damage":5,"enemies":"Red Slaver","floor":10,"turns":3},{"damage":0,"enemies":"Blue Slaver","floor":12,"turns":4},{"damage":3,"enemies":"Exordium Thugs","floor":13,"turns":5},{"damage":2,"enemies":"Lots of Slimes","floor":14,"turns":5},{"damage":39,"enemies":"Slime Boss","floor":16,"turns":7},{"damage":7,"enemies":"3 Byrds","floor":18,"turns":3},{"damage":13,"enemies":"Spheric Guardian","floor":20,"turns":5},{"damage":18,"enemies":"Centurion and Healer","floor":21,"turns":13},{"damage":23,"enemies":"Shelled Parasite and Fungi","floor":22,"turns":4}],"seed_played":"-300314245314413316","potions_obtained":[{"floor":1,"key":"LiquidMemories"},{"floor":10,"key":"Explosive Potion"},{"floor":13,"key":"FocusPotion"}],"is_trial":false,"path_per_floor":["M","?","M","$","M","R","?","$","T","M","R","M","M","M","R","B",null,"M","?","M","M","M"],"character_chosen":"DEFECT","items_purchased":[],"campfire_rested":1,"item_purchase_floors":[],"current_hp_per_floor":[65,65,59,59,50,50,35,35,35,30,52,52,49,47,47,8,75,68,68,55,37,14,14],"gold":146,"neow_bonus":"THREE_CARDS","is_daily":false,"chose_seed":false,"campfire_upgraded":2,"win_rate":0.0,"timestamp":1609772111,"path_taken":["M","?","M","$","M","R","?","$","T","M","R","M","M","M","R","BOSS","M","?","M","M","M"],"items_purchased_type":[],"build_version":"2020-12-22","purchased_purges":1,"victory":false,"max_hp_per_floor":[75,75,75,75,75,75,75,75,75,75,75,75,75,75,75,75,75,75,75,75,75,75,75],"card_choices":[{"not_picked":["Conserve Battery","Ball Lightning"],"picked":"Undo","floor":0},{"not_picked":["Self Repair","Barrage","Coolheaded"],"picked":"SKIP","floor":1},{"not_picked":["Ball Lightning","Fusion","Rebound"],"picked":"SKIP","floor":3},{"not_picked":["Barrage","Gash"],"picked":"Redo","floor":5},{"not_picked":["Turbo","Ball Lightning","Cold Snap"],"picked":"SKIP","floor":10},{"not_picked":["Force Field","Rebound","BootSequence"],"picked":"SKIP","floor":12},{"not_picked":["Sweeping Beam","Cold Snap"],"picked":"Hologram","floor":13},{"not_picked":["Fission","Turbo"],"picked":"Loop","floor":14},{"not_picked":["Reprogram+1","Ball Lightning","Beam Cell"],"picked":"SKIP","floor":18},{"not_picked":["Beam Cell","Gash+1","Streamline"],"picked":"SKIP","floor":20},{"not_picked":["Cold Snap","Rip and Tear","Consume"],"picked":"SKIP","floor":21}],"player_experience":121587,"relics_obtained":[{"floor":9,"key":"Kunai"}],"event_choices":[{"cards_removed":["Strike_B"],"damage_healed":0,"gold_gain":0,"player_choice":"Card Removal","damage_taken":0,"max_hp_gain":0,"max_hp_loss":0,"event_name":"The Cleric","floor":2,"gold_loss":50},{"damage_healed":0,"gold_gain":0,"player_choice":"Entered Light","damage_taken":15,"max_hp_gain":0,"max_hp_loss":0,"event_name":"Shining Light","floor":7,"gold_loss":0,"cards_upgraded":["Defend_B","Defend_B"]},{"cards_removed":["Defend_B"],"damage_healed":0,"gold_gain":0,"player_choice":"Gave Gold","damage_taken":0,"max_hp_gain":0,"max_hp_loss":0,"event_name":"Beggar","floor":19,"gold_loss":75}],"is_beta":false,"boss_relics":[{"not_picked":["Pandora\u0027s Box","Runic Dome"],"picked":"Sozu"}],"items_purged_floors":[4],"is_endless":false,"potions_floor_spawned":[1,10,13,21],"killed_by":"Shelled Parasite and Fungi","ascension_level":0}}