{"host":"p4zclu0beiy6gkiq","time":1609746995,"event":{"mods":["AchievementEnabler","BaseMod","Bestiary","Colored Map","Colored Powertips","DeckTracker","Minty Spire (QoL Compilation)","Quick Restart","StSLib","SuperFastMode","The Cursed"],"gold_per_floor":[109,59,75,86,261,261,288,288,288,288,96,122,134,164,164,263,263,276,290,306,306,326,352,352,362,362,376,376,376],"floor_reached":28,"playtime":3579,"items_purged":["Doubt"],"score":286,"play_id":"f9d50cff-a76c-49df-8f13-a8c63a2e7dcc","local_time":"20210104165635","is_ascension_mode":true,"campfire_choices":[{"data":"Glacier","floor":6.0,"key":"SMITH"},{"data":"Coolheaded","floor":8.0,"key":"SMITH"},{"data":"Streamline","floor":10.0,"key":"SMITH"},{"data":"Genetic Algorithm","floor":15.0,"key":"SMITH"},{"floor":24.0,"key":"REST"}],"circlet_count":0,"master_deck":["Strike_B","Strike_B+1","Strike_B","Defend_B","Defend_B","Defend_B","Zap","Dualcast","Streamline+1","Sweeping Beam","Glacier+1","Coolheaded+1","Defragment","Hologram","Core Surge","Genetic Algorithm+1","Barrage","Meteor Strike","Turbo+1","Sunder","Turbo+1","Ball Lightning","Skim+1","Core Surge+1"],"relics":["Cracked Core","NeowsBlessing","Singing Bowl","Orichalcum","Toxic Egg 2","Black Star","FossilizedHelix","Bag of Preparation","Whetstone"],"acts_visited":["Exordium","TheCity"],"potions_floor_usage":[],"damage_taken":[{"damage":0.0,"enemies":"Small Slimes","floor":1.0,"turns":1.0},{"damage":0.0,"enemies":"Jaw Worm","floor":3.0,"turns":1.0},{"damage":0.0,"enemies":"Cultist","floor":4.0,"turns":1.0},{"damage":24.0,"enemies":"Gremlin Nob","floor":7.0,"turns":4.0},{"damage":10.0,"enemies":"Lagavulin","floor":12.0,"turns":6.0},{"damage":8.0,"enemies":"Exordium Thugs","floor":13.0,"turns":4.0},{"damage":7.0,"enemies":"3 Sentries","floor":14.0,"turns":11.0},{"damage":13.0,"enemies":"The Guardian","floor":16.0,"turns":12.0},{"damage":25.0,"enemies":"2 Thieves","floor":18.0,"turns":5.0},{"damage":13.0,"enemies":"Shell Parasite","floor":19.0,"turns":9.0},{"damage":12.0,"enemies":"Snake Plant","floor":20.0,"turns":7.0},{"damage":12.0,"enemies":"Sentry and Sphere","floor":22.0,"turns":8.0},{"damage":6.0,"enemies":"Gremlin Leader","floor":23.0,"turns":7.0},{"damage":20.0,"enemies":"Shelled Parasite and Fungi","floor":25.0,"turns":10.0},{"damage":0,"enemies":"Snecko","floor":27,"turns":5},{"damage":16,"enemies":"Book of Stabbing","floor":28,"turns":5}],"seed_played":"2594948943681631702","potions_obtained":[{"floor":3.0,"key":"AttackPotion"},{"floor":12.0,"key":"LiquidMemories"},{"floor":16.0,"key":"GamblersBrew"},{"floor":20.0,"key":"Swift Potion"}],"is_trial":false,"path_per_floor":["M","?","M","M","?","R","E","R","T","R","$","E","M","E","R","B",null,"M","M","M","?","M","E","R","M","T","M","E"],"character_chosen":"DEFECT","items_purchased":["Defragment","Hologram"],"campfire_rested":1,"item_purchase_floors":[11,11],"current_hp_per_floor":[75,75,75,75,75,75,51,51,51,51,51,41,33,26,26,13,75,50,37,25,25,13,9,32,12,12,14,0,0],"gold":376,"neow_bonus":"THREE_ENEMY_KILL","is_daily":false,"chose_seed":false,"campfire_upgraded":4,"win_rate":0.0,"timestamp":1609746995,"path_taken":["M","?","M","M","?","R","E","R","T","R","$","E","M","E","R","BOSS","M","M","M","?","M","E","R","M","T","M","E"],"items_purchased_type":["Card","Card"],"build_version":"2020-12-22","purchased_purges":1,"victory":false,"max_hp_per_floor":[75,75,75,75,75,75,75,75,75,75,75,75,75,75,75,75,75,75,75,75,75,75,77,77,77,77,79,79,79],"card_choices":[{"not_picked":["Ball Lightning","Melter"],"picked":"Streamline","floor":1.0},{"not_picked":["Lockon","Beam Cell"],"picked":"Sweeping Beam","floor":3.0},{"not_picked":["Coolheaded","Beam Cell"],"picked":"Glacier","floor":4.0},{"not_picked":["Stack","White Noise"],"picked":"Coolheaded","floor":7.0},{"not_picked":["Steam","Coolheaded"],"picked":"Core Surge","floor":12.0},{"not_picked":["BootSequence","Sweeping Beam"],"picked":"Genetic Algorithm","floor":13.0},{"not_picked":["Beam Cell","Reprogram+1"],"picked":"Barrage","floor":14.0},{"not_picked":["Amplify+1","Multi-Cast+1"],"picked":"Meteor Strike","floor":16.0},{"not_picked":["Recycle+1","Go for the Eyes"],"picked":"Turbo+1","floor":18.0},{"not_picked":["Auto Shields+1","Scrape"],"picked":"Sunder","floor":19.0},{"not_picked":["Doom and Gloom+1","Coolheaded+1"],"picked":"Turbo+1","floor":20.0},{"not_picked":["Streamline+1","Steam Power+1"],"picked":"Skim+1","floor":22.0},{"not_picked":["Ball Lightning","Beam Cell","Doom and Gloom"],"picked":"Singing Bowl","floor":23.0},{"not_picked":["Beam Cell+1","Heatsinks"],"picked":"Core Surge","floor":25.0},{"not_picked":["Streamline+1","Tempest+1","Scrape+1"],"picked":"Singing Bowl","floor":27}],"player_experience":176330,"relics_obtained":[{"floor":7.0,"key":"Singing Bowl"},{"floor":12.0,"key":"Orichalcum"},{"floor":14.0,"key":"Toxic Egg 2"},{"floor":23.0,"key":"FossilizedHelix"},{"floor":23.0,"key":"Bag of Preparation"},{"floor":26.0,"key":"Whetstone"}],"event_choices":[{"cards_removed":["Strike_B"],"damage_healed":0.0,"max_hp_gain":0.0,"max_hp_loss":0.0,"gold_gain":0.0,"event_name":"The Cleric","player_choice":"Card Removal","floor":2.0,"gold_loss":50.0,"damage_taken":0.0},{"damage_healed":0.0,"max_hp_gain":0.0,"max_hp_loss":0.0,"gold_gain":175.0,"event_name":"Liars Game","player_choice":"AGREE","floor":5.0,"gold_loss":0.0,"damage_taken":0.0,"cards_obtained":["Doubt"]},{"damage_healed":0.0,"max_hp_gain":0.0,"max_hp_loss":0.0,"gold_gain":0.0,"cards_transformed":["Defend_B"],"event_name":"Transmorgrifier","player_choice":"Transformed","floor":21.0,"gold_loss":0.0,"damage_taken":0.0,"cards_obtained":["Ball Lightning"]}],"is_beta":false,"boss_relics":[{"not_picked":["Empty Cage","Inserter"],"picked":"Black Star"}],"items_purged_floors":[11],"is_endless":false,"potions_floor_spawned":[3,12,16,20],"killed_by":"Book of Stabbing","ascension_level":2}}