{"host":"8anlmvy5ylhozj27","time":1609798740,"event":{"mods":["2.2 Compatiblity","Act Like it!","Aspiration","BaseMod","Best Route Mod","Better Match","Better Note","Better Skull","Better Third Choice","BetterRewards","Block Reminder","Colored Map","Colored Powertips","Conspire","Duelist Mod","Energized Spire","GifTheSpireLib","Gold Saver","Halation","Hermit","Highlight Path","Hubris","Infinite Spire","Ironclad Rager","Minty Spire (QoL Compilation)","Permanent Neow","Quick Restart","Rare Cards Sparkle","Replay The Spire","Spicy Shops","StSLib","Stuff the Spire","The Bladedancer","The Blue Laboratory","The Disciple","The Exalted","The Necromancer","The Sage","Transform Curses","Wandering Minibosses","vexMod"],"gold_per_floor":[945,965,43,118,137,137,168,93,93,119,119,119,119,119,119,243,243,259,275,550,57,81,81,105,105,105,105,126,126,164,183,183,311,311,335,350,373,391,391,422,434,482,517,573,585,612,637,672,684,696],"floor_reached":51,"playtime":14625,"items_purged":["Shame","Regret"],"score":817,"play_id":"bc959f3e-82b3-4b48-a772-028091f8abdc","local_time":"20210104231900","is_ascension_mode":false,"campfire_choices":[{"data":"Pommel Strike","floor":6,"key":"SMITH"},{"data":"infinitespire:OneForAll","floor":12,"key":"SMITH"},{"data":"Twin Strike","floor":15,"key":"SMITH"},{"data":"ReplayTheSpireMod:Private Reserves","floor":23,"key":"SMITH"},{"data":"Berserk","floor":29,"key":"SMITH"},{"data":"Sword Boomerang","floor":32,"key":"SMITH"},{"data":"Demon Form","floor":41,"key":"SMITH"},{"data":"ReplayTheSpireMod:Stacked","floor":45,"key":"SMITH"},{"data":"Cleave","floor":45,"key":"SMITH"},{"data":"Clash","floor":49,"key":"SMITH"},{"data":"Heavy Blade","floor":49,"key":"SMITH"}],"circlet_count":0,"master_deck":["Strike_R","Strike_R","Strike_R","Strike_R","Defend_R","Defend_R","Defend_R","Defend_R","Bash+1","Sword Boomerang+1","Iron Wave+1","Magnetism+1","Pommel Strike+1","infinitespire:OneForAll+1","hubris:StunningStrike+1","Twin Strike+1","Regret","infinitespire:OneForAll+1","Berserk+1","Flame Barrier+1","Thunderclap+1","ReplayTheSpireMod:Private Reserves+1","Cleave+1","Wild Strike+1","Clash+1","Demon Form+1","Entrench+1","Spot Weakness+1","Cleave+1","Metallicize+1","Rampage+1","ReplayTheSpireMod:Stacked+1","Headbutt+1","Flame Barrier+1","Heavy Blade+1","Clash+1"],"relics":["Burning Blood","InkBottle","Bag of Preparation","Bromod:ArcaneGuardian","vexMod:PaidLearning","halation:KoshaPiece","Question Card","Toy Ornithopter","StuffTheSpire:RedRose","Golden Idol","Mark of Pain","Potion Belt","vexMod:Cooldron","Dream Catcher","Quantum Egg","hubris:FunFungus","Bromod:ArcaneGrace","infinitespire:CheckeredPen","MawBank","halation:PenCase","Blood Vial","Regal Pillow"],"acts_visited":["Exordium","TheCity","TheBeyond"],"potions_floor_usage":[16,22,22,33,33,33,33,33,40,40,40,40,40,40,40,40,40,46,46,46,46,50,50,50,50,50,50,50,50,50,50,50,50],"damage_taken":[{"damage":0,"enemies":"Small Slimes","floor":1,"turns":3},{"damage":1,"enemies":"Jaw Worm","floor":2,"turns":3},{"damage":2,"enemies":"Cultist","floor":5,"turns":4},{"damage":16,"enemies":"Lagavulin","floor":7,"turns":7},{"damage":18,"enemies":"3 Sentries","floor":10,"turns":8},{"damage":35,"enemies":"The Guardian","floor":16,"turns":9},{"damage":10,"enemies":"3 Byrds","floor":18,"turns":4},{"damage":12,"enemies":"Shell Parasite","floor":19,"turns":4},{"damage":14,"enemies":"Snake Plant","floor":22,"turns":3},{"damage":15,"enemies":"Sentry and Sphere","floor":24,"turns":3},{"damage":16,"enemies":"Centurion and Healer","floor":28,"turns":5},{"damage":0,"enemies":"Book of Stabbing","floor":30,"turns":3},{"damage":3,"enemies":"Snake Plant","floor":31,"turns":3},{"damage":57,"enemies":"Automaton","floor":33,"turns":6},{"damage":28,"enemies":"3 Darklings","floor":35,"turns":3},{"damage":23,"enemies":"Orb Walker","floor":36,"turns":5},{"damage":17,"enemies":"3 Darklings","floor":37,"turns":4},{"damage":24,"enemies":"Maw","floor":38,"turns":7},{"damage":69,"enemies":"Nemesis","floor":40,"turns":7},{"damage":16,"enemies":"Giant Head","floor":42,"turns":7},{"damage":0,"enemies":"R_Hoarder","floor":44,"turns":5},{"damage":21,"enemies":"Transient","floor":46,"turns":5},{"damage":23,"enemies":"3 Darklings","floor":47,"turns":4},{"damage":32,"enemies":"Sphere and 2 Shapes","floor":48,"turns":4},{"damage":75,"enemies":"Donu and Deca","floor":50,"turns":7}],"seed_played":"1259305065233109750","potions_obtained":[{"floor":1,"key":"FairyPotion"},{"floor":10,"key":"Adrenaline Potion"},{"floor":16,"key":"PowerPotion"},{"floor":19,"key":"BlessingOfTheForge"},{"floor":30,"key":"EntropicBrew"},{"floor":31,"key":"EntropicBrew"},{"floor":33,"key":"EntropicBrew"},{"floor":40,"key":"EntropicBrew"},{"floor":42,"key":"EntropicBrew"},{"floor":47,"key":"EntropicBrew"}],"is_trial":false,"path_per_floor":["M","M","$","?","M","R","E","?","T","E","?","R","?","?","R","B",null,"M","M","?","$","M","R","M","?","T","?","M","R","E","M","R","B",null,"M","M","M","M","T","E","R","E","T","E","R","M","M","M","R","B",null],"character_chosen":"IRONCLAD","items_purchased":["InkBottle","Bag of Preparation","Bromod:ArcaneGuardian","Magnetism","vexMod:PaidLearning","Potion Belt","vexMod:Cooldron","ReplayTheSpireMod:Private Reserves"],"campfire_rested":0,"item_purchase_floors":[3,3,3,3,3,21,21,21],"current_hp_per_floor":[80,80,80,69,73,73,63,63,63,51,51,51,51,31,31,7,80,76,70,70,70,72,72,63,63,63,63,53,53,59,62,62,40,80,60,51,43,29,29,79,79,73,73,80,80,68,57,37,37,26],"gold":708,"neow_bonus":"UPGRADE_CARD","is_daily":false,"chose_seed":false,"campfire_upgraded":11,"win_rate":0.0,"timestamp":1609798740,"path_taken":["M","M","$","?","M","R","E","?","T","E","?","R","?","?","R","BOSS","M","M","?","?","M","R","?","?","T","?","M","R","E","M","R","BOSS","M","M","M","M","?","E","R","E","T","E","R","M","M","M","R","BOSS"],"items_purchased_type":["Relic","Relic","Relic","Card","Relic","Relic","Relic","Card"],"build_version":"2020-12-22","purchased_purges":2,"victory":true,"max_hp_per_floor":[80,80,80,80,80,80,80,80,80,80,80,80,80,80,80,80,80,80,80,80,80,80,80,80,80,80,80,80,80,80,80,80,80,80,80,80,80,80,80,80,80,80,80,80,80,80,80,80,80,84],"card_choices":[{"not_picked":["Thunderclap","ReplayTheSpireMod:Strike From Hell"],"picked":"Sword Boomerang","floor":1},{"not_picked":["Body Slam","True Grit"],"picked":"Iron Wave","floor":2},{"not_picked":["StuffTheSpire:RockThrow","Iron Wave"],"picked":"Pommel Strike","floor":5},{"not_picked":["Wild Strike","Spot Weakness"],"picked":"infinitespire:OneForAll","floor":7},{"not_picked":["Demonic Infusion+1","StuffTheSpire:TitanForm+1"],"picked":"hubris:StunningStrike+1","floor":8},{"not_picked":["Headbutt","Rage","ReplayTheSpireMod:Strike From Hell"],"picked":"Twin Strike","floor":10},{"not_picked":["Juggernaut","Demonic Infusion","StuffTheSpire:TitanForm"],"picked":"Berserk","floor":16},{"not_picked":["Shrug It Off","StuffTheSpire:Slingshot+1","Havoc"],"picked":"Flame Barrier+1","floor":18},{"not_picked":["Heavy Blade+1","Dark Embrace","StuffTheSpire:Incineration"],"picked":"Thunderclap+1","floor":19},{"not_picked":["StuffTheSpire:Pyroclast","Heavy Blade","Second Wind"],"picked":"Cleave+1","floor":22},{"not_picked":["Sentinel","Headbutt+1","Power Through","ReplayTheSpireMod:Strike From Hell+1"],"picked":"SKIP","floor":24},{"not_picked":["StuffTheSpire:TitanForm","Massacre","hubris:SharpeningStone+1"],"picked":"Wild Strike+1","floor":28},{"not_picked":["Replay:Undeath\u0027s Touch","ReplayTheSpireMod:Muscle Training","Feel No Pain","Searing Blow"],"picked":"SKIP","floor":30},{"not_picked":["ReplayTheSpireMod:Strike From Hell","Pommel Strike","Pummel+1"],"picked":"Clash+1","floor":31},{"not_picked":["Eclipse","Brutality","Demonic Infusion"],"picked":"Demon Form","floor":33},{"not_picked":["Warcry+1","Shrug It Off","Second Wind+1"],"picked":"Entrench+1","floor":35},{"not_picked":["Headbutt+1","Armaments+1","Life Link+1"],"picked":"Spot Weakness+1","floor":36},{"not_picked":["Massacre+1","True Grit+1","StuffTheSpire:Resist+1"],"picked":"Cleave","floor":37},{"not_picked":["Replay:Undeath\u0027s Touch","Burning Pact","conspire:ExplosiveBarrier"],"picked":"Metallicize+1","floor":38},{"not_picked":["Seeing Red","Entrench+1","ReplayTheSpireMod:LeadingStrike+1"],"picked":"Rampage+1","floor":40},{"not_picked":["Havoc+1","Warcry+1","Seeing Red"],"picked":"ReplayTheSpireMod:Stacked","floor":42},{"not_picked":["Corruption","Replay:Undeath\u0027s Touch","Iron Wave+1"],"picked":"Headbutt+1","floor":44},{"not_picked":["Flex","Havoc","Replay:Undeath\u0027s Touch"],"picked":"Flame Barrier+1","floor":46},{"not_picked":["StuffTheSpire:Pyroclast+1","Fire Breathing","Warcry+1"],"picked":"Heavy Blade","floor":47},{"not_picked":["Carnage+1","Sword Boomerang+1","Flex+1"],"picked":"Clash","floor":48}],"player_experience":110317,"relics_obtained":[{"floor":7,"key":"halation:KoshaPiece"},{"floor":9,"key":"Question Card"},{"floor":10,"key":"Toy Ornithopter"},{"floor":25,"key":"Dream Catcher"},{"floor":26,"key":"Quantum Egg"},{"floor":30,"key":"hubris:FunFungus"},{"floor":39,"key":"infinitespire:CheckeredPen"},{"floor":40,"key":"MawBank"},{"floor":42,"key":"halation:PenCase"},{"floor":43,"key":"Blood Vial"},{"floor":44,"key":"Regal Pillow"}],"event_choices":[{"damage_healed":0,"gold_gain":75,"player_choice":"Gold","damage_taken":11,"max_hp_gain":1,"max_hp_loss":0,"event_name":"betterThird:BetterGoop","floor":4,"gold_loss":0},{"damage_healed":0,"gold_gain":0,"player_choice":"2","damage_taken":0,"max_hp_gain":0,"max_hp_loss":0,"event_name":"betterMatch:BetterMatch","floor":8,"gold_loss":0,"cards_obtained":["betterMatch:RareCard"]},{"damage_healed":0,"gold_gain":0,"player_choice":"Take Damage","damage_taken":20,"relics_obtained":["Golden Idol"],"max_hp_gain":0,"max_hp_loss":0,"event_name":"Golden Idol","floor":14,"gold_loss":0},{"damage_healed":0,"gold_gain":275,"player_choice":"Desecrate","damage_taken":0,"max_hp_gain":0,"max_hp_loss":0,"event_name":"Golden Shrine","floor":20,"gold_loss":0,"cards_obtained":["Regret"]},{"damage_healed":0,"gold_gain":0,"player_choice":"Relic","damage_taken":0,"max_hp_gain":0,"max_hp_loss":0,"event_name":"Wheel of Change","floor":25,"gold_loss":0},{"damage_healed":0,"gold_gain":0,"player_choice":"Got Potions","damage_taken":0,"max_hp_gain":0,"max_hp_loss":0,"event_name":"Lab","floor":27,"gold_loss":0}],"is_beta":false,"boss_relics":[{"not_picked":["StuffTheSpire:RunicHypercube","halation:HeavySnake"],"picked":"Mark of Pain"},{"not_picked":["Runic Pyramid","vexMod:RockOfEvil"],"picked":"Bromod:ArcaneGrace"}],"items_purged_floors":[3,21],"is_endless":false,"potions_floor_spawned":[1,10,16,19,24,30,31,33,38,40,42,47],"ascension_level":0}}