{"host":"5dk97cf2ubw2v967","time":1609759025,"event":{"mods":["AlwaysNeverKeys","BaseMod","Better Altar","Better Vampires","Block Reminder","Colored Powertips","Downfall","Googly Eyes","Highlight Path","Minty Spire (QoL Compilation)","Permanent Neow","Potion Indicator Mod","Quick Restart","Relic Filter","Relic Stats","Say the Spire","Spicy Shops","StSLib","Waifu the Spire","everything is the same but u backflip on backflip"],"gold_per_floor":[19,32,42,60,60,85,85,112,112,182,209,209,224,92,92,169,169,179,192,192,212,137,137,170,170,219,242,266,266,291,320,320,403,403,431,445,457,69,69,107,107,139,192,192,55,71,71,112,112,112,112],"floor_reached":52,"playtime":2819,"items_purged":["Strike_B","Defend_B"],"score":1971,"play_id":"42987949-8750-41ad-814d-14a0eca0df8b","local_time":"20210104111705","is_ascension_mode":true,"campfire_choices":[{"floor":7,"key":"REST"},{"floor":12,"key":"REST"},{"data":"Defragment","floor":15,"key":"SMITH"},{"data":"Dualcast","floor":23,"key":"SMITH"},{"floor":25,"key":"REST"},{"floor":32,"key":"REST"},{"data":"Apotheosis","floor":41,"key":"SMITH"},{"data":"Defragment","floor":44,"key":"SMITH"},{"floor":47,"key":"REST"},{"floor":49,"key":"REST"}],"circlet_count":0,"master_deck":["AscendersBane","Defend_B","Defend_B","Zap","Dualcast+1","Chaos+1","Sunder","Streamline","Streamline","Auto Shields","Melter+1","FTL","Defragment+1","Seek","Conserve Battery+1","All For One","FTL+1","Ball Lightning+1","Leap","Core Surge","Redo+1","BootSequence+1","All For One","Scrape","Defragment+1","Apotheosis+1","Double Energy","Creative AI","Storm+1"],"relics":["FrozenCore","Lantern","Letter Opener","InkBottle","HornCleat","CeramicFish","Strawberry","Nloth\u0027s Gift","Sundial","SlaversCollar","Whetstone","Art of War","Bag of Preparation","War Paint"],"acts_visited":["Exordium","TheCity","TheBeyond"],"potions_floor_usage":[11,11,16,18,24,30,30,33,35,40,42,42,50,51],"damage_taken":[{"damage":0,"enemies":"2 Louse","floor":1,"turns":2},{"damage":7,"enemies":"Jaw Worm","floor":2,"turns":3},{"damage":0,"enemies":"Cultist","floor":3,"turns":3},{"damage":13,"enemies":"Exordium Wildlife","floor":4,"turns":4},{"damage":12,"enemies":"Gremlin Nob","floor":6,"turns":3},{"damage":20,"enemies":"3 Sentries","floor":8,"turns":5},{"damage":7,"enemies":"Lagavulin","floor":11,"turns":4},{"damage":6,"enemies":"3 Louse","floor":13,"turns":2},{"damage":2,"enemies":"Hexaghost","floor":16,"turns":9},{"damage":8,"enemies":"2 Thieves","floor":18,"turns":4},{"damage":7,"enemies":"Shell Parasite","floor":19,"turns":4},{"damage":8,"enemies":"Centurion and Healer","floor":21,"turns":5},{"damage":32,"enemies":"Book of Stabbing","floor":24,"turns":6},{"damage":1,"enemies":"Cultist and Chosen","floor":28,"turns":6},{"damage":43,"enemies":"Slavers","floor":30,"turns":7},{"damage":0,"enemies":"Snecko","floor":31,"turns":4},{"damage":22,"enemies":"Automaton","floor":33,"turns":8},{"damage":11,"enemies":"3 Darklings","floor":35,"turns":5},{"damage":0,"enemies":"3 Shapes","floor":36,"turns":7},{"damage":15,"enemies":"Sphere and 2 Shapes","floor":37,"turns":6},{"damage":4,"enemies":"Giant Head","floor":40,"turns":7},{"damage":0,"enemies":"Reptomancer","floor":42,"turns":8},{"damage":0,"enemies":"Jaw Worm Horde","floor":46,"turns":5},{"damage":19,"enemies":"Nemesis","floor":48,"turns":6},{"damage":22,"enemies":"Awakened One","floor":50,"turns":10},{"damage":21,"enemies":"Donu and Deca","floor":51,"turns":6}],"seed_played":"-4542043515879080225","potions_obtained":[{"floor":4,"key":"Guardian:BlockOnCardUsePotion"},{"floor":8,"key":"FearPotion"},{"floor":11,"key":"EssenceOfSteel"},{"floor":16,"key":"ColorlessPotion"},{"floor":21,"key":"GamblersBrew"},{"floor":28,"key":"Regen Potion"},{"floor":30,"key":"sneckomod:MuddlingPotion"},{"floor":33,"key":"FearPotion"},{"floor":35,"key":"PowerPotion"},{"floor":36,"key":"FocusPotion"},{"floor":40,"key":"Fire Potion"}],"is_trial":false,"path_per_floor":["M","M","M","M","?","E","R","E","T","?","E","R","M","$","R","B",null,"M","M","?","M","?","R","E","R","T","T","M","?","E","M","R","B",null,"M","M","M","$","?","E","R","E","T","R","$","M","R","E","R","B","B",null],"character_chosen":"DEFECT","items_purchased":["Dexterity Potion","Defragment","Apotheosis","Double Energy","FocusPotion","PowerPotion"],"campfire_rested":6,"item_purchase_floors":[14,38,38,38,45,45],"current_hp_per_floor":[64,57,57,44,23,11,32,12,12,12,5,26,20,20,20,18,58,50,43,43,35,35,35,13,37,37,44,43,43,15,15,41,19,71,60,60,45,45,45,41,41,41,41,41,41,41,67,48,74,52,31],"gold":112,"neow_bonus":"TRANSFORM_TWO_CARDS","is_daily":false,"chose_seed":false,"campfire_upgraded":4,"win_rate":0.0,"timestamp":1609759025,"path_taken":["M","M","M","M","?","E","R","E","T","?","E","R","M","?","R","BOSS","M","M","?","?","?","R","E","R","T","?","M","?","E","?","R","BOSS","M","M","M","$","?","E","R","E","T","R","?","M","R","E","R","BOSS","BOSS"],"items_purchased_type":["Potion","Card","Card","Card","Potion","Potion"],"build_version":"2020-12-22","purchased_purges":2,"victory":true,"max_hp_per_floor":[71,71,71,71,71,71,71,71,71,71,71,71,71,71,71,71,71,71,71,71,71,71,71,81,81,81,88,88,88,88,88,88,88,88,88,88,88,88,88,88,88,88,88,88,88,88,88,88,88,88,88],"relic_stats":{"counters":[26,139],"Sundial":[12],"CeramicFish":81,"Nloth\u0027s Gift":3,"Art of War":[1],"Bag of Preparation":[8],"Letter Opener":[365],"Whetstone":["FTL","Ball Lightning"],"War Paint":["BootSequence","Conserve Battery"],"obtain_stats":[{"Lantern":6,"Pear":24,"CeramicFish":26,"Bag of Preparation":43,"Letter Opener":8,"Whetstone":40,"War Paint":48,"FrozenCore":17,"SlaversCollar":34,"HornCleat":11,"Sundial":30,"Strawberry":27,"Nloth\u0027s Gift":29,"Art of War":42,"Cracked Core":0,"InkBottle":9},{"Lantern":5,"Pear":13,"CeramicFish":13,"Bag of Preparation":22,"Letter Opener":6,"Whetstone":21,"War Paint":24,"FrozenCore":9,"SlaversCollar":17,"HornCleat":7,"Sundial":15,"Strawberry":13,"Nloth\u0027s Gift":14,"Art of War":22,"Cracked Core":0,"InkBottle":6},{"Lantern":15,"Pear":54,"CeramicFish":54,"Bag of Preparation":112,"Letter Opener":20,"Whetstone":104,"War Paint":123,"FrozenCore":35,"SlaversCollar":79,"HornCleat":24,"Sundial":67,"Strawberry":54,"Nloth\u0027s Gift":60,"Art of War":112,"Cracked Core":0,"InkBottle":20}],"InkBottle":[57],"FrozenCore":[47]},"card_choices":[{"not_picked":["Leap","Hologram"],"picked":"Streamline","floor":1},{"not_picked":["Go for the Eyes","Coolheaded"],"picked":"Streamline","floor":2},{"not_picked":["Rebound","Ball Lightning"],"picked":"Auto Shields","floor":3},{"not_picked":["Steam","Storm"],"picked":"Melter","floor":4},{"not_picked":["Sunder","Streamline"],"picked":"FTL","floor":6},{"not_picked":["White Noise","Cold Snap"],"picked":"Defragment","floor":8},{"not_picked":["Aggregate","Go for the Eyes"],"picked":"Seek","floor":11},{"not_picked":["Rebound","Gash"],"picked":"Conserve Battery","floor":13},{"not_picked":["Echo Form","Machine Learning"],"picked":"All For One","floor":16},{"not_picked":["Cold Snap","Compile Driver"],"picked":"FTL","floor":18},{"not_picked":["Sweeping Beam","Stack"],"picked":"Ball Lightning","floor":19},{"not_picked":["Force Field","Sweeping Beam"],"picked":"Leap","floor":21},{"not_picked":["Barrage","Blizzard"],"picked":"Core Surge","floor":24},{"not_picked":["Turbo","Streamline"],"picked":"Redo+1","floor":28},{"not_picked":["Sweeping Beam+1","Rip and Tear","Thunder Strike"],"picked":"SKIP","floor":30},{"not_picked":["Go for the Eyes","Coolheaded"],"picked":"BootSequence","floor":31},{"not_picked":["Buffer","Echo Form"],"picked":"All For One","floor":33},{"not_picked":["Coolheaded+1","Cold Snap"],"picked":"Scrape","floor":35},{"not_picked":["Lockon","Beam Cell","Compile Driver"],"picked":"SKIP","floor":36},{"not_picked":["Hologram","Streamline","Rainbow"],"picked":"SKIP","floor":37},{"not_picked":["Turbo+1","Beam Cell+1"],"picked":"Creative AI","floor":40},{"not_picked":["Self Repair","Beam Cell","Hyperbeam"],"picked":"SKIP","floor":42},{"not_picked":["Genetic Algorithm","Coolheaded","Steam Power"],"picked":"SKIP","floor":46},{"not_picked":["Electrodynamics","Hyperbeam"],"picked":"Storm+1","floor":48}],"player_experience":1290288,"relics_obtained":[{"floor":6,"key":"Lantern"},{"floor":8,"key":"Letter Opener"},{"floor":9,"key":"InkBottle"},{"floor":11,"key":"HornCleat"},{"floor":24,"key":"Pear"},{"floor":26,"key":"CeramicFish"},{"floor":27,"key":"Strawberry"},{"floor":30,"key":"Sundial"},{"floor":40,"key":"Whetstone"},{"floor":42,"key":"Art of War"},{"floor":43,"key":"Bag of Preparation"},{"floor":48,"key":"War Paint"}],"event_choices":[{"damage_healed":0,"gold_gain":0,"player_choice":"Entered Light","damage_taken":21,"max_hp_gain":0,"max_hp_loss":0,"event_name":"Shining Light","floor":5,"gold_loss":0,"cards_upgraded":["Melter","Chaos"]},{"damage_healed":0,"gold_gain":70,"player_choice":"Gained Gold","damage_taken":0,"max_hp_gain":0,"max_hp_loss":0,"event_name":"Golden Wing","floor":10,"gold_loss":0},{"cards_removed":["Strike_B"],"damage_healed":0,"gold_gain":0,"player_choice":"Offered Basic","damage_taken":0,"max_hp_gain":0,"max_hp_loss":0,"event_name":"Bonfire Elementals","floor":20,"gold_loss":0},{"cards_removed":["Strike_B"],"damage_healed":0,"gold_gain":0,"player_choice":"Gave Gold","damage_taken":0,"max_hp_gain":0,"max_hp_loss":0,"event_name":"Beggar","floor":22,"gold_loss":75},{"damage_healed":0,"gold_gain":0,"player_choice":"Traded Relic","damage_taken":0,"relics_obtained":["Nloth\u0027s Gift"],"max_hp_gain":0,"max_hp_loss":0,"event_name":"N\u0027loth","floor":29,"relics_lost":["Pear"],"gold_loss":0},{"damage_healed":0,"gold_gain":0,"player_choice":"Ignored","damage_taken":0,"max_hp_gain":0,"max_hp_loss":0,"event_name":"SecretPortal","floor":39,"gold_loss":0}],"is_beta":false,"boss_relics":[{"not_picked":["Astrolabe","Empty Cage"],"picked":"FrozenCore"},{"not_picked":["Runic Dome","Fusion Hammer"],"picked":"SlaversCollar"}],"items_purged_floors":[14,38],"is_endless":false,"potions_floor_spawned":[4,8,11,16,21,28,30,33,35,36,40],"ascension_level":20}}