{"host":"Ceyx","time":1609766191,"event":{"mods":["BaseMod","Beaked The Cultist","BetterRewards","Conspire","Downfall","Hubris","Minty Spire (QoL Compilation)","StSLib","The Jungle"],"gold_per_floor":[117,131,144,163,163,213,242,254,320,332,372,384,414,426,438,574,586,614,642,111,126,126,126,139,163,163,179,179,198,237,237,237,357,357,375,375,396,409,444,488,503,541,564,564,564,31,31,31,31,31],"floor_reached":51,"playtime":6153,"items_purged":[],"score":864,"play_id":"394d36cc-ba5c-4e11-ac66-3f4484220635","local_time":"20210104201631","is_ascension_mode":false,"campfire_choices":[{"data":"beaked:CrazyRituals","floor":8.0,"key":"SMITH"},{"data":"beaked:DesperateSwing","floor":12.0,"key":"SMITH"},{"data":"beaked:Evade","floor":15.0,"key":"SMITH"},{"data":"beaked:Insight","floor":23.0,"key":"SMITH"},{"data":"beaked:Insight","floor":28.0,"key":"SMITH"},{"data":"expansioncontent:DashGenerateEvil","floor":32,"key":"SMITH"},{"floor":44,"key":"RECALL"},{"data":"beaked:HuntressEssence","floor":47,"key":"SMITH"},{"data":"beaked:DesperateSwing","floor":49,"key":"SMITH"}],"circlet_count":0,"master_deck":["beaked:Strike_Y","beaked:Strike_Y","beaked:Strike_Y","beaked:Strike_Y+1","beaked:Strike_Y","beaked:Strike_Y","beaked:Defend_Y","beaked:Defend_Y","beaked:Defend_Y","beaked:Defend_Y","beaked:Ceremony","beaked:Ceremony+1","beaked:Ceremony","expansioncontent:DecasProtection","beaked:CrazyRituals+1","beaked:Foresight","beaked:Roost","beaked:Brace","beaked:DesperateSwing+1","beaked:Brace","beaked:Struggle","beaked:Evade+1","beaked:FakeOut","beaked:Roost","beaked:RuinSticks","beaked:Daydream","beaked:Overpower","beaked:DesperateSwing","expansioncontent:DashGenerateEvil","Discovery","beaked:Replenish","beaked:Insight+1","beaked:HuntressEssence+1","beaked:Strike_Y","beaked:Strike_Y","beaked:Strike_Y","beaked:Strike_Y+1","beaked:Strike_Y","beaked:Strike_Y","beaked:Defend_Y","beaked:Defend_Y","beaked:Defend_Y","beaked:Defend_Y","beaked:Ceremony","beaked:Ceremony+1","beaked:Ceremony","expansioncontent:DecasProtection","beaked:CrazyRituals+1","beaked:Foresight","beaked:Roost","beaked:Brace","beaked:DesperateSwing+1","beaked:Brace","beaked:Struggle","beaked:FakeOut","beaked:Roost","beaked:RuinSticks","beaked:Daydream","beaked:Overpower","beaked:DesperateSwing+1","expansioncontent:DashGenerateEvil+1","Discovery","beaked:Replenish","beaked:Insight+1","beaked:HuntressEssence","beaked:HuntressSpirit","beaked:Recite","beaked:MachineSpirit","beaked:AwakenedForm","beaked:DigDeep","beaked:Cower","beaked:BounceBack+1","beaked:VolatileMisfortune","beaked:MimicWarrior","beaked:FeelMyPain+1","beaked:Windmill","Writhe","expansioncontent:DashGenerateEvil","beaked:WindBringer","beaked:MimicMachine","beaked:Evade","beaked:Insight"],"relics":["beaked:MendingPlumage","MawBank","Vajra","conspire:BottledYoYo","Golden Idol","hubris:BlackHole","FossilizedHelix","Pear","hubris:Towel","hubris:HollowSoul","Juzu Bracelet","hubris:MysteriousPyramids","Bag of Marbles","Bag of Preparation","Pen Nib"],"acts_visited":["Exordium","TheCity","TheBeyond"],"potions_floor_usage":[37,39,41],"damage_taken":[{"damage":20.0,"enemies":"2 Louse","floor":1.0,"turns":5.0},{"damage":10.0,"enemies":"Jaw Worm","floor":2.0,"turns":5.0},{"damage":3.0,"enemies":"conspire:RoseBush","floor":3.0,"turns":5.0},{"damage":11.0,"enemies":"Blue Slaver","floor":4.0,"turns":7.0},{"damage":25.0,"enemies":"Gremlin Nob","floor":6.0,"turns":6.0},{"damage":23.0,"enemies":"Exordium Wildlife","floor":7.0,"turns":7.0},{"damage":35.0,"enemies":"3 Sentries","floor":11.0,"turns":7.0},{"damage":8.0,"enemies":"Red Slaver","floor":13.0,"turns":4.0},{"damage":17.0,"enemies":"The Guardian","floor":16.0,"turns":8.0},{"damage":43.0,"enemies":"3 Byrds","floor":18.0,"turns":8.0},{"damage":37.0,"enemies":"2 Thieves","floor":19.0,"turns":5.0},{"damage":22.0,"enemies":"Sentry and Sphere","floor":21.0,"turns":6.0},{"damage":37.0,"enemies":"Shelled Parasite and Fungi","floor":24.0,"turns":7.0},{"damage":24.0,"enemies":"Centurion and Healer","floor":25.0,"turns":5.0},{"damage":34.0,"enemies":"3 Cultists","floor":27.0,"turns":6.0},{"damage":20.0,"enemies":"Snake Plant","floor":29.0,"turns":3.0},{"damage":6,"enemies":"Book of Stabbing","floor":30,"turns":4},{"damage":17,"enemies":"Champ","floor":33,"turns":8},{"damage":43,"enemies":"3 Darklings","floor":35,"turns":7},{"damage":48,"enemies":"3 Shapes","floor":37,"turns":5},{"damage":45,"enemies":"Maw","floor":38,"turns":7},{"damage":7,"enemies":"conspire:MimicChest","floor":39,"turns":7},{"damage":78,"enemies":"Nemesis","floor":40,"turns":9},{"damage":59,"enemies":"4 Shapes","floor":41,"turns":4},{"damage":24,"enemies":"Reptomancer","floor":42,"turns":6},{"damage":48,"enemies":"Donu and Deca","floor":50,"turns":4}],"seed_played":"-8635988092173831259","potions_obtained":[{"floor":2.0,"key":"SteroidPotion"},{"floor":4.0,"key":"ColorlessPotion"},{"floor":7.0,"key":"Weak Potion"},{"floor":21.0,"key":"Regen Potion"},{"floor":27.0,"key":"DistilledChaos"},{"floor":29.0,"key":"SmokeBomb"},{"floor":35,"key":"PowerPotion"},{"floor":38,"key":"DistilledChaos"},{"floor":40,"key":"LiquidBronze"}],"is_trial":false,"path_per_floor":["M","M","M","M","?","E","M","R","T","?","E","R","M","?","R","B",null,"M","M","$","M","?","R","M","M","T","M","R","M","E","?","R","B",null,"M","?","M","M","?","E","M","E","T","R","?","$","R","?","R","B",null],"character_chosen":"BEAKED_THE_CULTIST","items_purchased":["beaked:Daydream","beaked:Overpower","beaked:DesperateSwing","expansioncontent:DashGenerateEvil","Discovery","beaked:Replenish","beaked:Insight","Pen Nib","expansioncontent:DashGenerateEvil","beaked:WindBringer","beaked:MimicMachine","beaked:Evade","beaked:Insight"],"campfire_rested":0,"item_purchase_floors":[20,20,20,20,20,20,20,46,46,46,46,46,46],"current_hp_per_floor":[40,46,50,50,40,39,39,39,39,39,26,26,27,15,15,29,50,30,18,18,44,44,44,47,50,50,39,39,50,60,60,60,60,60,46,46,60,32,60,56,60,60,60,60,60,60,60,60,60,48],"gold":31,"neow_bonus":"RANDOM_COLORLESS","is_daily":false,"chose_seed":false,"campfire_upgraded":8,"win_rate":0.0,"timestamp":1609766191,"path_taken":["M","M","M","M","?","E","M","R","T","?","E","R","M","?","R","BOSS","M","M","$","M","?","R","M","M","T","?","R","M","E","?","R","BOSS","M","?","?","M","?","E","M","E","T","R","?","?","R","?","R","BOSS"],"items_purchased_type":["Card","Card","Card","Card","Card","Card","Card","Relic","Card","Card","Card","Card","Card"],"build_version":"2020-12-18","purchased_purges":0,"victory":true,"max_hp_per_floor":[50,50,50,50,50,50,50,50,50,50,50,50,50,50,50,50,50,50,50,50,50,50,50,50,50,50,50,50,50,60,60,60,60,60,60,60,60,60,60,60,60,60,60,60,60,60,60,60,60,60],"card_choices":[{"not_picked":["Madness","Forethought"],"picked":"expansioncontent:DecasProtection","floor":0.0},{"not_picked":["beaked:WarriorEssence","beaked:VigorBurst"],"picked":"beaked:CrazyRituals","floor":1.0},{"not_picked":["beaked:RuinSticks","beaked:DigDeeper"],"picked":"beaked:Foresight","floor":2.0},{"not_picked":["beaked:Flinch","beaked:TuckingFeathers"],"picked":"beaked:Roost","floor":3.0},{"not_picked":["beaked:MimicMachine","beaked:Devastation"],"picked":"beaked:Brace","floor":4.0},{"not_picked":["beaked:Insight","beaked:Daydream"],"picked":"beaked:DesperateSwing","floor":6.0},{"not_picked":["beaked:BraceForImpact","beaked:Tweet"],"picked":"beaked:Brace","floor":7.0},{"not_picked":["beaked:FullHouse","beaked:Resilience","beaked:Insight"],"picked":"SKIP","floor":11.0},{"not_picked":["beaked:FullHouse","beaked:Resilience","beaked:Insight"],"picked":"SKIP","floor":11.0},{"not_picked":["beaked:DigDeep","beaked:Pecker"],"picked":"beaked:Evade","floor":13.0},{"not_picked":["beaked:LiftOff","beaked:CheekyTricks"],"picked":"beaked:FakeOut","floor":16.0},{"not_picked":["beaked:Cower","beaked:Negation"],"picked":"beaked:Roost","floor":18.0},{"not_picked":["beaked:BloodRitual","beaked:FeelMyPain+1"],"picked":"beaked:RuinSticks","floor":19.0},{"not_picked":["beaked:SurvivalInstinct","beaked:CursingBlood+1"],"picked":"beaked:HuntressEssence","floor":21.0},{"not_picked":["beaked:FeelMyPain","beaked:Mantra"],"picked":"beaked:HuntressSpirit","floor":24.0},{"not_picked":["beaked:Resilience","beaked:SurvivalInstinct","beaked:Replenish"],"picked":"SKIP","floor":25.0},{"not_picked":["beaked:Cower","beaked:TuckingFeathers+1"],"picked":"beaked:Recite","floor":27.0},{"not_picked":["beaked:SacrificialAttack","beaked:BloodForTheGods","beaked:TuckingFeathers+1"],"picked":"SKIP","floor":29.0},{"not_picked":["beaked:FeelMyPain","beaked:BraceForImpact"],"picked":"beaked:MachineSpirit","floor":30},{"not_picked":["beaked:DarkTribute","beaked:FakeOut"],"picked":"beaked:AwakenedForm","floor":33},{"not_picked":["beaked:Overexert","beaked:SurvivalInstinct+1"],"picked":"beaked:DigDeep","floor":35},{"not_picked":["beaked:Struggle","beaked:FeelMyPain+1"],"picked":"beaked:Cower","floor":37},{"not_picked":["beaked:SurvivalInstinct","beaked:BloodForTheGods+1"],"picked":"beaked:BounceBack+1","floor":38},{"not_picked":["beaked:FeelMyPain","beaked:Poke+1"],"picked":"beaked:VolatileMisfortune","floor":39},{"not_picked":["beaked:SurvivalInstinct","beaked:TuckingFeathers+1"],"picked":"beaked:MimicWarrior","floor":40},{"not_picked":["beaked:Tweet","beaked:TuckingFeathers+1"],"picked":"beaked:FeelMyPain+1","floor":41},{"not_picked":["beaked:Replenish","beaked:Negation"],"picked":"beaked:Windmill","floor":42}],"player_experience":502458,"relics_obtained":[{"floor":6.0,"key":"MawBank"},{"floor":9.0,"key":"Vajra"},{"floor":11.0,"key":"conspire:BottledYoYo"},{"floor":26.0,"key":"FossilizedHelix"},{"floor":30,"key":"Pear"},{"floor":39,"key":"Juzu Bracelet"},{"floor":40,"key":"hubris:MysteriousPyramids"},{"floor":42,"key":"Bag of Marbles"},{"floor":43,"key":"Bag of Preparation"}],"event_choices":[{"damage_healed":0.0,"max_hp_gain":0.0,"max_hp_loss":0.0,"gold_gain":0.0,"event_name":"Shining Light","player_choice":"Entered Light","floor":5.0,"gold_loss":0.0,"damage_taken":10.0,"cards_upgraded":["beaked:Strike_Y","beaked:Ceremony"]},{"damage_healed":0.0,"max_hp_gain":0.0,"max_hp_loss":0.0,"gold_gain":0.0,"event_name":"Golden Idol","player_choice":"Take Damage","floor":14.0,"gold_loss":0.0,"damage_taken":12.0,"relics_obtained":["Golden Idol"]},{"cards_removed":["beaked:Evade"],"damage_healed":0,"gold_gain":0,"player_choice":"Card Removal","damage_taken":0,"max_hp_gain":0,"max_hp_loss":0,"event_name":"Wheel of Change","floor":36,"gold_loss":0},{"damage_healed":15,"gold_gain":0,"player_choice":"Writhe","damage_taken":0,"max_hp_gain":0,"max_hp_loss":0,"event_name":"Winding Halls","floor":45,"gold_loss":0,"cards_obtained":["Writhe"]},{"damage_healed":0,"gold_gain":0,"player_choice":"Leave","damage_taken":0,"max_hp_gain":0,"max_hp_loss":0,"event_name":"conspire:Investor","floor":48,"gold_loss":0}],"is_beta":true,"boss_relics":[{"not_picked":["Astrolabe","beaked:BlessedCoat"],"picked":"hubris:BlackHole"},{"not_picked":["beaked:MawFillet","conspire:SeveredTorchhead"],"picked":"hubris:HollowSoul"}],"items_purged_floors":[],"is_endless":false,"potions_floor_spawned":[2,4,7,21,27,29,35,38,40],"ascension_level":0}}