{"host":"kh6fvhxn285ncg0o","time":1609742865,"event":{"mods":["Act Like it!","BaseMod","Colored Map","Friendly Minions","Keyboard Shortcuts","Minty Spire (QoL Compilation)","Quick Restart","Relic Stats","StSLib","SuperFastMode"],"gold_per_floor":[363,363,22,22,42,77,94,121,197,197,222,237,237,268,268,345,345,361,361,375,137,137,162,162,193,193,193,203,203,222,247,247,324,324,338,76,89,107,0,30,30,65,89,115,180,192,215,239,251,263,275,287,299,24,55,55],"floor_reached":57,"playtime":2580,"items_purged":["Strike_R","Sever Soul","Offering"],"score":3277,"play_id":"2e4f06ca-2f0c-43e6-8e03-54a0be897695","local_time":"20210104154745","is_ascension_mode":true,"campfire_choices":[{"data":"Carnage","floor":10.0,"key":"SMITH"},{"data":"Hemokinesis","floor":15.0,"key":"SMITH"},{"floor":24.0,"key":"REST"},{"data":"Second Wind","floor":27.0,"key":"SMITH"},{"floor":29.0,"key":"RECALL"},{"data":"Offering","floor":32.0,"key":"SMITH"},{"data":"Burning Pact","floor":49,"key":"SMITH"},{"data":"Impervious","floor":53,"key":"SMITH"}],"circlet_count":0,"master_deck":["AscendersBane","Strike_R","Defend_R","Defend_R","Defend_R","Defend_R+1","Hemokinesis+1","Carnage+1","Fire Breathing+1","Reaper","Second Wind+1","Searing Blow","Entrench+1","Power Through+1","Offering+1","Impervious+1","Pommel Strike+1","Body Slam+1","Shockwave+1","Battle Trance+1","Burning Pact+1","Dark Embrace+1","Panacea","Uppercut+1"],"relics":["Burning Blood","Incense Burner","Torii","Akabeko","Frozen Egg 2","Lizard Tail","Runic Pyramid","Art of War","Regal Pillow","Red Skull","Molten Egg 2","Mercury Hourglass","Mark of Pain","Orrery","Red Mask","CaptainsWheel","Bottled Lightning","Strawberry","MawBank","InkBottle"],"acts_visited":["Exordium","TheCity","TheBeyond","TheEnding"],"potions_floor_usage":[33,33,56],"damage_taken":[{"damage":6.0,"enemies":"Cultist","floor":1.0,"turns":4.0},{"damage":7.0,"enemies":"Jaw Worm","floor":5.0,"turns":4.0},{"damage":35.0,"enemies":"3 Sentries","floor":6.0,"turns":11.0},{"damage":9.0,"enemies":"Small Slimes","floor":7.0,"turns":7.0},{"damage":17.0,"enemies":"Lagavulin","floor":8.0,"turns":5.0},{"damage":10.0,"enemies":"Gremlin Nob","floor":11.0,"turns":4.0},{"damage":2.0,"enemies":"Blue Slaver","floor":12.0,"turns":3.0},{"damage":17.0,"enemies":"Lagavulin","floor":14.0,"turns":5.0},{"damage":20.0,"enemies":"Hexaghost","floor":16.0,"turns":7.0},{"damage":7.0,"enemies":"2 Thieves","floor":18.0,"turns":4.0},{"damage":2.0,"enemies":"Chosen","floor":20.0,"turns":5.0},{"damage":49.0,"enemies":"Book of Stabbing","floor":23.0,"turns":7.0},{"damage":38.0,"enemies":"Gremlin Leader","floor":25.0,"turns":6.0},{"damage":3.0,"enemies":"Snecko","floor":28.0,"turns":7.0},{"damage":0.0,"enemies":"Snake Plant","floor":30.0,"turns":7.0},{"damage":31.0,"enemies":"Book of Stabbing","floor":31.0,"turns":5.0},{"damage":86,"enemies":"Collector","floor":33,"turns":12},{"damage":28,"enemies":"3 Darklings","floor":35,"turns":7},{"damage":6,"enemies":"3 Shapes","floor":37,"turns":7},{"damage":37,"enemies":"Transient","floor":38,"turns":6},{"damage":4,"enemies":"Reptomancer","floor":40,"turns":6},{"damage":3,"enemies":"Nemesis","floor":42,"turns":5},{"damage":7,"enemies":"Reptomancer","floor":44,"turns":4},{"damage":8,"enemies":"2 Orb Walkers","floor":45,"turns":3},{"damage":3,"enemies":"Sphere and 2 Shapes","floor":47,"turns":5},{"damage":4,"enemies":"Spire Growth","floor":48,"turns":6},{"damage":6,"enemies":"Time Eater","floor":50,"turns":5},{"damage":12,"enemies":"Awakened One","floor":51,"turns":13},{"damage":6,"enemies":"Shield and Spear","floor":55,"turns":6},{"damage":25,"enemies":"The Heart","floor":56,"turns":10}],"seed_played":"5308402236089930708","potions_obtained":[{"floor":1.0,"key":"Fire Potion"},{"floor":7.0,"key":"SmokeBomb"},{"floor":11.0,"key":"BloodPotion"},{"floor":12.0,"key":"Dexterity Potion"},{"floor":18.0,"key":"ColorlessPotion"},{"floor":23.0,"key":"LiquidMemories"},{"floor":31.0,"key":"Explosive Potion"},{"floor":35,"key":"Fire Potion"},{"floor":44,"key":"BloodPotion"},{"floor":45,"key":"SkillPotion"}],"is_trial":false,"path_per_floor":["M","?","$","?","M","E","M","E","T","R","E","M","?","E","R","B",null,"M","?","M","$","?","E","R","E","T","R","M","R","M","E","R","B",null,"M","$","M","M","?","E","?","E","T","E","?","?","M","M","R","B","B",null,"R","$","E","B",null],"character_chosen":"IRONCLAD","items_purchased":["Incense Burner","Art of War","Orrery","ColorlessPotion","Panacea"],"campfire_rested":1,"item_purchase_floors":[3,21,36,54,54],"current_hp_per_floor":[68,48,48,68,67,38,35,24,24,24,20,37,37,26,26,12,54,59,59,67,67,67,30,65,37,37,37,46,46,56,41,41,38,61,47,47,47,22,22,55,55,64,71,70,72,72,72,72,72,72,72,72,72,72,72,59],"gold":55,"neow_bonus":"TWO_FIFTY_GOLD","is_daily":false,"chose_seed":false,"campfire_upgraded":6,"win_rate":0.0,"timestamp":1609742865,"path_taken":["M","?","$","?","M","E","?","E","T","R","E","M","?","E","R","BOSS","M","?","M","$","?","E","R","E","T","R","?","R","M","E","R","BOSS","M","$","M","M","?","E","?","E","T","E","?","?","M","M","R","BOSS","BOSS","R","$","E","BOSS"],"items_purchased_type":["Relic","Relic","Relic","Potion","Card"],"build_version":"2020-12-22","purchased_purges":3,"victory":true,"max_hp_per_floor":[68,68,68,68,68,68,68,68,68,68,68,68,68,68,68,68,68,68,68,68,68,68,68,68,68,68,68,68,68,68,68,68,68,68,68,68,68,68,68,68,65,65,72,72,72,72,72,72,72,72,72,72,72,72,72,72],"relic_stats":{"Lizard Tail":34,"Regal Pillow":15,"Torii":47,"counters":[30,184],"Art of War":[30],"MawBank":120,"obtain_stats":[{"Regal Pillow":23,"Torii":6,"Incense Burner":3,"Frozen Egg 2":11,"MawBank":44,"Burning Blood":0,"Akabeko":8,"Mercury Hourglass":31,"Lizard Tail":14,"CaptainsWheel":40,"Strawberry":43,"Orrery":36,"Molten Egg 2":26,"Mark of Pain":34,"Art of War":21,"Red Mask":39,"Bottled Lightning":42,"Red Skull":25,"InkBottle":55,"Runic Pyramid":17},{"Regal Pillow":12,"Torii":3,"Incense Burner":1,"Frozen Egg 2":6,"MawBank":23,"Burning Blood":0,"Akabeko":5,"Mercury Hourglass":16,"Lizard Tail":8,"CaptainsWheel":21,"Strawberry":22,"Orrery":18,"Molten Egg 2":13,"Mark of Pain":17,"Art of War":11,"Red Mask":20,"Bottled Lightning":22,"Red Skull":13,"InkBottle":29,"Runic Pyramid":9},{"Regal Pillow":66,"Torii":19,"Incense Burner":4,"Frozen Egg 2":35,"MawBank":136,"Burning Blood":0,"Akabeko":31,"Mercury Hourglass":91,"Lizard Tail":43,"CaptainsWheel":127,"Strawberry":132,"Orrery":110,"Molten Egg 2":72,"Mark of Pain":103,"Art of War":59,"Red Mask":122,"Bottled Lightning":132,"Red Skull":72,"InkBottle":174,"Runic Pyramid":50}],"Burning Blood":160,"InkBottle":[3],"Mercury Hourglass":[433]},"card_choices":[{"not_picked":["Pummel","Seeing Red"],"picked":"Inflame","floor":1.0},{"not_picked":["Headbutt","Metallicize"],"picked":"Hemokinesis","floor":5.0},{"not_picked":["Brutality","Body Slam"],"picked":"Sever Soul","floor":6.0},{"not_picked":["Perfected Strike","Sentinel"],"picked":"Carnage","floor":7.0},{"not_picked":["Clash","Rupture","True Grit"],"picked":"SKIP","floor":8.0},{"not_picked":["Iron Wave","Havoc","Sentinel"],"picked":"SKIP","floor":11.0},{"not_picked":["Uppercut","Rampage"],"picked":"Fire Breathing+1","floor":12.0},{"not_picked":["Sever Soul","Cleave","Body Slam"],"picked":"SKIP","floor":14.0},{"not_picked":["Exhume","Brutality+1"],"picked":"Reaper","floor":16.0},{"not_picked":["Twin Strike","Clothesline+1","Clash"],"picked":"SKIP","floor":18.0},{"not_picked":["Armaments","Shrug It Off"],"picked":"Second Wind","floor":20.0},{"not_picked":["Ghostly Armor","True Grit","Blood for Blood"],"picked":"SKIP","floor":23.0},{"not_picked":["Uppercut","Disarm"],"picked":"Entrench+1","floor":25.0},{"not_picked":["Havoc","Wild Strike+1"],"picked":"Power Through+1","floor":28.0},{"not_picked":["Sever Soul+1","Wild Strike+1","Pummel+1"],"picked":"SKIP","floor":30.0},{"not_picked":["Sever Soul+1","Wild Strike+1","Pummel+1"],"picked":"SKIP","floor":30.0},{"not_picked":["Sever Soul+1","Wild Strike+1","Pummel+1"],"picked":"SKIP","floor":30.0},{"not_picked":["Limit Break","True Grit"],"picked":"Offering","floor":31.0},{"not_picked":["Reaper+1","Bludgeon+1"],"picked":"Impervious","floor":33},{"not_picked":["Warcry","Havoc"],"picked":"Pommel Strike+1","floor":35},{"not_picked":["Disarm","True Grit"],"picked":"Body Slam+1","floor":36},{"not_picked":["Pommel Strike+1","Inflame+1"],"picked":"Shockwave+1","floor":36},{"not_picked":["Perfected Strike+1","Sever Soul+1"],"picked":"Offering","floor":36},{"not_picked":["Shrug It Off","Flame Barrier+1","Wild Strike+1"],"picked":"SKIP","floor":37},{"not_picked":["True Grit","Metallicize+1","Rupture+1"],"picked":"SKIP","floor":38},{"not_picked":["Pommel Strike+1","Cleave+1","Shockwave"],"picked":"SKIP","floor":40},{"not_picked":["Armaments","Clothesline+1","Immolate+1"],"picked":"SKIP","floor":42},{"not_picked":["Carnage+1","Hemokinesis+1"],"picked":"Battle Trance+1","floor":44},{"not_picked":["Dual Wield","Anger+1"],"picked":"Burning Pact","floor":45},{"not_picked":["Pummel+1","Sword Boomerang+1","Flex"],"picked":"SKIP","floor":47},{"not_picked":["Flex","Clothesline+1"],"picked":"Dark Embrace+1","floor":48},{"not_picked":["Flame Barrier","Headbutt+1"],"picked":"Uppercut+1","floor":55}],"player_experience":3358071,"relics_obtained":[{"floor":6.0,"key":"Torii"},{"floor":8.0,"key":"Akabeko"},{"floor":11.0,"key":"Frozen Egg 2"},{"floor":14.0,"key":"Lizard Tail"},{"floor":23.0,"key":"Regal Pillow"},{"floor":25.0,"key":"Red Skull"},{"floor":26.0,"key":"Molten Egg 2"},{"floor":31.0,"key":"Mercury Hourglass"},{"floor":40,"key":"CaptainsWheel"},{"floor":42,"key":"Bottled Lightning"},{"floor":43,"key":"Strawberry"},{"floor":44,"key":"MawBank"},{"floor":55,"key":"InkBottle"}],"event_choices":[{"damage_healed":0.0,"max_hp_gain":0.0,"max_hp_loss":0.0,"gold_gain":0.0,"event_name":"Shining Light","player_choice":"Entered Light","floor":2.0,"gold_loss":0.0,"damage_taken":20.0,"cards_upgraded":["Bash","Defend_R"]},{"cards_removed":["Inflame"],"damage_healed":20.0,"max_hp_gain":0.0,"max_hp_loss":0.0,"gold_gain":0.0,"event_name":"Bonfire Elementals","player_choice":"Offered Uncommon","floor":4.0,"gold_loss":0.0,"damage_taken":0.0},{"cards_removed":["Strike_R"],"damage_healed":0.0,"max_hp_gain":0.0,"max_hp_loss":0.0,"gold_gain":0.0,"event_name":"Living Wall","player_choice":"Forget","floor":13.0,"gold_loss":0.0,"damage_taken":0.0},{"cards_removed":["Strike_R"],"damage_healed":0.0,"max_hp_gain":0.0,"max_hp_loss":0.0,"gold_gain":0.0,"event_name":"Back to Basics","player_choice":"Elegance","floor":19.0,"gold_loss":0.0,"damage_taken":0.0},{"damage_healed":0.0,"max_hp_gain":0.0,"max_hp_loss":0.0,"gold_gain":0.0,"cards_transformed":["Strike_R"],"event_name":"Transmorgrifier","player_choice":"Transformed","floor":22.0,"gold_loss":0.0,"damage_taken":0.0,"cards_obtained":["Searing Blow"]},{"damage_healed":0,"gold_gain":0,"player_choice":"Paid","damage_taken":0,"relics_obtained":["Red Mask"],"max_hp_gain":0,"max_hp_loss":0,"event_name":"Tomb of Lord Red Mask","floor":39,"gold_loss":107},{"damage_healed":0,"gold_gain":0,"player_choice":"Max HP","damage_taken":0,"max_hp_gain":0,"max_hp_loss":3,"event_name":"Winding Halls","floor":41,"gold_loss":0},{"damage_healed":0,"gold_gain":0,"player_choice":"Fight","damage_taken":0,"max_hp_gain":0,"max_hp_loss":0,"event_name":"Mysterious Sphere","floor":45,"gold_loss":0},{"cards_removed":["Bash"],"damage_healed":0,"gold_gain":0,"player_choice":"Removed Attack","damage_taken":0,"max_hp_gain":0,"max_hp_loss":0,"event_name":"Falling","floor":46,"gold_loss":0}],"is_beta":false,"boss_relics":[{"not_picked":["Tiny House","Calling Bell"],"picked":"Runic Pyramid"},{"not_picked":["SacredBark","Cursed Key"],"picked":"Mark of Pain"}],"items_purged_floors":[21,36,54],"is_endless":false,"potions_floor_spawned":[1,7,11,12,18,23,31,35,44,45],"ascension_level":20}}