{"host":"ylxam20yo7j5dy26","time":1609770480,"event":{"mods":["ATMod(°¢èªMod)","Act Like it!","BaseMod","Conspire","Downfall","Gensokyo","Infinite Spire","Minty Spire (QoL Compilation)","Quick Restart","Replay The Spire","StSLib","UnlockEverythingMod","vexMod","¡¾ÒÅÎï¿¨ÅÆ¡¿REMEMod"],"gold_per_floor":[116,116,131,56,56,87,87,87,87,104,4,18,18,28,28,127,127,147,160,160,172,47,77,77,102,149,168,179,197,213,225,117,117,117],"floor_reached":33,"playtime":1579,"items_purged":["Pain","Defend_P","Amplify"],"score":366,"play_id":"28298565-0533-4eea-aeff-8b2964b1ab78","local_time":"20210104222800","is_ascension_mode":false,"campfire_choices":[{"data":"DevaForm","floor":8.0,"key":"SMITH"},{"data":"AT_OneInchPunch","floor":13.0,"key":"SMITH"},{"data":"AT_IchimonjiDouble","floor":15.0,"key":"SMITH"},{"data":"AT_OneInchPunch","floor":24.0,"key":"SMITH"}],"circlet_count":0,"master_deck":["Strike_P+2","Strike_P","Strike_P+1","Strike_P+1","Defend_P","Defend_P","Defend_P","Eruption+1","Vigilance+1","AT_IchimonjiDouble+1","Replay:Vibes","FearNoEvil","DevaForm+1","AT_OneInchPunch+1","AT_OneInchPunch+1","InnerPeace","Devotion","Replay:DivineShield+1","expansioncontent:DecasProtection+1"],"relics":["champ:ChampionCrown","AT_ATBox","REME_ComplimentaryCards","NeowsBlessing","WarpedTongs","infinitespire:Cubic Diamond","AT_SunfireAegis","Replay:WaspNest","REME_LowDesire","Oddly Smooth Stone","Simple Rune","conspire:GiftBox","Whetstone","vexMod:FocusSash","Golden Egg"],"acts_visited":["Exordium","TheCity"],"potions_floor_usage":[],"damage_taken":[{"damage":0.0,"enemies":"conspire:RoseBush","floor":1.0,"turns":1.0},{"damage":0.0,"enemies":"Cultist","floor":3.0,"turns":1.0},{"damage":0.0,"enemies":"Replay:BlueRogue","floor":6.0,"turns":1.0},{"damage":0.0,"enemies":"2 Louse","floor":10.0,"turns":2.0},{"damage":8.0,"enemies":"Blue Slaver","floor":12.0,"turns":4.0},{"damage":0.0,"enemies":"Exordium Thugs","floor":14.0,"turns":2.0},{"damage":31.0,"enemies":"The Guardian","floor":16.0,"turns":7.0},{"damage":7.0,"enemies":"2 Thieves","floor":18.0,"turns":2.0},{"damage":1.0,"enemies":"Shell Parasite","floor":19.0,"turns":3.0},{"damage":5.0,"enemies":"Sentry and Sphere","floor":21.0,"turns":3.0},{"damage":0.0,"enemies":"Replay:Snechameleon","floor":23.0,"turns":4.0},{"damage":42.0,"enemies":"Nightmare","floor":25.0,"turns":4.0},{"damage":0.0,"enemies":"Shelled Parasite and Fungi","floor":27.0,"turns":3.0},{"damage":1.0,"enemies":"Cultist and Chosen","floor":28.0,"turns":4.0},{"damage":0.0,"enemies":"3 Cultists","floor":29.0,"turns":3.0},{"damage":6.0,"enemies":"conspire:HollyBat","floor":30.0,"turns":7.0},{"damage":3.0,"enemies":"Snecko","floor":31.0,"turns":5.0},{"damage":10,"enemies":"Collector","floor":33,"turns":3}],"seed_played":"-247501188828984865","potions_obtained":[{"floor":3.0,"key":"Slimebound:ThreeZeroPotion"},{"floor":6.0,"key":"Weak Potion"},{"floor":12.0,"key":"Explosive Potion"},{"floor":20.0,"key":"Weak Potion"},{"floor":20.0,"key":"ColorlessPotion"},{"floor":21.0,"key":"Venom Potion"},{"floor":23.0,"key":"Strength Potion"},{"floor":25.0,"key":"PowerPotion"},{"floor":28.0,"key":"SkillPotion"},{"floor":31.0,"key":"EssenceOfSteel"}],"is_trial":false,"path_per_floor":["M","?","M","$","?","E","?","R","T","M","$","M","R","M","R","B",null,"M","M","?","M","$","E","R","NM","T","M","M","M","M","M","R","B"],"character_chosen":"WATCHER","items_purchased":[],"campfire_rested":0,"item_purchase_floors":[],"current_hp_per_floor":[72,72,72,72,72,72,58,58,58,58,58,50,50,50,50,19,72,65,64,64,59,59,59,59,17,17,17,16,16,10,7,7,0,0],"gold":117,"neow_bonus":"THREE_ENEMY_KILL","is_daily":false,"chose_seed":false,"campfire_upgraded":4,"win_rate":0.0,"timestamp":1609770480,"path_taken":["M","?","?","?","?","E","?","R","T","M","$","M","R","M","R","BOSS","M","M","?","M","?","E","R","NM","T","M","M","M","M","M","R","BOSS"],"items_purchased_type":[],"build_version":"2020-12-22","purchased_purges":3,"victory":false,"max_hp_per_floor":[72,72,72,72,72,72,72,72,72,72,72,72,72,72,72,72,72,72,72,72,72,72,72,72,72,72,72,72,72,72,72,72,72,72],"card_choices":[{"not_picked":["EmptyFist","Replay:BluntJabs"],"picked":"Replay:Vibes","floor":1.0},{"not_picked":["SignatureMove","Tantrum"],"picked":"FearNoEvil","floor":3.0},{"not_picked":["Sanctity","SashWhip"],"picked":"DevaForm","floor":6.0},{"not_picked":["Replay:BluntJabs","Evaluate","Crescendo"],"picked":"SKIP","floor":10.0},{"not_picked":["Replay:AtTheReady","EmptyFist"],"picked":"AT_OneInchPunch","floor":12.0},{"not_picked":["Replay:AtTheReady","Omniscience","Tantrum"],"picked":"SKIP","floor":14.0},{"not_picked":["Conclude","EmptyMind","AT_EmpoweredMortalDraw"],"picked":"AT_OneInchPunch","floor":18.0},{"not_picked":["FlyingSleeves","Replay:BluntJabs+1","BowlingBash","Dark Shackles"],"picked":"SKIP","floor":19.0},{"not_picked":["EmptyBody+1","SignatureMove+1","REME_Flogging"],"picked":"InnerPeace","floor":21.0},{"not_picked":["AT_MachinaRedman","Omniscience"],"picked":"Devotion","floor":23.0},{"not_picked":["AT_OneInchPunch","Weave+1","Vengeance+1","Survey Options"],"picked":"SKIP","floor":23.0},{"not_picked":["CrushJoints","CarveReality","REME_BattleFury"],"picked":"Replay:DivineShield+1","floor":25.0},{"not_picked":["Replay:AtTheReady+1","CrushJoints","Crescendo","Jack Of All Trades+1"],"picked":"SKIP","floor":27.0},{"not_picked":["Evaluate+1","Weave","FearNoEvil","Replay:BasicMightCard"],"picked":"SKIP","floor":28.0},{"not_picked":["ClearTheMind+1","DevaForm","Crescendo","expansioncontent:TimeRipple"],"picked":"SKIP","floor":29.0},{"not_picked":["ThirdEye+1","FlurryOfBlows+1","LikeWater"],"picked":"expansioncontent:DecasProtection+1","floor":30.0},{"not_picked":["BowlingBash","Indignation","Replay:ManipulateFuture","Master of Strategy"],"picked":"SKIP","floor":31.0}],"player_experience":35817,"relics_obtained":[{"floor":6.0,"key":"AT_SunfireAegis"},{"floor":9.0,"key":"Replay:WaspNest"},{"floor":17.0,"key":"Oddly Smooth Stone"},{"floor":17.0,"key":"Simple Rune"},{"floor":23.0,"key":"conspire:GiftBox"},{"floor":25.0,"key":"Whetstone"},{"floor":26.0,"key":"vexMod:FocusSash"}],"event_choices":[{"damage_healed":0.0,"max_hp_gain":0.0,"max_hp_loss":0.0,"gold_gain":0.0,"event_name":"Accursed Blacksmith","player_choice":"Rummage","floor":2.0,"gold_loss":0.0,"damage_taken":0.0,"relics_obtained":["WarpedTongs"],"cards_obtained":["Pain"]},{"damage_healed":0.0,"max_hp_gain":0.0,"max_hp_loss":0.0,"gold_gain":0.0,"event_name":"Shining Light","player_choice":"Entered Light","floor":7.0,"gold_loss":0.0,"damage_taken":14.0,"cards_upgraded":["Vigilance","Eruption"]},{"damage_healed":0.0,"max_hp_gain":0.0,"max_hp_loss":0.0,"gold_gain":0.0,"event_name":"Lab","player_choice":"Got Potions","floor":20.0,"gold_loss":0.0,"damage_taken":0.0},{"damage_healed":0.0,"max_hp_gain":0.0,"max_hp_loss":0.0,"gold_gain":0.0,"event_name":"WeMeetAgain","player_choice":"Paid Gold","floor":32.0,"gold_loss":108.0,"damage_taken":0.0,"relics_obtained":["Golden Egg"]}],"is_beta":false,"boss_relics":[{"not_picked":["REME_ChargedStone","vexMod:CursedCompass"],"picked":"REME_LowDesire"}],"items_purged_floors":[4,11,22],"is_endless":false,"potions_floor_spawned":[3,6,12,16,21,23,25,28,31],"killed_by":"Collector","ascension_level":0}}