{"host":"a9vnnms65xyhpnqu","time":1609749602,"event":{"mods":["Bard","BaseMod","Colored Map","Colored Powertips","DeckTracker","Highlight Path","Minty Spire (QoL Compilation)","StSLib","The Bladedancer","The Cursed","The Elementalist","The Forsaken","The Necromancer","The Runesmith","The Servant 0.9.4","TheArtist","slay the spire mod where everything is the same but ironclad has a cowboy hat"],"gold_per_floor":[110,110,110,126,126,126,9,27,51,376,392,405,421,456,456,560,560,578,578,595,1,18,18,18,18],"floor_reached":24,"playtime":1038,"items_purged":[],"score":233,"play_id":"53796777-b9d1-46cc-8fa4-79e960095be2","local_time":"20210104004002","is_ascension_mode":false,"campfire_choices":[{"data":"Bash","floor":6,"key":"SMITH"},{"floor":15,"key":"REST"},{"data":"Fire Breathing","floor":23,"key":"SMITH"}],"circlet_count":0,"master_deck":["Strike_R","Strike_R","Strike_R+1","Strike_R","Strike_R+1","Defend_R","Defend_R","Defend_R","Defend_R","Bash+1","Anger+1","Shrug It Off","Fire Breathing+1","Clothesline","Flame Barrier","Shrug It Off","Twin Strike","Shrug It Off","Rupture","Iron Wave","Berserk","Shrug It Off+1","Perfected Strike","Clothesline","Feed","Shrug It Off"],"relics":["Burning Blood","NeowsBlessing","theForsaken:Kindling","MealTicket","Whetstone","Runic Pyramid","Nloth\u0027s Gift","Potion Belt","Membership Card","Eternal Feather"],"acts_visited":["Exordium","TheCity"],"potions_floor_usage":[],"damage_taken":[{"damage":0,"enemies":"Jaw Worm","floor":1,"turns":1},{"damage":0,"enemies":"2 Louse","floor":4,"turns":1},{"damage":0,"enemies":"Cultist","floor":8,"turns":1},{"damage":28,"enemies":"Gremlin Nob","floor":10,"turns":5},{"damage":5,"enemies":"Exordium Thugs","floor":11,"turns":5},{"damage":21,"enemies":"Gremlin Gang","floor":12,"turns":6},{"damage":13,"enemies":"Blue Slaver","floor":13,"turns":3},{"damage":26,"enemies":"3 Sentries","floor":14,"turns":6},{"damage":28,"enemies":"Slime Boss","floor":16,"turns":11},{"damage":18,"enemies":"3 Byrds","floor":18,"turns":5},{"damage":19,"enemies":"Chosen","floor":20,"turns":5},{"damage":33,"enemies":"Snake Plant","floor":22,"turns":7},{"damage":101,"enemies":"Book of Stabbing","floor":24,"turns":7}],"seed_played":"1892498079716654269","potions_obtained":[{"floor":4,"key":"LiquidBronze"},{"floor":10,"key":"PowerPotion"},{"floor":11,"key":"SkillPotion"},{"floor":20,"key":"LiquidBronze"}],"is_trial":false,"path_per_floor":["M","?","?","M","?","R","$","M","T","E","M","M","M","E","R","B",null,"M","?","M","$","M","R","E"],"character_chosen":"IRONCLAD","items_purchased":["Fire Breathing","Clothesline","Clothesline","Potion Belt","Membership Card","Eternal Feather","Feed","FairyPotion"],"campfire_rested":1,"item_purchase_floors":[7,7,21,21,21,21,21,21],"current_hp_per_floor":[80,73,73,79,79,79,79,80,80,58,59,44,37,17,46,24,85,73,73,60,75,48,63,0,0],"gold":18,"neow_bonus":"THREE_ENEMY_KILL","is_daily":false,"chose_seed":false,"campfire_upgraded":2,"win_rate":0.0,"timestamp":1609749602,"path_taken":["M","?","?","M","?","R","$","?","T","E","?","M","M","E","R","BOSS","M","?","?","$","M","R","E"],"items_purchased_type":["Card","Card","Card","Relic","Relic","Relic","Card","Potion"],"build_version":"2020-12-22","purchased_purges":0,"victory":false,"max_hp_per_floor":[80,80,80,80,80,80,80,80,80,80,80,80,80,80,85,85,85,85,85,85,85,85,85,85,85],"card_choices":[{"not_picked":["Flex","Dark Embrace"],"picked":"Anger","floor":1},{"not_picked":["Pummel","Sword Boomerang"],"picked":"Shrug It Off","floor":4},{"not_picked":["Disarm","Shrug It Off"],"picked":"Flame Barrier","floor":8},{"not_picked":["Searing Blow","Corruption"],"picked":"Shrug It Off","floor":10},{"not_picked":["Burning Pact","Heavy Blade"],"picked":"Twin Strike","floor":11},{"not_picked":["Pommel Strike","Disarm"],"picked":"Shrug It Off","floor":12},{"not_picked":["Combust","Second Wind"],"picked":"Rupture","floor":13},{"not_picked":["Flame Barrier","Clash"],"picked":"Iron Wave","floor":14},{"not_picked":["Feed","Fiend Fire"],"picked":"Berserk","floor":16},{"not_picked":["Entrench+1","Headbutt+1"],"picked":"Shrug It Off+1","floor":18},{"not_picked":["Flex","Clash"],"picked":"Perfected Strike","floor":20},{"not_picked":["Thunderclap","Rupture"],"picked":"Shrug It Off","floor":22}],"player_experience":50490,"relics_obtained":[{"floor":9,"key":"MealTicket"},{"floor":10,"key":"Old Coin"},{"floor":14,"key":"Whetstone"}],"event_choices":[{"damage_healed":0,"gold_gain":0,"player_choice":"Success","damage_taken":7,"relics_obtained":["theForsaken:Kindling"],"max_hp_gain":0,"max_hp_loss":0,"event_name":"Scrap Ooze","floor":2,"gold_loss":0},{"damage_healed":0,"gold_gain":0,"player_choice":"Grow","damage_taken":0,"max_hp_gain":0,"max_hp_loss":0,"event_name":"Living Wall","floor":5,"gold_loss":0,"cards_upgraded":["Anger"]},{"damage_healed":0,"gold_gain":0,"player_choice":"Traded Relic","damage_taken":0,"relics_obtained":["Nloth\u0027s Gift"],"max_hp_gain":0,"max_hp_loss":0,"event_name":"N\u0027loth","floor":19,"relics_lost":["Old Coin"],"gold_loss":0}],"is_beta":false,"boss_relics":[{"not_picked":["Ectoplasm","Runic Dome"],"picked":"Runic Pyramid"}],"items_purged_floors":[],"is_endless":false,"potions_floor_spawned":[4,10,11,14,20],"killed_by":"Book of Stabbing","ascension_level":0}}