{"host":"d4km6p8r92tm3vpl","time":1609796045,"event":{"mods":["AchievementEnabler","BaseMod","Colored Map","Colored Powertips","DeckTracker","Minty Spire (QoL Compilation)","Relic Stats","StSLib"],"gold_per_floor":[118,118,118,36,52,87,87,121,121,149,149,159,84,101,101,196,196,214,230,241,59,79,79,92,66,66,13,13,13,25,42,42,42,42],"floor_reached":33,"playtime":1071,"items_purged":["Strike_P"],"score":463,"play_id":"28ec0fb1-3943-486b-b90a-35555ca2c3ad","local_time":"20210104163405","is_ascension_mode":true,"campfire_choices":[{"data":"SandsOfTime","floor":7,"key":"SMITH"},{"data":"Wallop","floor":11,"key":"SMITH"},{"floor":15,"key":"REST"},{"floor":23,"key":"REST"},{"data":"1","floor":28,"key":"LIFT"},{"floor":32,"key":"REST"}],"circlet_count":0,"master_deck":["AscendersBane","Strike_P","Strike_P","Strike_P","Defend_P","Defend_P","Defend_P","Defend_P","Eruption+1","Vigilance","ClearTheMind","SandsOfTime+1","CutThroughFate","Wallop+1","DeceiveReality","EmptyBody","LikeWater","ClearTheMind","Protect","CutThroughFate"],"relics":["Busted Crown","Pear","Singing Bowl","Lantern","Girya","SlaversCollar","PreservedInsect","Ornamental Fan"],"acts_visited":["Exordium","TheCity"],"potions_floor_usage":[14,18,33,33,33],"damage_taken":[{"damage":5,"enemies":"Small Slimes","floor":1,"turns":5},{"damage":7,"enemies":"2 Louse","floor":5,"turns":3},{"damage":15,"enemies":"3 Sentries","floor":6,"turns":7},{"damage":0,"enemies":"Gremlin Nob","floor":8,"turns":2},{"damage":35,"enemies":"3 Sentries","floor":10,"turns":7},{"damage":0,"enemies":"Cultist","floor":12,"turns":3},{"damage":11,"enemies":"Lots of Slimes","floor":14,"turns":6},{"damage":1,"enemies":"Hexaghost","floor":16,"turns":7},{"damage":13,"enemies":"Spheric Guardian","floor":18,"turns":4},{"damage":0,"enemies":"Chosen","floor":19,"turns":3},{"damage":28,"enemies":"Snake Plant","floor":20,"turns":4},{"damage":13,"enemies":"Snecko","floor":22,"turns":8},{"damage":14,"enemies":"Shelled Parasite and Fungi","floor":24,"turns":5},{"damage":12,"enemies":"Snake Plant","floor":30,"turns":4},{"damage":26,"enemies":"Cultist and Chosen","floor":31,"turns":9},{"damage":39,"enemies":"Champ","floor":33,"turns":11}],"seed_played":"5551937250972470544","potions_obtained":[{"floor":6,"key":"Ambrosia"},{"floor":10,"key":"Block Potion"},{"floor":16,"key":"SkillPotion"},{"floor":30,"key":"SpeedPotion"},{"floor":31,"key":"Ancient Potion"}],"is_trial":false,"path_per_floor":["M","?","?","$","M","E","R","E","T","E","R","M","$","M","R","B",null,"M","M","M","$","M","R","M","$","T","$","R","$","M","M","R","B"],"character_chosen":"WATCHER","items_purchased":["SandsOfTime","LikeWater","PreservedInsect","Protect","CutThroughFate"],"campfire_rested":3,"item_purchase_floors":[4,21,21,25,27],"current_hp_per_floor":[60,60,60,60,53,48,48,50,50,15,15,17,17,8,34,35,76,63,65,37,37,26,54,40,40,40,40,40,40,30,6,35,0,0],"gold":42,"neow_bonus":"BOSS_RELIC","is_daily":false,"chose_seed":false,"campfire_upgraded":2,"win_rate":0.0,"timestamp":1609796045,"path_taken":["M","?","?","$","M","E","R","E","T","E","R","M","$","M","R","BOSS","M","M","M","$","M","R","?","$","T","?","R","$","M","M","R","BOSS"],"items_purchased_type":["Card","Card","Relic","Card","Card"],"build_version":"2020-12-22","purchased_purges":1,"victory":false,"max_hp_per_floor":[72,72,72,72,72,82,82,84,84,84,84,86,86,88,88,90,90,90,92,92,92,94,94,94,94,94,94,94,94,96,98,98,98,98],"relic_stats":{"Busted Crown":30,"Singing Bowl":16,"counters":[16,88],"Ornamental Fan":[28],"PreservedInsect":0,"obtain_stats":[{"Girya":10,"SlaversCollar":17,"Lantern":9,"Busted Crown":0,"Pear":6,"Singing Bowl":8,"Ornamental Fan":26,"PreservedInsect":21,"PureWater":0},{"Girya":5,"SlaversCollar":8,"Lantern":4,"Busted Crown":0,"Pear":3,"Singing Bowl":4,"Ornamental Fan":13,"PreservedInsect":11,"PureWater":0},{"Girya":24,"SlaversCollar":40,"Lantern":17,"Busted Crown":0,"Pear":15,"Singing Bowl":17,"Ornamental Fan":64,"PreservedInsect":51,"PureWater":0}]},"card_choices":[{"not_picked":[],"picked":"ClearTheMind","floor":1},{"not_picked":[],"picked":"CutThroughFate","floor":5},{"not_picked":["Pray"],"picked":"SKIP","floor":6},{"not_picked":["Prostrate"],"picked":"Singing Bowl","floor":8},{"not_picked":[],"picked":"Wallop","floor":10},{"not_picked":["ClearTheMind"],"picked":"Singing Bowl","floor":12},{"not_picked":["WreathOfFlame"],"picked":"Singing Bowl","floor":14},{"not_picked":["Alpha"],"picked":"Singing Bowl","floor":16},{"not_picked":[],"picked":"DeceiveReality","floor":18},{"not_picked":["PathToVictory"],"picked":"Singing Bowl","floor":19},{"not_picked":[],"picked":"EmptyBody","floor":20},{"not_picked":["ClearTheMind"],"picked":"Singing Bowl","floor":22},{"not_picked":[],"picked":"ClearTheMind","floor":24},{"not_picked":["DeceiveReality"],"picked":"Singing Bowl","floor":30},{"not_picked":["WindmillStrike"],"picked":"Singing Bowl","floor":31}],"player_experience":810627,"relics_obtained":[{"floor":6,"key":"Pear"},{"floor":8,"key":"Singing Bowl"},{"floor":9,"key":"Lantern"},{"floor":10,"key":"Girya"},{"floor":26,"key":"Ornamental Fan"}],"event_choices":[{"damage_healed":0,"gold_gain":0,"player_choice":"Ignored","damage_taken":0,"max_hp_gain":0,"max_hp_loss":0,"event_name":"Golden Wing","floor":2,"gold_loss":0},{"damage_healed":0,"gold_gain":0,"player_choice":"Forge","damage_taken":0,"max_hp_gain":0,"max_hp_loss":0,"event_name":"Accursed Blacksmith","floor":3,"gold_loss":0,"cards_upgraded":["Eruption"]}],"is_beta":false,"boss_relics":[{"not_picked":["Philosopher\u0027s Stone","Runic Dome"],"picked":"SlaversCollar"}],"items_purged_floors":[13],"is_endless":false,"potions_floor_spawned":[6,10,16,30,31],"killed_by":"Champ","ascension_level":10}}