{"host":"bztfrblx1dnujlkt","time":1609786315,"event":{"mods":["Act Like it!","Arknights The Spire","Aspiration","BaseMod","Better Altar","Better Note","Better Skull","BetterRewards","CCEM","CapriCore","Conspire","Downfall","GungeonMod","Halation","Hallownest","Hubris","Infinite Spire","Menagerie","Minty Spire (QoL Compilation)","Pale of the Ancients","Quick Restart","Replay The Spire","SCP261 Mod","StSLib","The Hayseed","The Marked","Thrall Mod","vexMod"],"gold_per_floor":[109,41,52,52,78,78,78,110,189,209,234,262,106,121,121,226,226,242,262,362,362,362,362,375,393,393,410,441,441,441,240,240,345,345,357,63,79,79,79,79,106,106,106,106,6,6,19,19,19,19],"floor_reached":51,"playtime":1788,"items_purged":["vexMod:UltimateCard","Writhe"],"score":799,"play_id":"20e337d5-b86d-4704-b392-30fdb4c8ecdc","local_time":"20210104195155","is_ascension_mode":false,"campfire_choices":[{"data":"theMarked:HeritageOfTheMarked","floor":6,"key":"SMITH"},{"data":"theMarked:Seal","floor":15,"key":"SMITH"},{"data":"theMarked:SelfDefenseTraining","floor":23,"key":"SMITH"},{"floor":29,"key":"REST"},{"floor":32,"key":"REST"},{"floor":40,"key":"REST"},{"data":"theMarked:HeritageOfTheMarked","floor":40,"key":"SMITH"},{"floor":44,"key":"REST"},{"data":"theMarked:Challenge","floor":44,"key":"SMITH"},{"data":"theMarked:Challenge","floor":46,"key":"SMITH"},{"floor":49,"key":"REST"},{"data":"theMarked:ComboAttacks","floor":49,"key":"SMITH"}],"circlet_count":0,"master_deck":["theMarked:Strike","theMarked:Strike+1","theMarked:Strike","theMarked:Strike","theMarked:Defend","theMarked:Defend","theMarked:Defend","theMarked:Defend","theMarked:SoldierOfQuellstein","theMarked:ResourceFulStrike","theMarked:HeritageOfTheMarked+1","theMarked:Seal+1","theMarked:ElectricStrings","theMarked:EmpowerWeapon","theMarked:Aftermath","theMarked:SelfDefenseTraining+1","theMarked:Frustration","theMarked:MagicAdept+1","Writhe","Doubt","Replay:SS_fish_1+1","vexMod:StairwayStrike+1","theMarked:ChainLightning+1","expansioncontent:DonusPower+1","theMarked:SelfDefenseTraining","theMarked:Aftermath+1","theMarked:Challenge+1","theMarked:ComboAttacks+1","theMarked:Challenge+1","theMarked:HeritageOfTheMarked+1","theMarked:Static","theMarked:BanishingStrike+1"],"relics":["theMarked:ArtifactOfAir","NeowsBlessing","DemoMod:ClearGuonStone","aspiration:HummingbirdHeart","Sundial","Odd Mushroom","Replay:Ringing Soul","Lee\u0027s Waffle","Replay:Ancient Bell","CCEMRelics:FestiveHat","conspire:DeflatedDodgeball","theMarked:VonisonLock","PreservedInsect","infinitespire:Joker Card","halation:SmartPhone","infinitespire:Magic Flask","hubris:MobiusCoin","aspiration:HiddenCompartment","HornCleat"],"acts_visited":["Exordium","TheCity","TheBeyond"],"potions_floor_usage":[12,27,33,33,33,50,50,50],"damage_taken":[{"damage":0,"enemies":"Jaw Worm","floor":1,"turns":1},{"damage":0,"enemies":"2 Louse","floor":3,"turns":2},{"damage":0,"enemies":"3 Sentries","floor":8,"turns":2},{"damage":0,"enemies":"Cultist","floor":10,"turns":3},{"damage":7,"enemies":"The Mushroom Lair","floor":11,"turns":5},{"damage":17,"enemies":"Gremlin Nob","floor":12,"turns":4},{"damage":0,"enemies":"Looter","floor":14,"turns":3},{"damage":15,"enemies":"Hexaghost","floor":16,"turns":9},{"damage":5,"enemies":"Chosen","floor":18,"turns":4},{"damage":32,"enemies":"Spheric Guardian","floor":19,"turns":6},{"damage":19,"enemies":"Snecko","floor":24,"turns":5},{"damage":0,"enemies":"Centurion and Healer","floor":25,"turns":6},{"damage":22,"enemies":"Sentry and Sphere","floor":27,"turns":6},{"damage":25,"enemies":"Gremlin Leader","floor":28,"turns":5},{"damage":30,"enemies":"hubris:MusketHawk","floor":33,"turns":10},{"damage":7,"enemies":"3 Darklings","floor":35,"turns":6},{"damage":18,"enemies":"3 Shapes","floor":37,"turns":5},{"damage":3,"enemies":"R_Hoarder","floor":41,"turns":6},{"damage":13,"enemies":"3 Darklings","floor":47,"turns":5},{"damage":80,"enemies":"Awakened One","floor":50,"turns":13}],"seed_played":"4941063738343071148","potions_obtained":[{"floor":10,"key":"LiquidMemories"},{"floor":11,"key":"EssenceOfSteel"},{"floor":12,"key":"Weak Potion"},{"floor":18,"key":"conspire:TimeTravelPotion"},{"floor":33,"key":"LifebloodPotion"},{"floor":41,"key":"AttackPotion"},{"floor":47,"key":"BlessingOfTheForge"}],"is_trial":false,"path_per_floor":["M","$","M","?","T","R","?","E","T","M","?","E","$","M","R","B",null,"M","M","?","?","?","R","M","M","T","M","E","R","?","$","R","B",null,"M","$","M","?","?","R","E","T","T","R","$","R","M","$","R","B",null],"character_chosen":"THE_DEFAULT","items_purchased":["theMarked:HeritageOfTheMarked","Lee\u0027s Waffle","theMarked:ComboAttacks","DemoMod:LeadSkinPotion","infinitespire:Magic Flask"],"campfire_rested":5,"item_purchase_floors":[2,13,31,31,36],"current_hp_per_floor":[70,70,70,56,56,56,63,63,63,63,56,42,80,83,83,71,89,87,58,58,63,63,63,47,50,50,31,6,37,37,40,72,73,110,95,95,69,69,90,119,107,107,107,122,122,122,109,109,122,42],"gold":19,"neow_bonus":"THREE_ENEMY_KILL","is_daily":false,"chose_seed":false,"campfire_upgraded":7,"win_rate":0.0,"timestamp":1609786315,"path_taken":["M","$","M","?","?","R","?","E","T","?","?","E","?","M","R","BOSS","M","M","?","?","?","R","M","?","T","M","E","R","?","?","R","BOSS","M","$","M","?","?","R","E","?","T","R","?","R","M","?","R","BOSS"],"items_purchased_type":["Card","Relic","Card","Undefined","Relic"],"build_version":"2020-12-22","purchased_purges":2,"victory":true,"max_hp_per_floor":[70,70,70,70,70,70,70,70,70,70,70,73,80,83,83,86,89,92,95,95,95,95,95,98,101,101,104,104,104,104,107,107,110,110,113,113,116,116,119,119,122,122,122,122,122,122,122,122,122,122],"card_choices":[{"not_picked":["theMarked:TwofoldDefense","theMarked:HeightenedSenses"],"picked":"theMarked:ResourceFulStrike","floor":1},{"not_picked":["theMarked:Improvise","theMarked:GodGivenPower"],"picked":"theMarked:Seal","floor":3},{"not_picked":["theMarked:RepellingDischarge","theMarked:WastefulDefense"],"picked":"theMarked:ElectricStrings","floor":8},{"not_picked":["theMarked:ChainLightning","theMarked:LightningStrikesTwice"],"picked":"theMarked:EmpowerWeapon","floor":10},{"not_picked":["theMarked:ResourceFulStrike","theMarked:Electrocute"],"picked":"theMarked:Aftermath","floor":11},{"not_picked":["theMarked:WardOff","theMarked:ChainLightning"],"picked":"theMarked:SelfDefenseTraining","floor":12},{"not_picked":["theMarked:Seal","theMarked:RepellingDischarge"],"picked":"theMarked:Frustration","floor":14},{"not_picked":["theMarked:ChannelForce","theMarked:TurnInvisible"],"picked":"theMarked:MagicAdept","floor":16},{"not_picked":["Delirium","hubris:Despair"],"picked":"Writhe","floor":17},{"not_picked":["TheSimpletonMod:Nettles","Amnesia"],"picked":"vexMod:UltimateCard","floor":17},{"not_picked":["hubris:Despair","Normality"],"picked":"Doubt","floor":17},{"not_picked":["expansioncontent:Corrupt+1","expansioncontent:ChargeUp+1"],"picked":"Replay:SS_fish_1+1","floor":18},{"not_picked":["theMarked:WastefulAttack","theMarked:EnhanceMovement","theMarked:Static"],"picked":"SKIP","floor":18},{"not_picked":["expansioncontent:BronzeBeam+1","Thinking Ahead+1"],"picked":"vexMod:StairwayStrike+1","floor":19},{"not_picked":["theMarked:WastefulAttack+1","theMarked:Frustration"],"picked":"theMarked:ChainLightning+1","floor":19},{"not_picked":["conspire:Banana+1","Replay:Parry+1"],"picked":"expansioncontent:DonusPower+1","floor":24},{"not_picked":["theMarked:SwordAndMagic","theMarked:BanishingStrike"],"picked":"theMarked:SelfDefenseTraining","floor":24},{"not_picked":["theMarked:ChainLightning","theMarked:Electrify"],"picked":"theMarked:Aftermath+1","floor":25},{"not_picked":["theMarked:SwordAndMagic","theMarked:TwofoldDefense"],"picked":"theMarked:Challenge","floor":27},{"not_picked":["theMarked:ChainLightning","theMarked:HeightenedSenses","theMarked:ReduceFriction"],"picked":"SKIP","floor":28},{"not_picked":["theMarked:UnarmedFury","theMarked:MagicAdept"],"picked":"theMarked:Challenge","floor":33},{"not_picked":["theMarked:RogueSparks","theMarked:WastefulAttack+1"],"picked":"theMarked:HeritageOfTheMarked","floor":35},{"not_picked":["theMarked:ChainLightning","theMarked:Standoff"],"picked":"theMarked:Static","floor":37},{"not_picked":["theMarked:ShockingTouch+1","theMarked:ComboAttacks"],"picked":"theMarked:BanishingStrike+1","floor":41},{"not_picked":["theMarked:Reabsorb","theMarked:ChainLightning","theMarked:TwofoldDefense+1"],"picked":"SKIP","floor":47}],"player_experience":2166151,"relics_obtained":[{"floor":5,"key":"DemoMod:ClearGuonStone"},{"floor":8,"key":"aspiration:HummingbirdHeart"},{"floor":9,"key":"Sundial"},{"floor":11,"key":"Odd Mushroom"},{"floor":12,"key":"Replay:Ringing Soul"},{"floor":26,"key":"PreservedInsect"},{"floor":28,"key":"infinitespire:Joker Card"},{"floor":41,"key":"hubris:MobiusCoin"},{"floor":42,"key":"aspiration:HiddenCompartment"},{"floor":43,"key":"HornCleat"}],"event_choices":[{"damage_healed":0,"gold_gain":0,"player_choice":"Entered Light","damage_taken":14,"max_hp_gain":0,"max_hp_loss":0,"event_name":"Shining Light","floor":4,"gold_loss":0,"cards_upgraded":["theMarked:Strike","theMarked:Strike"]},{"damage_healed":0,"gold_gain":0,"player_choice":"Fought Mushrooms","damage_taken":0,"max_hp_gain":0,"max_hp_loss":0,"event_name":"Mushrooms","floor":11,"gold_loss":0},{"damage_healed":0,"gold_gain":100,"player_choice":"Pray","damage_taken":0,"max_hp_gain":0,"max_hp_loss":0,"event_name":"Golden Shrine","floor":20,"gold_loss":0},{"damage_healed":5,"gold_gain":0,"player_choice":"LEAVE ","damage_taken":0,"relics_obtained":[],"max_hp_gain":0,"max_hp_loss":0,"event_name":"betterSkull:BetterSkull","floor":21,"gold_loss":0,"cards_upgraded":[]},{"damage_healed":0,"gold_gain":0,"player_choice":"Upgraded","damage_taken":0,"max_hp_gain":0,"max_hp_loss":0,"event_name":"Upgrade Shrine","floor":22,"gold_loss":0,"cards_upgraded":["theMarked:MagicAdept"]},{"damage_healed":0,"gold_gain":0,"player_choice":"Ignored","damage_taken":0,"max_hp_gain":0,"max_hp_loss":0,"event_name":"Cursed Tome","floor":30,"gold_loss":0},{"cards_removed":["theMarked:Strike"],"damage_healed":0,"gold_gain":0,"player_choice":"Removed Attack","damage_taken":0,"max_hp_gain":0,"max_hp_loss":0,"event_name":"Falling","floor":38,"gold_loss":0},{"damage_healed":29,"gold_gain":0,"player_choice":"Writhe","damage_taken":0,"max_hp_gain":0,"max_hp_loss":0,"event_name":"Winding Halls","floor":39,"gold_loss":0,"cards_obtained":["Writhe"]}],"is_beta":false,"boss_relics":[{"not_picked":["Astrolabe","expansioncontent:StudyCardRelic"],"picked":"Replay:Ancient Bell"},{"not_picked":["Nunchaku","CeramicFish"],"picked":"CCEMRelics:FestiveHat"},{"not_picked":["Meat on the Bone","Letter Opener"],"picked":"conspire:DeflatedDodgeball"},{"not_picked":["DemoMod:Antibody","CCEMRelics:WarHorn"],"picked":"theMarked:VonisonLock"},{"not_picked":["Busted Crown","Snecko Eye"],"picked":"halation:SmartPhone"}],"items_purged_floors":[31,45],"is_endless":false,"potions_floor_spawned":[10,11,12,18,33,41,47],"ascension_level":0}}