{"host":"56ghxnzsglgdq727","time":1609759507,"event":{"mods":["AchievementEnabler","BaseMod","Downfall","Minty Spire (QoL Compilation)","StSLib"],"gold_per_floor":[99,99,99,99,199,199,199,199,234,252,272,272,122,139,163,163,163,163],"floor_reached":16,"playtime":546,"items_purged":[],"score":98,"play_id":"9cd88c1d-bf51-409f-a4cf-1f0281c3efd3","local_time":"20210104062507","is_ascension_mode":false,"campfire_choices":[{"data":"hexamod:Float","floor":1,"key":"SMITH"},{"floor":13,"key":"REST"}],"circlet_count":0,"master_deck":["hexamod:Strike","hexamod:Strike+1","hexamod:Strike+1","hexamod:Strike","hexamod:Defend","hexamod:Defend","hexamod:Defend","hexamod:Defend","hexamod:Sear","hexamod:Float+1","hexamod:HauntingEcho","hexamod:FastForward+1","hexamod:SecondSeal","hexamod:HauntingEcho","hexamod:FastForward","hexamod:InspiringFlames"],"relics":["hexamod:SpiritBrand","downfall:HeartsMalice","MealTicket","Whetstone","CultistMask","downfall:HeartBlessingGreen","downfall:HeartBlessingBlue"],"acts_visited":["Exordium"],"potions_floor_usage":[11,16],"damage_taken":[{"damage":0,"enemies":"Small Slimes","floor":2,"turns":1},{"damage":0,"enemies":"2 Louse","floor":3,"turns":1},{"damage":0,"enemies":"Cultist","floor":6,"turns":1},{"damage":44,"enemies":"3 Sentries","floor":9,"turns":12},{"damage":1,"enemies":"Large Slime","floor":10,"turns":6},{"damage":0,"enemies":"2 Fungi Beasts","floor":11,"turns":2},{"damage":7,"enemies":"Lots of Slimes","floor":14,"turns":5},{"damage":3,"enemies":"Red Slaver","floor":15,"turns":4},{"damage":30,"enemies":"downfall:Defect","floor":16,"turns":5}],"seed_played":"-7263169160457863311","potions_obtained":[{"floor":9,"key":"CultistPotion"},{"floor":10,"key":"DistilledChaos"},{"floor":15,"key":"GamblersBrew"}],"is_trial":false,"path_per_floor":["R","M","M","?","?","M","T","?","E","M","M","?","R","M","M","B"],"character_chosen":"THE_SPIRIT","items_purchased":[],"campfire_rested":1,"item_purchase_floors":[],"current_hp_per_floor":[70,70,70,58,58,58,58,58,14,13,13,13,47,40,37,7,7,7],"gold":163,"neow_bonus":"THREE_ENEMY_KILL","is_daily":false,"chose_seed":false,"campfire_upgraded":1,"win_rate":0.0,"timestamp":1609759507,"path_taken":["R","M","M","?","?","?","T","?","E","M","M","?","R","?","M","BOSS"],"items_purchased_type":[],"build_version":"2020-12-22","purchased_purges":0,"victory":false,"max_hp_per_floor":[70,70,70,70,70,70,70,70,70,70,70,70,80,80,80,80,80,80],"card_choices":[{"not_picked":["hexamod:NightmareStrike","hexamod:GhostLash"],"picked":"hexamod:HauntingEcho","floor":2},{"not_picked":["hexamod:ShieldOfDarkness","hexamod:BacktrackSmack","hexamod:AdvancingGuard"],"picked":"SKIP","floor":3},{"not_picked":["hexamod:GhostOfSpirePresent","hexamod:GhostShield"],"picked":"hexamod:FastForward","floor":6},{"not_picked":["hexamod:GhostLash","hexamod:NightmareGuise"],"picked":"hexamod:SecondSeal","floor":9},{"not_picked":["hexamod:SearingWound","hexamod:BacktrackSmack"],"picked":"hexamod:HauntingEcho","floor":10},{"not_picked":["hexamod:FlamesFromBeyond","hexamod:BurningTouch","hexamod:ShieldOfDarkness"],"picked":"SKIP","floor":11},{"not_picked":["hexamod:GhostflameBarrier","hexamod:GhostShield"],"picked":"hexamod:FastForward","floor":14},{"not_picked":["hexamod:HauntingEcho","hexamod:Hexaguard"],"picked":"hexamod:InspiringFlames","floor":15}],"player_experience":132916,"relics_obtained":[{"floor":9,"key":"Whetstone"}],"event_choices":[{"damage_healed":0,"gold_gain":0,"player_choice":"Success","damage_taken":12,"relics_obtained":["MealTicket"],"max_hp_gain":0,"max_hp_loss":0,"event_name":"Scrap Ooze","floor":4,"gold_loss":0},{"damage_healed":0,"gold_gain":0,"player_choice":"Grow","damage_taken":0,"max_hp_gain":0,"max_hp_loss":0,"event_name":"Living Wall","floor":8,"gold_loss":0,"cards_upgraded":["hexamod:FastForward"]},{"damage_healed":0,"gold_gain":0,"player_choice":"Trade","damage_taken":0,"relics_obtained":["CultistMask"],"max_hp_gain":0,"max_hp_loss":0,"event_name":"FaceTrader","floor":12,"gold_loss":0}],"is_beta":false,"boss_relics":[],"items_purged_floors":[],"is_endless":false,"potions_floor_spawned":[9,10,15],"killed_by":"downfall:Defect","ascension_level":0}}