{"host":"l84l8xigz5v5foa2","time":1609740219,"event":{"mods":["2.2 Compatiblity","AchievementEnabler","BaseMod","Better Note","Better Vampires","Card Filter","Colored Map","DeckTracker","Downfall","Gremlin Skip","Highlight Path","Keyboard Shortcuts","Minty Spire (QoL Compilation)","Permanent Neow","Quick Restart","Relic Filter","Relic Stats","StSLib","SuperFastMode","Transform Curses","Unknown Chances"],"gold_per_floor":[99,112,123,123,123,223,223,237,251,268,268,138,138,170,186,265,265,265,275,300,124,135,135,135,165,165,185,77,77,105,124,142,216,216,66,77,77,97,107,139,139,173,98,146,146,163,163,196,211,211,211,244,21,21,21],"floor_reached":56,"playtime":4229,"items_purged":["hexamod:Sear","Slimebound:Icky"],"score":2404,"play_id":"4464c4a2-dcfc-42cd-aecf-e8d8a4ea2cac","local_time":"20210104150339","is_ascension_mode":true,"campfire_choices":[{"data":"hexamod:Float","floor":1.0,"key":"SMITH"},{"data":"hexamod:SkipABeat","floor":11.0,"key":"SMITH"},{"data":"hexamod:ChargedBarrage","floor":13.0,"key":"SMITH"},{"data":"hexamod:ApocalypticArmor","floor":18.0,"key":"SMITH"},{"data":"hexamod:EmpoweringStance","floor":23.0,"key":"SMITH"},{"data":"hexamod:FastForward","floor":26.0,"key":"SMITH"},{"floor":29.0,"key":"RECALL"},{"data":"hexamod:GiftsFromTheDead","floor":35.0,"key":"SMITH"},{"data":"expansioncontent:Chronoboost","floor":43.0,"key":"SMITH"},{"data":"hexamod:RainOfEmbers","floor":45.0,"key":"SMITH"},{"data":"hexamod:Rewind","floor":54,"key":"SMITH"}],"circlet_count":0,"master_deck":["AscendersBane","hexamod:Strike","hexamod:Strike","hexamod:Strike","hexamod:Defend","hexamod:Defend","hexamod:Defend","hexamod:Float+1","hexamod:GhostLash","hexamod:ThirdSeal","hexamod:SkipABeat+1","hexamod:ChargedBarrage+1","hexamod:SpectersWail","hexamod:StepThrough","hexamod:StepThrough","hexamod:FourthSeal","hexamod:ApocalypticArmor+1","hexamod:Hexaguard","hexamod:GhostflameInferno","hexamod:WildfireWeapon","hexamod:PowerFromBeyond+1","hexamod:RecurringNightmare","hexamod:EmpoweringStance+1","hexamod:GhostShield","hexamod:FastForward+1","hexamod:FirstSeal","hexamod:FirstSeal","hexamod:GhostShield","hexamod:StepThrough","hexamod:AdvancingGuard","hexamod:GiftsFromTheDead+1","hexamod:HauntingEcho","hexamod:NecessarySacrifice+1","hexamod:GhostShield+1","expansioncontent:Chronoboost+1","hexamod:RecurringNightmare+1","hexamod:GhostflameBarrier+1","hexamod:GhostOfSpirePast+1","hexamod:RainOfEmbers+1","hexamod:InspiringFlames","hexamod:RainOfEmbers","hexamod:InspiringFlames","hexamod:Rewind+1","hexamod:Incineration+1","Apotheosis"],"relics":["hexamod:SpiritBrand","downfall:ShatteredFragment","CaptainsWheel","Boot","expansioncontent:StudyCardRelic","Membership Card","Bottled Flame","PreservedInsect","Chemical X","hexamod:SoulOfChaos","Happy Flower","sneckomod:SneckoTalon","downfall:HeartBlessingGreen","downfall:HeartBlessingRed","Potion Belt","Eternal Feather","Bag of Marbles","downfall:HeartBlessingBlue","champ:DuelingGlove","Singing Bowl","Toy Ornithopter","sneckomod:BlankCard"],"acts_visited":["Exordium","TheCity","TheBeyond","TheEnding"],"potions_floor_usage":[55,55,55],"damage_taken":[{"damage":0.0,"enemies":"2 Louse","floor":2.0,"turns":3.0},{"damage":0.0,"enemies":"Jaw Worm","floor":3.0,"turns":4.0},{"damage":0.0,"enemies":"Small Slimes","floor":8.0,"turns":3.0},{"damage":0.0,"enemies":"Exordium Thugs","floor":9.0,"turns":3.0},{"damage":3.0,"enemies":"Red Slaver","floor":10.0,"turns":4.0},{"damage":0.0,"enemies":"downfall:FleeingMerchant","floor":12.0,"turns":4.0},{"damage":0.0,"enemies":"Gremlin Nob","floor":14.0,"turns":3.0},{"damage":5.0,"enemies":"Blue Slaver","floor":15.0,"turns":3.0},{"damage":24.0,"enemies":"downfall:Silent","floor":16.0,"turns":8.0},{"damage":0.0,"enemies":"Chosen","floor":19.0,"turns":3.0},{"damage":0.0,"enemies":"downfall:FleeingMerchant","floor":21.0,"turns":5.0},{"damage":0.0,"enemies":"3 Byrds","floor":22.0,"turns":4.0},{"damage":46.0,"enemies":"Slavers","floor":25.0,"turns":5.0},{"damage":41.0,"enemies":"Cultist and Chosen","floor":27.0,"turns":7.0},{"damage":0.0,"enemies":"downfall:FleeingMerchant","floor":28.0,"turns":4.0},{"damage":0.0,"enemies":"Gremlin Leader","floor":30.0,"turns":3.0},{"damage":2.0,"enemies":"Shelled Parasite and Fungi","floor":31.0,"turns":3.0},{"damage":6.0,"enemies":"Snake Plant","floor":32.0,"turns":4.0},{"damage":4.0,"enemies":"downfall:Ironclad","floor":33.0,"turns":7.0},{"damage":0.0,"enemies":"Orb Walker","floor":36.0,"turns":4.0},{"damage":21.0,"enemies":"3 Darklings","floor":38.0,"turns":5.0},{"damage":18.0,"enemies":"Maw","floor":39.0,"turns":6.0},{"damage":12.0,"enemies":"Reptomancer","floor":40.0,"turns":5.0},{"damage":0.0,"enemies":"Nemesis","floor":42.0,"turns":3.0},{"damage":3.0,"enemies":"2 Orb Walkers","floor":44.0,"turns":5.0},{"damage":0.0,"enemies":"Spire Growth","floor":46.0,"turns":4.0},{"damage":26.0,"enemies":"Giant Head","floor":48.0,"turns":7.0},{"damage":15.0,"enemies":"Writhing Mass","floor":49.0,"turns":6.0},{"damage":10,"enemies":"downfall:Watcher","floor":50,"turns":8},{"damage":6,"enemies":"downfall:CharBossMerchant","floor":52,"turns":6},{"damage":10,"enemies":"downfall:NeowBoss","floor":55,"turns":19}],"seed_played":"-223165264505238202","potions_obtained":[{"floor":2.0,"key":"DistilledChaos"},{"floor":8.0,"key":"Fire Potion"},{"floor":9.0,"key":"AttackPotion"},{"floor":15.0,"key":"BlessingOfTheForge"},{"floor":16.0,"key":"Energy Potion"},{"floor":19.0,"key":"Fire Potion"},{"floor":20.0,"key":"downfall:CursedFountainPotion"},{"floor":21.0,"key":"SmokeBomb"},{"floor":22.0,"key":"FairyPotion"},{"floor":25.0,"key":"SpeedPotion"},{"floor":30.0,"key":"SneckoOil"},{"floor":31.0,"key":"Fire Potion"},{"floor":31.0,"key":"CultistPotion"},{"floor":32.0,"key":"hexamod:EctoCoolerPotion"},{"floor":33.0,"key":"Guardian:BlockOnCardUsePotion"},{"floor":38.0,"key":"hexamod:InfernoChargePotion"},{"floor":39.0,"key":"Block Potion"},{"floor":40.0,"key":"EssenceOfSteel"},{"floor":44.0,"key":"Block Potion"},{"floor":46.0,"key":"Strength Potion"},{"floor":48.0,"key":"SneckoOil"},{"floor":49.0,"key":"Dexterity Potion"},{"floor":49.0,"key":"GamblersBrew"}],"is_trial":false,"path_per_floor":["R","M","M","?","?","?","T","M","M","M","R","$","R","E","M","B",null,"R","M","?","$","M","R","T","E","R","M","$","R","E","M","M","B",null,"R","M","?","M","M","E","T","E","R","?","R","M","?","E","M","B",null,"E","$","R","B",null],"character_chosen":"THE_SPIRIT","items_purchased":["hexamod:StepThrough","Membership Card","hexamod:StepThrough","PreservedInsect","Chemical X","hexamod:SoulOfChaos","hexamod:AdvancingGuard","sneckomod:BlankCard","Apotheosis","ColorlessPotion"],"campfire_rested":0,"item_purchase_floors":[12,21,28,28,28,28,28,53,53,53],"current_hp_per_floor":[57,57,57,36,36,36,36,36,36,33,33,33,33,33,28,4,44,44,44,44,44,44,44,44,17,17,16,23,23,30,28,36,39,53,53,57,47,40,36,38,38,38,67,67,67,67,67,59,58,62,69,70,70,71,71],"gold":21,"neow_bonus":"REMOVE_TWO","is_daily":false,"chose_seed":false,"campfire_upgraded":10,"win_rate":0.0,"timestamp":1609740219,"path_taken":["R","M","M","?","?","?","T","M","M","M","R","$","R","E","M","BOSS","R","M","?","?","M","R","T","E","R","?","$","R","E","M","M","BOSS","R","M","?","M","M","E","T","E","R","?","R","M","?","E","M","BOSS","E","$","R","BOSS"],"items_purchased_type":["Card","Relic","Card","Relic","Relic","Relic","Card","Relic","Card","Potion"],"build_version":"2020-12-22","purchased_purges":2,"victory":true,"max_hp_per_floor":[57,57,57,57,57,57,57,57,57,57,57,57,57,57,57,57,57,57,57,57,57,57,57,57,57,57,57,57,57,57,57,57,57,57,57,57,57,57,57,57,57,57,67,67,67,67,67,71,71,71,71,71,71,71,71],"relic_stats":{"Happy Flower":[31],"Singing Bowl":4,"counters":[31,158],"Eternal Feather":20,"PreservedInsect":397,"Chemical X":[14],"Boot":[90],"obtain_stats":[{"Potion Belt":40,"champ:DuelingGlove":44,"downfall:ShatteredFragment":4,"Happy Flower":30,"downfall:HeartBlessingRed":35,"Singing Bowl":48,"sneckomod:BlankCard":53,"downfall:HeartBlessingGreen":35,"Eternal Feather":41,"PreservedInsect":28,"expansioncontent:StudyCardRelic":17,"Boot":14,"sneckomod:SneckoTalon":34,"CaptainsWheel":7,"Bottled Flame":25,"downfall:HeartBlessingBlue":43,"hexamod:SoulOfChaos":28,"Bag of Marbles":42,"Membership Card":21,"Chemical X":28,"hexamod:SpiritBrand":0,"Toy Ornithopter":52},{"Potion Belt":23,"champ:DuelingGlove":25,"downfall:ShatteredFragment":2,"Happy Flower":16,"downfall:HeartBlessingRed":19,"Singing Bowl":27,"sneckomod:BlankCard":30,"downfall:HeartBlessingGreen":19,"Eternal Feather":23,"PreservedInsect":15,"expansioncontent:StudyCardRelic":9,"Boot":7,"sneckomod:SneckoTalon":19,"CaptainsWheel":2,"Bottled Flame":13,"downfall:HeartBlessingBlue":24,"hexamod:SoulOfChaos":15,"Bag of Marbles":24,"Membership Card":11,"Chemical X":15,"hexamod:SpiritBrand":0,"Toy Ornithopter":30},{"Potion Belt":100,"champ:DuelingGlove":108,"downfall:ShatteredFragment":7,"Happy Flower":66,"downfall:HeartBlessingRed":80,"Singing Bowl":119,"sneckomod:BlankCard":139,"downfall:HeartBlessingGreen":80,"Eternal Feather":100,"PreservedInsect":63,"expansioncontent:StudyCardRelic":35,"Boot":24,"sneckomod:SneckoTalon":80,"CaptainsWheel":7,"Bottled Flame":52,"downfall:HeartBlessingBlue":103,"hexamod:SoulOfChaos":63,"Bag of Marbles":103,"Membership Card":43,"Chemical X":63,"hexamod:SpiritBrand":0,"Toy Ornithopter":139}],"Toy Ornithopter":0},"card_choices":[{"not_picked":["hexamod:HauntingEcho","hexamod:SoulSteal"],"picked":"hexamod:InspiringFlames","floor":2.0},{"not_picked":["hexamod:BacktrackSmack","hexamod:SpectralSpark"],"picked":"hexamod:GhostLash","floor":3.0},{"not_picked":["hexamod:GhostLash","hexamod:HauntingEcho","hexamod:GhostflameBarrier"],"picked":"SKIP","floor":8.0},{"not_picked":["hexamod:Hexaguard","hexamod:SwordOfDarkness","hexamod:HauntingEcho"],"picked":"SKIP","floor":8.0},{"not_picked":["hexamod:EtherealExpedition","hexamod:AdvancingGuard"],"picked":"hexamod:SkipABeat","floor":9.0},{"not_picked":["hexamod:ShieldOfDarkness","hexamod:ThermalTransfer","hexamod:ExtraCrispy"],"picked":"SKIP","floor":9.0},{"not_picked":["hexamod:BurningTouch","hexamod:RainOfEmbers"],"picked":"hexamod:ChargedBarrage","floor":10.0},{"not_picked":["hexamod:NightmareGuise","hexamod:FlamesFromBeyond"],"picked":"hexamod:SpectersWail","floor":10.0},{"not_picked":["hexamod:SwordOfDarkness","hexamod:ChargedBarrage"],"picked":"hexamod:StepThrough","floor":12.0},{"not_picked":["hexamod:NightmareStrike","hexamod:SpectersWail","hexamod:RainOfEmbers"],"picked":"SKIP","floor":12.0},{"not_picked":["hexamod:BurningTouch","hexamod:SearingWound"],"picked":"hexamod:FourthSeal","floor":14.0},{"not_picked":["hexamod:SuperheatedStrike","hexamod:GhostShield"],"picked":"hexamod:ApocalypticArmor","floor":14.0},{"not_picked":["hexamod:CatchUp","hexamod:FastForward"],"picked":"hexamod:Hexaguard","floor":15.0},{"not_picked":["hexamod:ParanormalForm","hexamod:WildfireWeapon"],"picked":"hexamod:GhostflameInferno","floor":16.0},{"not_picked":["hexamod:ParanormalForm","hexamod:UnleashSpirits"],"picked":"hexamod:WildfireWeapon","floor":16.0},{"not_picked":["hexamod:RainOfEmbers","hexamod:Hexaguard+1"],"picked":"hexamod:PowerFromBeyond+1","floor":19.0},{"not_picked":["hexamod:SwordOfDarkness","hexamod:Haunt"],"picked":"hexamod:RecurringNightmare","floor":19.0},{"not_picked":["hexamod:BacktrackSmack","hexamod:NightmareGuise"],"picked":"hexamod:EmpoweringStance","floor":21.0},{"not_picked":["hexamod:BurningTouch","hexamod:SwordOfDarkness"],"picked":"hexamod:GhostShield","floor":21.0},{"not_picked":["hexamod:NightmareStrike","hexamod:ThermalTransfer"],"picked":"hexamod:FastForward","floor":22.0},{"not_picked":["hexamod:BurningTouch","hexamod:SwordOfDarkness"],"picked":"hexamod:FirstSeal","floor":25.0},{"not_picked":["hexamod:PhantomFireball","hexamod:SpectersWail+1"],"picked":"hexamod:FirstSeal","floor":25.0},{"not_picked":["hexamod:Rewind","hexamod:GhostOfSpirePresent"],"picked":"hexamod:GhostShield","floor":27.0},{"not_picked":["hexamod:PhantomFireball","hexamod:SpectralSpark","hexamod:BacktrackSmack"],"picked":"SKIP","floor":27.0},{"not_picked":["hexamod:PhantomFireball","hexamod:SpectralSpark","hexamod:BacktrackSmack"],"picked":"SKIP","floor":27.0},{"not_picked":["hexamod:ThermalTransfer","hexamod:GhostflameBarrier","hexamod:Incineration"],"picked":"SKIP","floor":28.0},{"not_picked":["hexamod:SpectralSpark+1","hexamod:SoulSteal","hexamod:SpectersWail"],"picked":"SKIP","floor":28.0},{"not_picked":["hexamod:GhostLash","hexamod:Hexaguard"],"picked":"hexamod:GiftsFromTheDead","floor":30.0},{"not_picked":["hexamod:CrushingStance","hexamod:SkipABeat"],"picked":"hexamod:HauntingEcho","floor":30.0},{"not_picked":["hexamod:Again+1","hexamod:PhantomCloak","hexamod:Firestarter"],"picked":"SKIP","floor":31.0},{"not_picked":["hexamod:SoulSteal","hexamod:FastForward","hexamod:FlamesFromBeyond"],"picked":"SKIP","floor":32.0},{"not_picked":["hexamod:Firestarter","hexamod:GhostShield","hexamod:SpectersWail"],"picked":"SKIP","floor":32.0},{"not_picked":["hexamod:NightmareGuise+1","hexamod:NightmareStrike+1"],"picked":"hexamod:NecessarySacrifice+1","floor":36.0},{"not_picked":["hexamod:AdvancingGuard","hexamod:BacktrackSmack"],"picked":"hexamod:GhostShield+1","floor":36.0},{"not_picked":["expansioncontent:BronzeBeam","expansioncontent:Collect"],"picked":"expansioncontent:Chronoboost","floor":37.0},{"not_picked":["hexamod:BacktrackSmack","hexamod:FirstSeal","hexamod:SpectralSpark"],"picked":"SKIP","floor":38.0},{"not_picked":["hexamod:SpectralAdrenaline+1","hexamod:SuperheatedStrike+1","hexamod:FirstSeal"],"picked":"SKIP","floor":38.0},{"not_picked":["hexamod:GhostLash","hexamod:NightmareStrike"],"picked":"hexamod:RecurringNightmare+1","floor":39.0},{"not_picked":["hexamod:BacktrackSmack+1","hexamod:SuperheatedStrike","hexamod:AdvancingGuard+1"],"picked":"SKIP","floor":39.0},{"not_picked":["hexamod:SuperheatedStrike","hexamod:Hexaguard"],"picked":"hexamod:GhostflameBarrier+1","floor":40.0},{"not_picked":["hexamod:SpectralSpark","hexamod:Hexaguard","hexamod:EmpoweredFlame"],"picked":"SKIP","floor":40.0},{"not_picked":["hexamod:Firestarter","hexamod:GhostOfSpirePresent"],"picked":"hexamod:GhostOfSpirePast+1","floor":42.0},{"not_picked":["hexamod:SpectralAdrenaline+1","hexamod:GhostLash","hexamod:NecessarySacrifice"],"picked":"SKIP","floor":42.0},{"not_picked":["hexamod:SecondSeal","hexamod:RadiantFlame"],"picked":"hexamod:RainOfEmbers","floor":44.0},{"not_picked":["hexamod:SpectersWail","hexamod:FastForward"],"picked":"hexamod:InspiringFlames","floor":46.0},{"not_picked":["hexamod:Rewind","hexamod:GhostLash","hexamod:SixthSeal"],"picked":"SKIP","floor":46.0},{"not_picked":["hexamod:ExtraCrispy","hexamod:FastForward","hexamod:SpectersWail"],"picked":"Singing Bowl","floor":48.0},{"not_picked":["hexamod:EmpoweredFlame","hexamod:ShieldOfDarkness+1","hexamod:SpectersWail"],"picked":"Singing Bowl","floor":48.0},{"not_picked":["hexamod:InspiringFlames","hexamod:SpectersWail"],"picked":"hexamod:RainOfEmbers","floor":49.0},{"not_picked":["hexamod:BurningTouch","hexamod:HauntingEcho"],"picked":"hexamod:InspiringFlames","floor":49.0},{"not_picked":["hexamod:Hexaguard","hexamod:Firestarter+1"],"picked":"hexamod:Rewind","floor":52},{"not_picked":["hexamod:RainOfEmbers","hexamod:NightmareStrike"],"picked":"hexamod:Incineration+1","floor":52}],"player_experience":2830677,"relics_obtained":[{"floor":7.0,"key":"CaptainsWheel"},{"floor":14.0,"key":"Boot"},{"floor":25.0,"key":"Bottled Flame"},{"floor":30.0,"key":"Happy Flower"},{"floor":40.0,"key":"Potion Belt"},{"floor":41.0,"key":"Eternal Feather"},{"floor":42.0,"key":"Bag of Marbles"},{"floor":44.0,"key":"champ:DuelingGlove"},{"floor":48.0,"key":"Singing Bowl"},{"floor":52,"key":"Toy Ornithopter"}],"event_choices":[{"damage_healed":0.0,"max_hp_gain":0.0,"max_hp_loss":0.0,"gold_gain":0.0,"event_name":"Mysterious Sphere","player_choice":"Fight","floor":44.0,"gold_loss":0.0,"damage_taken":0.0}],"is_beta":false,"boss_relics":[{"not_picked":["Pandora\u0027s Box","Astrolabe"],"picked":"expansioncontent:StudyCardRelic"},{"not_picked":["Calling Bell","Cursed Key"],"picked":"sneckomod:SneckoTalon"}],"items_purged_floors":[12,28],"is_endless":false,"potions_floor_spawned":[2,8,9,10,31,32,39,49],"ascension_level":20}}