{"host":"r6wilvrr1tovskr2","time":1609737214,"event":{"mods":["2.2 Compatiblity","AchievementEnabler","Aspiration","BaseMod","Bestiary","Better Altar","Better Match","Better Note","Better Sensory Stone","Better Skull","Better Third Choice","Colored Powertips","Conspire","Curses Come First","Energized Spire","GifTheSpireLib","Halation","Highlight Path","Hubris","Infinite Spire","Marked Mod","Minty Spire (QoL Compilation)","Quick Restart","Replay The Spire","Shop Mod","Spicy Shops","Spikes Relics","StSLib","Stuff the Spire","The Blue Laboratory","vexMod"],"gold_per_floor":[15,15,25,35,210,210,245,245,245,245,265,265,281,381,381,486,486,497,511,531,266,279,279,298,298,323,323,427,427,14,26,26,128,128,148,159,172,190,190,190,190],"floor_reached":40,"playtime":2773,"items_purged":["Doubt","conspire:GhostlyStrike","conspire:GhostlyStrike"],"score":823,"play_id":"27029083-bfe4-4f4f-be36-d72a4aa2bd12","local_time":"20210103231334","is_ascension_mode":true,"campfire_choices":[{"floor":6,"key":"RECALL"},{"floor":8,"key":"REST"},{"data":"Riddle With Holes","floor":15,"key":"SMITH"},{"floor":23,"key":"REST"},{"floor":25,"key":"REST"},{"floor":32,"key":"REST"}],"circlet_count":0,"master_deck":["conspire:GhostlyStrike","conspire:GhostlyDefend","conspire:GhostlyDefend","conspire:GhostlyDefend","conspire:GhostlyDefend","conspire:GhostlyDefend","Survivor","Neutralize","Poisoned Stab","Riddle With Holes","Riddle With Holes+1","StuffTheSpire:Brawn","infinitespire:NeuralNetwork","Defragment","FIFO Queue","Quick Slash"],"relics":["Ring of the Snake","StuffTheSpire:TintedRock","hubris:Icosahedron","LugNut","aspiration:DefectSkillbook","Vajra","hubris:BottledRain","hubris:Backtick","vexMod:InvisibilityCloak","Question Card","SpikesRelics:ToyHorsey","Philosopher\u0027s Stone","Byrd Skull","Replay:Bronze Core"],"acts_visited":["Exordium","TheCity","TheBeyond"],"potions_floor_usage":[7,14,16,18,24,24,38],"damage_taken":[{"damage":4,"enemies":"Jaw Worm","floor":1,"turns":9},{"damage":1,"enemies":"conspire:RoseBush","floor":3,"turns":3},{"damage":5,"enemies":"Small Slimes","floor":4,"turns":4},{"damage":20,"enemies":"Gremlin Nob","floor":7,"turns":4},{"damage":3,"enemies":"3 Louse","floor":11,"turns":2},{"damage":5,"enemies":"2 Fungi Beasts","floor":13,"turns":3},{"damage":10,"enemies":"3 Sentries","floor":14,"turns":7},{"damage":13,"enemies":"Hexaghost","floor":16,"turns":5},{"damage":1,"enemies":"Spheric Guardian","floor":18,"turns":3},{"damage":0,"enemies":"Shell Parasite","floor":19,"turns":3},{"damage":5,"enemies":"Shelled Parasite and Fungi","floor":20,"turns":9},{"damage":18,"enemies":"3 Cultists","floor":22,"turns":5},{"damage":22,"enemies":"Snake Plant","floor":24,"turns":4},{"damage":51,"enemies":"Nightmare","floor":28,"turns":9},{"damage":3,"enemies":"Shelled Parasite and Fungi","floor":31,"turns":2},{"damage":12,"enemies":"Automaton","floor":33,"turns":6},{"damage":26,"enemies":"3 Darklings","floor":35,"turns":5},{"damage":4,"enemies":"3 Shapes","floor":36,"turns":4},{"damage":13,"enemies":"Spire Growth","floor":37,"turns":4},{"damage":12,"enemies":"Jaw Worm Horde","floor":38,"turns":4},{"damage":9,"enemies":"Reptomancer","floor":40,"turns":2}],"seed_played":"5137212113009510059","potions_obtained":[{"floor":1,"key":"Strength Potion"},{"floor":7,"key":"DuplicationPotion"},{"floor":11,"key":"ColorlessPotion"},{"floor":13,"key":"ColorlessPotion"},{"floor":19,"key":"blueLaboratory:BottledHope"},{"floor":20,"key":"Elixir"},{"floor":22,"key":"AttackPotion"},{"floor":36,"key":"blueLaboratory:TrueEctoplasm"},{"floor":37,"key":"Poison Potion"},{"floor":38,"key":"blueLaboratory:FrostheartPotion"}],"is_trial":false,"path_per_floor":["M","?","M","M","?","R","E","R","T","?","M","?","M","E","R","B",null,"M","M","M","?","M","R","M","R","T","AVR","NM","?","$","M","R","B",null,"M","M","M","M","AVR","E"],"character_chosen":"THE_SILENT","items_purchased":["FIFO Queue","SpikesRelics:ToyHorsey"],"campfire_rested":4,"item_purchase_floors":[30,30],"current_hp_per_floor":[59,59,58,53,53,53,33,54,54,54,51,66,61,51,51,38,62,61,61,56,56,38,59,37,58,58,58,7,7,7,4,25,13,56,30,26,13,1,1,0,0],"gold":190,"neow_bonus":"REMOVE_TWO","is_daily":false,"chose_seed":false,"campfire_upgraded":1,"win_rate":0.0,"timestamp":1609737214,"path_taken":["M","?","M","M","?","R","E","R","T","?","M","?","M","E","R","BOSS","M","M","M","?","M","R","M","R","T","AVR","NM","?","$","M","R","BOSS","M","M","M","M","AVR","E"],"items_purchased_type":["Card","Relic"],"build_version":"2020-12-22","purchased_purges":3,"victory":false,"max_hp_per_floor":[70,70,70,70,70,70,70,70,70,70,70,70,70,70,70,70,70,70,70,70,70,70,70,70,70,70,70,70,70,70,70,70,70,70,70,70,70,70,70,70,70],"card_choices":[{"not_picked":["PiercingWail","Backflip"],"picked":"Poisoned Stab","floor":1},{"not_picked":["Poisoned Stab","Hidden Blade"],"picked":"Riddle With Holes","floor":3},{"not_picked":["Prepared","Blade Dance"],"picked":"Riddle With Holes","floor":4},{"not_picked":["Dodge and Roll","StuffTheSpire:ClusterCrunch","Prepared"],"picked":"SKIP","floor":7},{"not_picked":["Phantasmal Killer","Eviscerate","Skewer"],"picked":"SKIP","floor":11},{"not_picked":["Hidden Blade","conspire:DoublingDagger","StuffTheSpire:Sprint"],"picked":"SKIP","floor":13},{"not_picked":["Storm of Steel","StuffTheSpire:Sprint","Prepared"],"picked":"SKIP","floor":14},{"not_picked":["ReplayTheSpireMod:Repulse+1","BasicCrystalCard","PiercingWail","Sucker Punch"],"picked":"SKIP","floor":18},{"not_picked":["Genetic Algorithm","infinitespire:Neurotoxin","Consume","StuffTheSpire:LoadUp+1"],"picked":"SKIP","floor":19},{"not_picked":["Hidden Blade","BasicCrystalCard","Cloak And Dagger","Bane"],"picked":"SKIP","floor":20},{"not_picked":["StuffTheSpire:Python+1","Heel Hook","StuffTheSpire:ClusterCrunch","StuffTheSpire:DoubleShiv"],"picked":"SKIP","floor":22},{"not_picked":["Streamline","Poisoned Stab","Slice","Skewer+1"],"picked":"SKIP","floor":24},{"not_picked":["Dagger Spray","Tempest","Poisoned Stab+1"],"picked":"Defragment","floor":28},{"not_picked":["Self Repair","Time Bomb","Prepared+1","Deadly Poison"],"picked":"Quick Slash","floor":31},{"not_picked":["Cold Snap","Fusion","StuffTheSpire:Injection","Genetic Algorithm+1","BasicCrystalCard"],"picked":"SKIP","floor":35},{"not_picked":["hubris:Sniper","Poisoned Stab+1","Cloak And Dagger+1","Cold Snap","StuffTheSpire:ClusterCrunch"],"picked":"SKIP","floor":36},{"not_picked":["Toxin Wave","Turbo","hubris:Ukulele","Poisoned Stab+1","PiercingWail"],"picked":"SKIP","floor":37},{"not_picked":["Go for the Eyes+1","conspire:PoisonWeapons","Sucker Punch+1","Redo+1","Deflect+1"],"picked":"SKIP","floor":38}],"player_experience":1177745,"relics_obtained":[{"floor":7,"key":"StuffTheSpire:TintedRock"},{"floor":14,"key":"LugNut"},{"floor":26,"key":"Vajra"},{"floor":28,"key":"Question Card"}],"event_choices":[{"damage_healed":0,"gold_gain":0,"player_choice":"Agree","damage_taken":0,"max_hp_gain":0,"max_hp_loss":0,"event_name":"conspire:LoneGhost","floor":2,"gold_loss":0},{"damage_healed":0,"gold_gain":175,"player_choice":"AGREE","damage_taken":35,"max_hp_gain":0,"max_hp_loss":0,"event_name":"betterThird:BetterSerpent","floor":5,"gold_loss":0}],"is_beta":false,"boss_relics":[{"not_picked":["halation:CatFaceCupcake","vexMod:ImprovementManual"],"picked":"aspiration:DefectSkillbook"},{"not_picked":["Sandwich","Honey Jar"],"picked":"Philosopher\u0027s Stone"}],"items_purged_floors":[27,30,39],"is_endless":true,"potions_floor_spawned":[1,7,11,13,19,20,22,36,37,38],"killed_by":"Reptomancer","ascension_level":8}}