{"host":"640uue19m79c7wbt","time":1609735441,"event":{"mods":["BaseMod","Colored Map","Googly Eyes","Highlight Path","Minty Spire (QoL Compilation)","Quick Restart","StSLib"],"gold_per_floor":[112,112,112,32,50,50,81,107,173,199,228,265,277,301,313,421,433,462,474,85,99,25,25,55,154,224,234,234,309,309,338,338,434,434,446,446,446,446],"floor_reached":37,"playtime":1700,"items_purged":["Strike_G"],"score":594,"play_id":"b3ca6a7f-6a3b-46ca-b551-03c64bc57c19","local_time":"20210103234401","is_ascension_mode":true,"campfire_choices":[{"data":"Noxious Fumes","floor":6.0,"key":"SMITH"},{"floor":15.0,"key":"REST"},{"data":"Venomology","floor":23.0,"key":"SMITH"},{"data":"Night Terror","floor":28.0,"key":"SMITH"},{"data":"Concentrate","floor":30.0,"key":"SMITH"},{"data":"Well Laid Plans","floor":32.0,"key":"SMITH"}],"circlet_count":0,"master_deck":["Strike_G","Strike_G","Strike_G","Defend_G","Defend_G","Defend_G","Defend_G","Defend_G","Survivor","Neutralize","Dagger Spray","Noxious Fumes+1","Reflex","Concentrate+1","Slice+1","Bane","PiercingWail+1","Acrobatics","Night Terror+1","Venomology+1","Well Laid Plans+1","Sadistic Nature","Underhanded Strike","Dramatic Entrance","Bouncing Flask","Crippling Poison","Burst","Eviscerate","Backstab","Venomology","Blade Dance+1"],"relics":["Ring of the Serpent","NeowsBlessing","Lantern","MawBank","Blood Vial","Bottled Lightning","SacredBark","Ninja Scroll","Eternal Feather","Bronze Scales","PreservedInsect"],"acts_visited":["Exordium","TheCity","TheBeyond"],"potions_floor_usage":[35],"damage_taken":[{"damage":0.0,"enemies":"Small Slimes","floor":1.0,"turns":1.0},{"damage":0.0,"enemies":"Jaw Worm","floor":5.0,"turns":1.0},{"damage":0.0,"enemies":"Lagavulin","floor":7.0,"turns":1.0},{"damage":0.0,"enemies":"Cultist","floor":8.0,"turns":4.0},{"damage":10.0,"enemies":"2 Fungi Beasts","floor":10.0,"turns":3.0},{"damage":15.0,"enemies":"Exordium Thugs","floor":11.0,"turns":5.0},{"damage":7.0,"enemies":"3 Sentries","floor":12.0,"turns":6.0},{"damage":3.0,"enemies":"Looter","floor":14.0,"turns":4.0},{"damage":36.0,"enemies":"The Guardian","floor":16.0,"turns":13.0},{"damage":37.0,"enemies":"Shell Parasite","floor":18.0,"turns":9.0},{"damage":11.0,"enemies":"Spheric Guardian","floor":21.0,"turns":6.0},{"damage":15.0,"enemies":"Book of Stabbing","floor":24.0,"turns":3.0},{"damage":9.0,"enemies":"Cultist and Chosen","floor":27.0,"turns":4.0},{"damage":15.0,"enemies":"Slavers","floor":31.0,"turns":3.0},{"damage":51.0,"enemies":"Automaton","floor":33.0,"turns":10.0},{"damage":48,"enemies":"3 Darklings","floor":35,"turns":4},{"damage":16,"enemies":"3 Shapes","floor":37,"turns":1}],"seed_played":"-5168700822826404957","potions_obtained":[{"floor":1.0,"key":"DistilledChaos"},{"floor":5.0,"key":"Ancient Potion"},{"floor":8.0,"key":"SpeedPotion"},{"floor":14.0,"key":"SmokeBomb"},{"floor":16.0,"key":"Regen Potion"},{"floor":21.0,"key":"ColorlessPotion"},{"floor":24.0,"key":"PowerPotion"},{"floor":31.0,"key":"LiquidMemories"}],"is_trial":false,"path_per_floor":["M","?","?","$","M","R","E","M","T","M","M","E","?","M","R","B",null,"M","?","$","M","$","R","E","?","T","M","R","?","R","E","R","B",null,"M","T","M"],"character_chosen":"THE_SILENT","items_purchased":["Noxious Fumes","Sadistic Nature","Underhanded Strike","Dramatic Entrance","Crippling Poison"],"campfire_rested":1,"item_purchase_floors":[4,20,20,20,22],"current_hp_per_floor":[63,60,60,60,60,60,60,60,60,52,39,34,20,19,40,6,54,66,60,60,51,51,51,38,38,38,50,65,58,70,55,70,19,57,11,11,0,0],"gold":446,"neow_bonus":"THREE_ENEMY_KILL","is_daily":false,"chose_seed":false,"campfire_upgraded":5,"win_rate":0.0,"timestamp":1609735441,"path_taken":["M","?","?","$","M","R","E","M","T","?","M","E","?","M","R","BOSS","M","?","?","M","$","R","E","?","T","M","R","?","R","E","R","BOSS","M","?","M"],"items_purchased_type":["Card","Card","Card","Card","Card"],"build_version":"2020-12-22","purchased_purges":1,"victory":false,"max_hp_per_floor":[70,70,70,70,70,70,70,70,70,70,70,70,70,70,70,70,70,70,70,70,70,70,70,70,70,70,70,70,70,70,70,70,70,70,70,70,70,70],"card_choices":[{"not_picked":["Infinite Blades","Deflect"],"picked":"Dagger Spray","floor":1.0},{"not_picked":["Flying Knee","Expertise"],"picked":"Reflex","floor":5.0},{"not_picked":["Heel Hook","Poisoned Stab"],"picked":"Concentrate","floor":7.0},{"not_picked":["Calculated Gamble","Concentrate"],"picked":"Slice","floor":8.0},{"not_picked":["Cloak And Dagger","Quick Slash"],"picked":"Bane","floor":10.0},{"not_picked":["Dodge and Roll","Heel Hook"],"picked":"PiercingWail","floor":11.0},{"not_picked":["Backflip","Deflect"],"picked":"Acrobatics","floor":12.0},{"not_picked":["Prepared","Bane"],"picked":"Night Terror","floor":14.0},{"not_picked":["Doppelganger","Tools of the Trade"],"picked":"Venomology","floor":16.0},{"not_picked":["Prepared","Slice"],"picked":"Well Laid Plans","floor":18.0},{"not_picked":["Deflect+1","Blade Dance"],"picked":"Bouncing Flask","floor":21.0},{"not_picked":["Bouncing Flask","Dodge and Roll"],"picked":"Burst","floor":24.0},{"not_picked":["Calculated Gamble","Dagger Throw+1"],"picked":"Eviscerate","floor":27.0},{"not_picked":["Sucker Punch","Dodge and Roll"],"picked":"Backstab","floor":31.0},{"not_picked":["Envenom","Phantasmal Killer"],"picked":"Venomology","floor":33.0},{"not_picked":["Flechettes","Sucker Punch"],"picked":"Blade Dance+1","floor":35}],"player_experience":566259,"relics_obtained":[{"floor":7.0,"key":"MawBank"},{"floor":9.0,"key":"Blood Vial"},{"floor":12.0,"key":"Bottled Lightning"},{"floor":24.0,"key":"Ninja Scroll"},{"floor":26.0,"key":"Eternal Feather"},{"floor":31.0,"key":"Bronze Scales"},{"floor":36,"key":"PreservedInsect"}],"event_choices":[{"damage_healed":0.0,"max_hp_gain":0.0,"max_hp_loss":0.0,"gold_gain":0.0,"event_name":"Scrap Ooze","player_choice":"Success","floor":2.0,"gold_loss":0.0,"damage_taken":3.0,"relics_obtained":["Lantern"]},{"cards_removed":["Strike_G"],"damage_healed":0.0,"max_hp_gain":0.0,"max_hp_loss":0.0,"gold_gain":0.0,"event_name":"Purifier","player_choice":"Purged","floor":3.0,"gold_loss":0.0,"damage_taken":0.0},{"damage_healed":0.0,"max_hp_gain":0.0,"max_hp_loss":0.0,"gold_gain":0.0,"event_name":"Shining Light","player_choice":"Entered Light","floor":13.0,"gold_loss":0.0,"damage_taken":14.0,"cards_upgraded":["Slice","PiercingWail"]},{"damage_healed":0.0,"max_hp_gain":0.0,"max_hp_loss":0.0,"gold_gain":0.0,"event_name":"Knowing Skull","player_choice":"","floor":19.0,"potions_obtained":[],"gold_loss":0.0,"damage_taken":6.0,"cards_obtained":[]},{"damage_healed":0.0,"max_hp_gain":0.0,"max_hp_loss":0.0,"gold_gain":99.0,"event_name":"Nest","player_choice":"Stole From Cult","floor":25.0,"gold_loss":0.0,"damage_taken":0.0},{"damage_healed":0.0,"max_hp_gain":0.0,"max_hp_loss":0.0,"gold_gain":75.0,"event_name":"FaceTrader","player_choice":"Touch","floor":29.0,"gold_loss":0.0,"damage_taken":7.0}],"is_beta":false,"boss_relics":[{"not_picked":["Pandora\u0027s Box","HoveringKite"],"picked":"SacredBark"},{"not_picked":["Snecko Eye","Coffee Dripper"],"picked":"Ring of the Serpent"}],"items_purged_floors":[20],"is_endless":false,"potions_floor_spawned":[1,5,8,14,16,21,24,31],"killed_by":"3 Shapes","ascension_level":7}}