{"host":"9ndbo4kgsfoemf7y","time":1609762249,"event":{"mods":["AchievementEnabler","BaseMod","Colored Map","DeckTracker","Keyboard Shortcuts","Minty Spire (QoL Compilation)","Permanent Neow","Quick Restart","Relic Stats","StSLib","SuperFastMode"],"gold_per_floor":[109,109,119,131,143,172,172,198,210,222,268,280,305,333,345,460,472,499,511,533,557,20,20,20],"floor_reached":23,"playtime":1320,"items_purged":["Strike_B"],"score":266,"play_id":"3032815d-a78a-42ac-82d2-8ffb20d88198","local_time":"20210104211049","is_ascension_mode":true,"campfire_choices":[{"data":"Double Energy","floor":7.0,"key":"SMITH"},{"floor":12.0,"key":"REST"},{"data":"Seek","floor":15.0,"key":"SMITH"}],"circlet_count":0,"master_deck":["Defend_B","Defend_B","Defend_B","Defend_B","Zap","Dualcast","Biased Cognition","Streamline","Glacier","Coolheaded","Steam Power","Double Energy+1","Aggregate","Seek+1","All For One","Coolheaded+1","FTL+1","Core Surge+1","Hologram","Defragment","Hologram","Genetic Algorithm","Loop"],"relics":["Cracked Core","Cables","MawBank","White Beast Statue","Thread and Needle","Art of War","Astrolabe","CultistMask","Frozen Eye","Bag of Marbles"],"acts_visited":["Exordium","TheCity"],"potions_floor_usage":[23],"damage_taken":[{"damage":7.0,"enemies":"2 Louse","floor":1.0,"turns":2.0},{"damage":1.0,"enemies":"Cultist","floor":3.0,"turns":3.0},{"damage":0.0,"enemies":"Small Slimes","floor":4.0,"turns":3.0},{"damage":1.0,"enemies":"Gremlin Gang","floor":5.0,"turns":7.0},{"damage":15.0,"enemies":"3 Sentries","floor":6.0,"turns":9.0},{"damage":15.0,"enemies":"Lagavulin","floor":8.0,"turns":5.0},{"damage":17.0,"enemies":"Gremlin Nob","floor":11.0,"turns":4.0},{"damage":0.0,"enemies":"2 Fungi Beasts","floor":13.0,"turns":3.0},{"damage":0.0,"enemies":"Red Slaver","floor":14.0,"turns":4.0},{"damage":29.0,"enemies":"Slime Boss","floor":16.0,"turns":12.0},{"damage":4.0,"enemies":"Shell Parasite","floor":18.0,"turns":7.0},{"damage":0.0,"enemies":"3 Byrds","floor":20.0,"turns":4.0},{"damage":0.0,"enemies":"Sentry and Sphere","floor":21.0,"turns":4.0},{"damage":57,"enemies":"Slavers","floor":23,"turns":10}],"seed_played":"-5816672010002545091","potions_obtained":[{"floor":5.0,"key":"AttackPotion"},{"floor":6.0,"key":"Ancient Potion"},{"floor":11.0,"key":"FearPotion"},{"floor":13.0,"key":"EntropicBrew"},{"floor":14.0,"key":"CultistPotion"},{"floor":16.0,"key":"DuplicationPotion"},{"floor":21.0,"key":"AttackPotion"}],"is_trial":false,"path_per_floor":["M","?","M","M","M","E","R","E","T","?","E","R","M","M","R","B",null,"M","?","M","M","$","E"],"character_chosen":"DEFECT","items_purchased":["Genetic Algorithm","Loop","Frozen Eye","Bag of Marbles"],"campfire_rested":1,"item_purchase_floors":[22,22,22,22],"current_hp_per_floor":[68,68,67,67,66,51,51,36,36,36,19,41,41,41,41,12,59,55,55,55,55,55,0,0],"gold":20,"neow_bonus":"THREE_RARE_CARDS","is_daily":false,"chose_seed":false,"campfire_upgraded":2,"win_rate":0.0,"timestamp":1609762249,"path_taken":["M","?","M","M","?","E","R","E","T","?","E","R","M","?","R","BOSS","M","?","?","M","$","E"],"items_purchased_type":["Card","Card","Relic","Relic"],"build_version":"2020-12-22","purchased_purges":1,"victory":false,"max_hp_per_floor":[75,75,75,75,75,75,75,75,75,75,75,75,75,75,75,75,75,75,75,75,75,75,75,75],"relic_stats":{"counters":[14,77],"Astrolabe":["Coolheaded","FTL","Core Surge"],"Art of War":[9],"MawBank":168,"obtain_stats":[{"Frozen Eye":22,"Astrolabe":17,"Thread and Needle":10,"CultistMask":19,"Art of War":11,"Bag of Marbles":22,"Cracked Core":0,"MawBank":8,"White Beast Statue":9,"Cables":6},{"Frozen Eye":13,"Astrolabe":10,"Thread and Needle":6,"CultistMask":11,"Art of War":7,"Bag of Marbles":13,"Cracked Core":0,"MawBank":6,"White Beast Statue":6,"Cables":5},{"Frozen Eye":67,"Astrolabe":52,"Thread and Needle":29,"CultistMask":59,"Art of War":33,"Bag of Marbles":67,"Cracked Core":0,"MawBank":29,"White Beast Statue":29,"Cables":24}],"Cables":[48,13,33,0,2]},"card_choices":[{"not_picked":["Multi-Cast","Creative AI"],"picked":"Biased Cognition","floor":0.0},{"not_picked":["Rip and Tear","Steam"],"picked":"Streamline","floor":1.0},{"not_picked":["Melter","Leap"],"picked":"Glacier","floor":3.0},{"not_picked":["Force Field","Recycle"],"picked":"Coolheaded","floor":4.0},{"not_picked":["Go for the Eyes","Leap"],"picked":"Steam Power","floor":5.0},{"not_picked":["Echo Form","Self Repair"],"picked":"Double Energy","floor":6.0},{"not_picked":["Leap","Beam Cell"],"picked":"Aggregate","floor":8.0},{"not_picked":["Rebound","Streamline"],"picked":"Seek","floor":11.0},{"not_picked":["Coolheaded","Barrage","Gash"],"picked":"SKIP","floor":13.0},{"not_picked":["Go for the Eyes","Leap","Fusion"],"picked":"SKIP","floor":14.0},{"not_picked":["Seek","Fission"],"picked":"All For One","floor":16.0},{"not_picked":["Stack","Beam Cell"],"picked":"Hologram","floor":18.0},{"not_picked":["Sweeping Beam","Auto Shields+1"],"picked":"Defragment","floor":20.0},{"not_picked":["Leap","Steam"],"picked":"Hologram","floor":21.0}],"player_experience":775647,"relics_obtained":[{"floor":6.0,"key":"Cables"},{"floor":8.0,"key":"MawBank"},{"floor":9.0,"key":"White Beast Statue"},{"floor":11.0,"key":"Art of War"}],"event_choices":[{"cards_removed":["Pain"],"damage_healed":0.0,"max_hp_gain":0.0,"max_hp_loss":0.0,"gold_gain":0.0,"event_name":"Fountain of Cleansing","player_choice":"Removed Curses","floor":2.0,"gold_loss":0.0,"damage_taken":0.0},{"damage_healed":0.0,"max_hp_gain":0.0,"max_hp_loss":0.0,"gold_gain":0.0,"event_name":"WeMeetAgain","player_choice":"Gave Potion","floor":10.0,"gold_loss":0.0,"damage_taken":0.0,"relics_obtained":["Thread and Needle"]},{"damage_healed":0.0,"max_hp_gain":0.0,"max_hp_loss":0.0,"gold_gain":0.0,"event_name":"FaceTrader","player_choice":"Trade","floor":19.0,"gold_loss":0.0,"damage_taken":0.0,"relics_obtained":["CultistMask"]}],"is_beta":false,"boss_relics":[{"not_picked":["Runic Dome","Coffee Dripper"],"picked":"Astrolabe"}],"items_purged_floors":[22],"is_endless":false,"potions_floor_spawned":[5,6,11,13,14,16,18,20,21],"killed_by":"Slavers","ascension_level":5}}