{"host":"2d8l43s0fl0kdlnt","time":1609746906,"event":{"mods":["2.2 Compatiblity","BaseMod","Colored Powertips","Custom Start","Halation","Minty Spire (QoL Compilation)","Rare Cards Sparkle","SIMod","StSLib","UnlockEverythingMod"],"gold_per_floor":[112,124,136,136,152,152,172,206,206,206,171,187,213,24,24,120,120,135,145,145,160,11,36,36,69,147,147,175,175,275,288,288,385,385,395,405,405,423,442,476,496,529,529,358,383,383,430,430,430,430,430,430,23,54,54],"floor_reached":56,"playtime":7164,"items_purged":["Strike_TS","Defend_TS"],"score":1481,"play_id":"32bb881d-0f24-4587-96e9-e2a4d70ee412","local_time":"20210104015505","is_ascension_mode":true,"campfire_choices":[{"data":"ConcertedEfforts","floor":6.0,"key":"SMITH"},{"floor":10.0,"key":"REST"},{"data":"Dear_Princess","floor":15.0,"key":"SMITH"},{"floor":27.0,"key":"REST"},{"data":"Strike_RR","floor":32.0,"key":"PURGE"},{"floor":46.0,"key":"REST"},{"floor":49.0,"key":"RECALL"},{"data":"CheerUp","floor":52.0,"key":"PURGE"}],"circlet_count":0,"master_deck":["Defend_FS","Defend_AJ","ConcertedEfforts+1","HarmonyShield","MessyAndOrderly","Generousity","AllByMyself","ReinventMyself","Charge","Magic","Stare","Dear_Princess+1","AlloutStrike+1","Magic","RunningOfTheLeaves","Lasso+1","AppleFeast","Tornado+1","TakeTheLead","Perfectionism+1","RunningOfTheLeaves+1","Winterwrapup","Laughter+1","Honesty","CleanLibrary+1","Magic","Batlization","LoveMe+1","FriendshipIsMagic","InspirationRecovery","FollowTherRainbow+1","Tornado+1","BehindTheScene+1","PinkiePromise+1","Magictrain+1","AllByMyself","TenInstruments+1","Batlization+1","Lasso+1","AppleFeast+1","FarmExpert+1","Lasso+1","AppleFever","FarmExpert+1","AppleFever","Winterwrapup+1","TenInstruments+1","BatchProduction","LadiesDemeanor"],"relics":["The_element_of_harmony","Lizard Tail","Prayer Wheel","Molten Egg 2","Fusion Hammer","halation:Jellyphish","Shuriken","halation:AfternoonTea","Matryoshka","halation:PinkSoulGem","Mercury Hourglass","Peace Pipe","Sofa","Astrolabe","Orichalcum","halation:BottledLove","Question Card","Ice Cream","Strawberry","Smiling Mask","TwilightTruncheon","Bronze Scales"],"acts_visited":["Exordium","TheCity","TheBeyond","TheEnding"],"potions_floor_usage":[55,55,55,55,55],"damage_taken":[{"damage":0.0,"enemies":"2 Louse","floor":1.0,"turns":3.0},{"damage":12.0,"enemies":"Small Slimes","floor":2.0,"turns":5.0},{"damage":6.0,"enemies":"Cultist","floor":3.0,"turns":4.0},{"damage":3.0,"enemies":"Large Slime","floor":5.0,"turns":9.0},{"damage":0.0,"enemies":"2 Fungi Beasts","floor":7.0,"turns":6.0},{"damage":10.0,"enemies":"Lagavulin","floor":8.0,"turns":7.0},{"damage":15.0,"enemies":"Exordium Wildlife","floor":12.0,"turns":7.0},{"damage":23.0,"enemies":"Gremlin Nob","floor":13.0,"turns":4.0},{"damage":14.0,"enemies":"The Guardian","floor":16.0,"turns":8.0},{"damage":0.0,"enemies":"3 Byrds","floor":18.0,"turns":4.0},{"damage":15.0,"enemies":"Chosen","floor":19.0,"turns":5.0},{"damage":13.0,"enemies":"Snake Plant","floor":21.0,"turns":5.0},{"damage":15.0,"enemies":"Book of Stabbing","floor":23.0,"turns":4.0},{"damage":17.0,"enemies":"Gremlin Leader","floor":25.0,"turns":4.0},{"damage":4.0,"enemies":"Book of Stabbing","floor":28.0,"turns":4.0},{"damage":19.0,"enemies":"Colosseum Slavers","floor":30.0,"turns":5.0},{"damage":5.0,"enemies":"Colosseum Nobs","floor":30.0,"turns":6.0},{"damage":4.0,"enemies":"Centurion and Healer","floor":31.0,"turns":4.0},{"damage":15.0,"enemies":"Champ","floor":33.0,"turns":7.0},{"damage":11.0,"enemies":"Orb Walker","floor":35.0,"turns":3.0},{"damage":7.0,"enemies":"3 Darklings","floor":36.0,"turns":2.0},{"damage":2.0,"enemies":"Maw","floor":38.0,"turns":6.0},{"damage":11.0,"enemies":"Transient","floor":39.0,"turns":5.0},{"damage":9.0,"enemies":"Nemesis","floor":40.0,"turns":5.0},{"damage":10.0,"enemies":"Jaw Worm Horde","floor":41.0,"turns":5.0},{"damage":6.0,"enemies":"Giant Head","floor":42.0,"turns":5.0},{"damage":9.0,"enemies":"Nemesis","floor":45.0,"turns":5.0},{"damage":51.0,"enemies":"Awakened One","floor":50.0,"turns":7.0},{"damage":14.0,"enemies":"Shield and Spear","floor":54.0,"turns":3.0},{"damage":32,"enemies":"The Heart","floor":55,"turns":5}],"seed_played":"5261589923777522251","potions_obtained":[{"floor":2.0,"key":"Weak Potion"},{"floor":3.0,"key":"EntropicBrew"},{"floor":12.0,"key":"GamblersBrew"},{"floor":16.0,"key":"Fruit Juice"},{"floor":18.0,"key":"SpeedPotion"},{"floor":25.0,"key":"Block Potion"},{"floor":28.0,"key":"Explosive Potion"},{"floor":41.0,"key":"Weak Potion"},{"floor":42.0,"key":"Dexterity Potion"},{"floor":54.0,"key":"EssenceOfSteel"}],"is_trial":false,"path_per_floor":["M","M","M","?","M","R","M","E","T","R","?","M","E","$","R","B",null,"M","M","?","M","$","E","?","E","T","R","E","?","?","M","R","B",null,"M","M","?","M","M","E","M","E","T","$","E","R","T","?","R","B",null,"R","$","E","B",null],"character_chosen":"TWI_CLASS","items_purchased":["AppleFeast","Tornado+1","halation:Jellyphish","BigDeal","TwilightTruncheon","TenInstruments+1","BatchProduction"],"campfire_rested":3,"item_purchase_floors":[14,14,22,44,53,53,53],"current_hp_per_floor":[58,46,40,33,30,30,30,20,20,44,64,49,26,26,26,12,82,87,72,72,59,59,44,44,27,27,53,61,61,59,55,55,40,97,86,79,79,77,66,71,61,55,55,55,53,88,88,88,88,52,118,118,118,104,72],"gold":54,"neow_bonus":"THREE_RARE_CARDS","is_daily":false,"chose_seed":false,"campfire_upgraded":2,"win_rate":0.0,"timestamp":1609746905,"path_taken":["M","M","M","?","M","R","M","E","T","R","?","M","E","$","R","BOSS","M","M","?","?","$","E","?","E","T","R","E","?","?","?","R","BOSS","M","M","?","M","M","E","M","E","T","$","E","R","?","?","R","BOSS","R","$","E","BOSS"],"items_purchased_type":["Card","Card","Relic","Card","Relic","Card","Card"],"build_version":"2020-12-22","purchased_purges":2,"victory":true,"max_hp_per_floor":[82,82,82,82,82,82,82,82,82,82,82,82,82,82,82,82,82,87,87,87,87,87,87,87,87,87,87,87,87,97,97,97,97,97,97,97,97,97,97,111,111,111,111,111,118,118,118,118,118,118,118,118,118,118,118],"card_choices":[{"not_picked":["FriendshipIsMagic","LoveMe"],"picked":"MessyAndOrderly","floor":0.0},{"not_picked":["Anxiousness","FriendOfNature"],"picked":"SKIP","floor":1.0},{"not_picked":["FarmExpert","KillingWithKindness"],"picked":"SKIP","floor":1.0},{"not_picked":["Yay","Perfectionism"],"picked":"SKIP","floor":2.0},{"not_picked":["AppleFeast","TwentyPercentcooler"],"picked":"SKIP","floor":2.0},{"not_picked":["HideCarefully"],"picked":"Generousity","floor":3.0},{"not_picked":["HideCarefully"],"picked":"AllByMyself","floor":3.0},{"not_picked":["MessyAndOrderly"],"picked":"ReinventMyself","floor":5.0},{"not_picked":["FollowTherRainbow"],"picked":"Charge","floor":5.0},{"not_picked":["ISayNo"],"picked":"CheerUp","floor":7.0},{"not_picked":["Celebrities"],"picked":"Magic","floor":7.0},{"not_picked":["Louder"],"picked":"Stare","floor":8.0},{"not_picked":["Mischief","LoveMe"],"picked":"SKIP","floor":8.0},{"not_picked":["Celebrities"],"picked":"Dear_Princess","floor":12.0},{"not_picked":["FollowTherRainbow"],"picked":"AlloutStrike+1","floor":12.0},{"not_picked":["Celebrities"],"picked":"Magic","floor":12.0},{"not_picked":["Boundary"],"picked":"RunningOfTheLeaves","floor":13.0},{"not_picked":["ThrowingApples+1"],"picked":"Lasso+1","floor":13.0},{"not_picked":["Flutterguy"],"picked":"CowboySkills","floor":16.0},{"not_picked":["Overwhelming+1"],"picked":"TakeTheLead","floor":16.0},{"not_picked":["Magictrain","PartyTime"],"picked":"SKIP","floor":18.0},{"not_picked":["FollowTherRainbow","Yay+1"],"picked":"SKIP","floor":18.0},{"not_picked":["KillingWithKindness","Mischief+1"],"picked":"SKIP","floor":18.0},{"not_picked":["FarmExpert"],"picked":"Perfectionism+1","floor":19.0},{"not_picked":["FriendshipIsMagic"],"picked":"RunningOfTheLeaves+1","floor":19.0},{"not_picked":["Mischief","Charge+1"],"picked":"SKIP","floor":19.0},{"not_picked":["AppleFeast"],"picked":"Winterwrapup","floor":21.0},{"not_picked":["Smile","HideCarefully"],"picked":"SKIP","floor":21.0},{"not_picked":["SwiftKick+1","Smile"],"picked":"SKIP","floor":21.0},{"not_picked":["TwentyPercentcooler"],"picked":"Laughter+1","floor":23.0},{"not_picked":["AlloutStrike+1","Boundary"],"picked":"SKIP","floor":23.0},{"not_picked":["ThrowingApples+1"],"picked":"Honesty","floor":25.0},{"not_picked":["TasteRainbow+1"],"picked":"CleanLibrary+1","floor":25.0},{"not_picked":["Louder+1"],"picked":"Magic","floor":28.0},{"not_picked":["Whining","DynamicVision"],"picked":"SKIP","floor":28.0},{"not_picked":["ISayNo+1"],"picked":"Batlization","floor":30.0},{"not_picked":["CheerUp"],"picked":"LoveMe+1","floor":31.0},{"not_picked":["ReinventMyself","Magictrain"],"picked":"SKIP","floor":31.0},{"not_picked":["Charge+1","ThunderCloud+1"],"picked":"SKIP","floor":31.0},{"not_picked":["LadiesDemeanor"],"picked":"FriendshipIsMagic","floor":33.0},{"not_picked":["TakeTheLead"],"picked":"InspirationRecovery","floor":33.0},{"not_picked":["SwiftKick+1"],"picked":"PinkiePromise+1","floor":35.0},{"not_picked":["ISayNo+1"],"picked":"Magictrain+1","floor":35.0},{"not_picked":["RunningOfTheLeaves","FollowTherRainbow"],"picked":"SKIP","floor":35.0},{"not_picked":["GemstoneDetection"],"picked":"AllByMyself","floor":36.0},{"not_picked":["Magic_Beam+1","Laughter+1"],"picked":"SKIP","floor":36.0},{"not_picked":["Anxiousness+1","PartyCana+1"],"picked":"SKIP","floor":36.0},{"not_picked":["Magictrain"],"picked":"TenInstruments+1","floor":38.0},{"not_picked":["Anxiousness+1"],"picked":"Batlization+1","floor":38.0},{"not_picked":["RunningOfTheLeaves"],"picked":"Lasso+1","floor":38.0},{"not_picked":["BehindTheScene"],"picked":"AppleFeast+1","floor":39.0},{"not_picked":["Perfectionism"],"picked":"FarmExpert+1","floor":39.0},{"not_picked":["RashStunts"],"picked":"Lasso+1","floor":39.0},{"not_picked":["ServeMeal+1"],"picked":"AppleFever","floor":40.0},{"not_picked":["ThunderCloud"],"picked":"FarmExpert+1","floor":40.0},{"not_picked":["RushToSky+1"],"picked":"AppleFever","floor":41.0},{"not_picked":["PartyTime","ServeMeal"],"picked":"SKIP","floor":41.0},{"not_picked":["Magic_Beam+1","Harmanyblast+1"],"picked":"SKIP","floor":41.0},{"not_picked":["Smile","Yay+1"],"picked":"SKIP","floor":42.0},{"not_picked":["PinkiePromise","BehindTheScene"],"picked":"SKIP","floor":42.0},{"not_picked":["CowboySkills","Boundary+1"],"picked":"Winterwrapup+1","floor":45.0},{"not_picked":["Mischief","Tornado+1","Celebrities+1"],"picked":"SKIP","floor":45.0},{"not_picked":["Honesty","Laughter+1"],"picked":"LadiesDemeanor","floor":54.0},{"not_picked":["ThrowingApples+1","TasteRainbow","Celebrities"],"picked":"SKIP","floor":54.0}],"player_experience":97805,"relics_obtained":[{"floor":8.0,"key":"Prayer Wheel"},{"floor":9.0,"key":"Molten Egg 2"},{"floor":23.0,"key":"Shuriken"},{"floor":25.0,"key":"halation:AfternoonTea"},{"floor":28.0,"key":"Matryoshka"},{"floor":30.0,"key":"Peace Pipe"},{"floor":30.0,"key":"Sofa"},{"floor":40.0,"key":"Orichalcum"},{"floor":42.0,"key":"halation:BottledLove"},{"floor":43.0,"key":"Question Card"},{"floor":43.0,"key":"Ice Cream"},{"floor":45.0,"key":"Strawberry"},{"floor":47.0,"key":"Smiling Mask"},{"floor":54.0,"key":"Bronze Scales"}],"event_choices":[{"damage_healed":0.0,"max_hp_gain":0.0,"max_hp_loss":0.0,"gold_gain":0.0,"event_name":"Scrap Ooze","player_choice":"Success","floor":4.0,"gold_loss":0.0,"damage_taken":7.0,"relics_obtained":["Lizard Tail"]},{"damage_healed":20.0,"max_hp_gain":0.0,"max_hp_loss":0.0,"gold_gain":0.0,"event_name":"The Cleric","player_choice":"Healed","floor":11.0,"gold_loss":35.0,"damage_taken":0.0},{"cards_removed":["Strike_AJ"],"damage_healed":0.0,"max_hp_gain":0.0,"max_hp_loss":0.0,"gold_gain":0.0,"event_name":"Purifier","player_choice":"Purged","floor":20.0,"gold_loss":0.0,"damage_taken":0.0},{"damage_healed":0.0,"max_hp_gain":0.0,"max_hp_loss":0.0,"gold_gain":0.0,"event_name":"Vampires","player_choice":"Ignored","floor":24.0,"gold_loss":0.0,"damage_taken":0.0},{"damage_healed":0.0,"max_hp_gain":0.0,"max_hp_loss":0.0,"gold_gain":0.0,"event_name":"Colosseum","player_choice":"Fight","floor":30.0,"gold_loss":0.0,"damage_taken":0.0},{"damage_healed":0.0,"max_hp_gain":0.0,"max_hp_loss":0.0,"gold_gain":0.0,"event_name":"Colosseum","player_choice":"Fought Nobs","floor":30.0,"gold_loss":0.0,"damage_taken":0.0},{"cards_removed":["BigDeal"],"damage_healed":0.0,"max_hp_gain":0.0,"max_hp_loss":0.0,"gold_gain":0.0,"event_name":"Falling","player_choice":"Removed Skill","floor":48.0,"gold_loss":0.0,"damage_taken":0.0}],"is_beta":false,"boss_relics":[{"not_picked":["halation:Risk","Cursed Key"],"picked":"Fusion Hammer"},{"not_picked":["Empty Cage","halation:SmartPhone"],"picked":"Astrolabe"}],"items_purged_floors":[14,44],"is_endless":false,"potions_floor_spawned":[2,3,12,16,18,21,25,28,38,41,42,45,54],"ascension_level":3}}