{"host":"qj91dvco5uhu9oti","time":1609758379,"event":{"mods":["BaseMod","Colored Map","Keyboard Shortcuts","Minty Spire (QoL Compilation)","Permanent Neow","Relic Stats","StSLib","SuperFastMode","everything is the same but u backflip on backflip"],"gold_per_floor":[117,117,117,131,131,131,131,131],"floor_reached":7,"playtime":119,"items_purged":[],"score":39,"play_id":"573eabfb-cac2-4576-b34e-d28cbb2a6854","local_time":"20210104200619","is_ascension_mode":false,"campfire_choices":[{"data":"Defend_G","floor":6,"key":"PURGE"}],"circlet_count":0,"master_deck":["Strike_G","Strike_G","Strike_G","Strike_G","Defend_G","Defend_G","Defend_G","Defend_G","Survivor","Neutralize","PiercingWail","Acrobatics"],"relics":["Ring of the Snake","Peace Pipe","Golden Idol"],"acts_visited":["Exordium"],"potions_floor_usage":[],"damage_taken":[{"damage":6,"enemies":"Cultist","floor":1,"turns":5},{"damage":0,"enemies":"2 Louse","floor":4,"turns":3},{"damage":41,"enemies":"Gremlin Nob","floor":7,"turns":5}],"seed_played":"-8535642665762920940","potions_obtained":[],"is_trial":false,"path_per_floor":["M","?","?","M","?","R","E"],"character_chosen":"THE_SILENT","items_purchased":[],"campfire_rested":0,"item_purchase_floors":[],"current_hp_per_floor":[57,50,50,50,35,35,0,0],"gold":131,"neow_bonus":"ONE_RARE_RELIC","is_daily":false,"chose_seed":false,"campfire_upgraded":0,"win_rate":0.0,"timestamp":1609758379,"path_taken":["M","?","?","M","?","R","E"],"items_purchased_type":[],"build_version":"2020-12-22","purchased_purges":0,"victory":false,"max_hp_per_floor":[63,63,63,63,63,63,63,63],"relic_stats":{"Peace Pipe":1,"counters":[3,13],"Golden Idol":0,"obtain_stats":[{"Peace Pipe":0,"Golden Idol":5,"Ring of the Snake":0},{"Peace Pipe":0,"Golden Idol":2,"Ring of the Snake":0},{"Peace Pipe":0,"Golden Idol":8,"Ring of the Snake":0}],"Ring of the Snake":[6]},"card_choices":[{"not_picked":["Poisoned Stab","Dodge and Roll"],"picked":"PiercingWail","floor":1},{"not_picked":["Backflip","Bane"],"picked":"Acrobatics","floor":4}],"player_experience":342114,"relics_obtained":[],"event_choices":[{"cards_removed":["Strike_G"],"damage_healed":0,"gold_gain":0,"player_choice":"Card Removal","damage_taken":7,"max_hp_gain":0,"max_hp_loss":0,"event_name":"Golden Wing","floor":2,"gold_loss":0},{"damage_healed":0,"gold_gain":0,"player_choice":"Ignored","damage_taken":0,"max_hp_gain":0,"max_hp_loss":0,"event_name":"Liars Game","floor":3,"gold_loss":0},{"damage_healed":0,"gold_gain":0,"player_choice":"Take Damage","damage_taken":15,"relics_obtained":["Golden Idol"],"max_hp_gain":0,"max_hp_loss":0,"event_name":"Golden Idol","floor":5,"gold_loss":0}],"is_beta":false,"boss_relics":[],"items_purged_floors":[],"is_endless":false,"potions_floor_spawned":[],"killed_by":"Gremlin Nob","ascension_level":0}}