{"host":"2i1pijcp2h7bc3zy","time":1609732843,"event":{"mods":["2.2 Compatiblity","Abigail Mod","Aspiration","Bartender","BaseMod","Beaked The Cultist","BetterRewards","CapriCore","Colored Map","Defuse TimeMaze Blight","Friendly Minions","Gold Saver","Hubris","Infinite Spire","Koishi","Magitek Elite","Minty Spire (QoL Compilation)","Permanent Neow","Random Character Button","Relic Filter","Relic Sorter","Remilia??????","Reorder Act Four","Replay The Spire","Shade Mod","Shop Mod","StSLib","The Administrix","The Immortal","The Necromancer","The Senshi","The Servant 0.9.4","The Witch","TheSwordswoman","????"],"gold_per_floor":[1004,1004,1004,1019,571,571,603,603,603,622,650,550,550,582,582,682,682,698,797,797,439,455,455,473,473,500,500,500,531,551,564,564,663,663,680,680,696,422,440,440,323,357,408,438,438,451,451,451,350,350],"floor_reached":51,"playtime":3082,"items_purged":["blazmod:Strike","blazmod:Strike","blazmod:Strike+1","blazmod:DanceOfTheGods+1"],"score":1267,"play_id":"ef1b998d-2152-4e2f-8832-1b5a20bd1829","local_time":"20210103210043","is_ascension_mode":true,"campfire_choices":[{"data":"blazmod:Kyokasuigetsu","floor":6,"key":"SMITH"},{"data":"blazmod:DanceOfTheGods","floor":13,"key":"SMITH"},{"data":"blazmod:TrueOfHeart","floor":15,"key":"SMITH"},{"data":"blazmod:ButterflyForm","floor":23,"key":"SMITH"},{"data":"blazmod:Observant","floor":25,"key":"SMITH"},{"data":"blazmod:ClearTheMind","floor":28,"key":"SMITH"},{"data":"MastersStateliness","floor":32,"key":"SMITH"},{"data":"blazmod:VisionsOfButterflies","floor":40,"key":"SMITH"},{"data":"blazmod:RevolvingPhoenix","floor":47,"key":"SMITH"}],"circlet_count":0,"master_deck":["blazmod:Defend","blazmod:Defend","blazmod:Defend","blazmod:Kyokasuigetsu+1","blazmod:FortifiedVigor+1","blazmod:KatanaStrike+1","blazmod:ClearTheMind+1","blazmod:TrueOfHeart+1","blazmod:Observant+1","blazmod:ButterflyForm+1","blazmod:StanceChange+1","blazmod:Swordstorm+1","MastersStateliness+1","blazmod:VisionsOfButterflies+1","blazmod:RevolvingPhoenix+1","blazmod:FleetOfFoot+1"],"relics":["blazmod:Venustas","hubris:Towel","MerchantsRug","Replay:Rubber Ducky","hubris:DisguiseKit","blazmod:Raikiri","blazmod:UnsignedBlade","blazmod:ConfectionCutter","Coffee Dripper","Membership Card","Ornamental Fan","TheAbacus","Bronze Scales","infinitespire:Beetle Shell","beaked:ShinyBauble","Lee\u0027s Waffle"],"acts_visited":["Exordium","TheCity","TheBeyond"],"potions_floor_usage":[7,16,18],"damage_taken":[{"damage":0,"enemies":"Jaw Worm","floor":1,"turns":3},{"damage":0,"enemies":"Small Slimes","floor":4,"turns":2},{"damage":14,"enemies":"Gremlin Nob","floor":7,"turns":3},{"damage":0,"enemies":"Cultist","floor":10,"turns":2},{"damage":3,"enemies":"Replay:BlueRogue","floor":11,"turns":6},{"damage":2,"enemies":"Lagavulin","floor":14,"turns":7},{"damage":11,"enemies":"The Guardian","floor":16,"turns":10},{"damage":19,"enemies":"2 Thieves","floor":18,"turns":4},{"damage":0,"enemies":"Spheric Guardian","floor":22,"turns":3},{"damage":0,"enemies":"Snake Plant","floor":24,"turns":4},{"damage":0,"enemies":"Gremlin Leader","floor":29,"turns":5},{"damage":0,"enemies":"Centurion and Healer","floor":30,"turns":4},{"damage":0,"enemies":"Sentry and Sphere","floor":31,"turns":4},{"damage":0,"enemies":"Automaton","floor":33,"turns":6},{"damage":0,"enemies":"3 Shapes","floor":35,"turns":3},{"damage":0,"enemies":"3 Darklings","floor":37,"turns":3},{"damage":0,"enemies":"Spire Growth","floor":39,"turns":4},{"damage":0,"enemies":"Nemesis","floor":42,"turns":9},{"damage":0,"enemies":"Giant Head","floor":44,"turns":4},{"damage":0,"enemies":"Writhing Mass","floor":46,"turns":4},{"damage":0,"enemies":"Time Eater","floor":50,"turns":4}],"seed_played":"4010060418174422478","potions_obtained":[{"floor":3,"key":"Venom Potion"},{"floor":3,"key":"Venom Potion"},{"floor":4,"key":"SteroidPotion"},{"floor":11,"key":"LiquidBronze"},{"floor":14,"key":"PowerPotion"},{"floor":18,"key":"Energy Potion"},{"floor":30,"key":"DuplicationPotion"}],"is_trial":false,"path_per_floor":["M","?","?","M","$","R","E","?","T","M","E","$","R","E","R","B",null,"M","?","?","$","M","R","M","R","T","?","R","E","M","M","R","B",null,"M","?","M","$","M","R","$","E","T","E","?","M","R","?","R","B",null],"character_chosen":"THE_SWORDSWOMAN","items_purchased":["blazmod:FortifiedVigor","Guide Book","BlessingOfTheForge","StrikeDummy","MerchantsRug","blazmod:UnsignedBlade","blazmod:Swordstorm","Whetstone","Membership Card","Ornamental Fan","blazmod:RevolvingPhoenix","TheAbacus","Lee\u0027s Waffle"],"campfire_rested":0,"item_purchase_floors":[0,0,0,5,5,21,21,21,38,38,41,41,49],"current_hp_per_floor":[40,40,40,40,40,40,26,26,26,26,23,23,23,21,21,10,40,21,21,21,21,21,21,21,21,21,21,21,21,21,21,21,21,40,40,40,40,40,40,40,40,40,40,40,40,40,40,40,47,47],"gold":350,"neow_bonus":"","is_daily":false,"chose_seed":false,"campfire_upgraded":9,"win_rate":0.0,"timestamp":1609732843,"path_taken":["M","?","?","?","?","R","E","?","T","M","E","?","R","E","R","BOSS","M","?","?","$","M","R","M","R","T","?","R","E","M","M","R","BOSS","M","?","M","$","M","R","?","E","T","E","?","?","R","?","R","BOSS"],"items_purchased_type":["Card","Relic","Potion","Relic","Relic","Relic","Card","Relic","Relic","Relic","Card","Relic","Relic"],"build_version":"2020-12-22","purchased_purges":4,"victory":true,"max_hp_per_floor":[40,40,40,40,40,40,40,40,40,40,40,40,40,40,40,40,40,40,40,40,40,40,40,40,40,40,40,40,40,40,40,40,40,40,40,40,40,40,40,40,40,40,40,40,40,40,40,40,47,47],"card_choices":[{"not_picked":["blazmod:Valiance","blazmod:Trasient"],"picked":"blazmod:KatanaStrike","floor":1},{"not_picked":["blazmod:PhysicalEndurance","blazmod:FlashRock","blazmod:StanceChange"],"picked":"SKIP","floor":4},{"not_picked":["blazmod:FlashRock","blazmod:DevilDivine"],"picked":"blazmod:ClearTheMind","floor":7},{"not_picked":["blazmod:MyEverything","blazmod:FleetOfFoot","BadLadyScramble"],"picked":"blazmod:DanceOfTheGods","floor":10},{"not_picked":["blazmod:AlmightyPassage","blazmod:FortifiedVigor","VampireSweep"],"picked":"blazmod:TrueOfHeart","floor":11},{"not_picked":["blazmod:FleetOfFoot","blazmod:FortifiedVigor","NightDance"],"picked":"blazmod:Observant","floor":14},{"not_picked":["blazmod:SeismicSlash","blazmod:EightLifePilgrimage","BloodyHallows"],"picked":"blazmod:ButterflyForm","floor":16},{"not_picked":["blazmod:Lockswords+1","blazmod:Trasient+1","BlasphemousPunishment"],"picked":"blazmod:StanceChange+1","floor":18},{"not_picked":["blazmod:StanceChange","blazmod:TravelJournal","blazmod:FortifiedVigor","BloodAndWine"],"picked":"SKIP","floor":22},{"not_picked":["blazmod:Trasient","blazmod:ApexLegends","blazmod:StanceChange","ScarletGensokyo"],"picked":"SKIP","floor":24},{"not_picked":["blazmod:FortifiedVigor","blazmod:FocusThroughFalls","blazmod:Trasient"],"picked":"MastersStateliness","floor":29},{"not_picked":["blazmod:BoulderFlash","blazmod:UnderPurifyingWaters+1","blazmod:FlawlessDraw","BlasphemousPunishment"],"picked":"SKIP","floor":30},{"not_picked":["blazmod:ButterFlutter+1","blazmod:PhoenixPlume","blazmod:BoulderFlash+1","VampireKiss"],"picked":"SKIP","floor":31},{"not_picked":["blazmod:EightLifePilgrimage","blazmod:ButterflyForm","KillingBlow"],"picked":"blazmod:VisionsOfButterflies","floor":33},{"not_picked":["blazmod:Valiance+1","blazmod:TravelJournal+1","blazmod:HarmonyComplete","ScarletDevil"],"picked":"SKIP","floor":35},{"not_picked":["blazmod:PhysicalEndurance+1","blazmod:Contingency+1","blazmod:ButterFlutter","FitfulNightmare"],"picked":"SKIP","floor":37},{"not_picked":["blazmod:Valiance","blazmod:StanceChange","blazmod:Crosscut+1","ScarletDevilSign"],"picked":"SKIP","floor":39},{"not_picked":["blazmod:Valiance","blazmod:FortifiedVigor+1","UnstableMagic"],"picked":"blazmod:FleetOfFoot+1","floor":42},{"not_picked":["blazmod:TravelJournal+1","blazmod:HoumatsuMugenKochouji","blazmod:PureOfSoul","VampirishNight"],"picked":"SKIP","floor":44},{"not_picked":["blazmod:SidewaySolace","blazmod:FlashRock","blazmod:KatanaStrike+1","BombardNight"],"picked":"SKIP","floor":46}],"player_experience":1711088,"relics_obtained":[{"floor":7,"key":"Replay:Rubber Ducky"},{"floor":9,"key":"hubris:DisguiseKit"},{"floor":14,"key":"blazmod:Raikiri"},{"floor":26,"key":"Omamori"},{"floor":29,"key":"blazmod:ConfectionCutter"},{"floor":42,"key":"Bronze Scales"},{"floor":43,"key":"infinitespire:Beetle Shell"},{"floor":44,"key":"beaked:ShinyBauble"}],"event_choices":[{"damage_healed":0,"gold_gain":0,"player_choice":"Got Potions","damage_taken":0,"max_hp_gain":0,"max_hp_loss":0,"event_name":"Lab","floor":3,"gold_loss":0},{"damage_healed":0,"gold_gain":0,"player_choice":"Ignored","damage_taken":0,"max_hp_gain":0,"max_hp_loss":0,"event_name":"Liars Game","floor":8,"gold_loss":0},{"damage_healed":0,"gold_gain":99,"player_choice":"Stole From Cult","damage_taken":0,"max_hp_gain":0,"max_hp_loss":0,"event_name":"Nest","floor":19,"gold_loss":0},{"cards_removed":["blazmod:ButterflyEffect"],"damage_healed":0,"gold_gain":0,"player_choice":"Elegance","damage_taken":0,"max_hp_gain":0,"max_hp_loss":0,"event_name":"Back to Basics","floor":20,"gold_loss":0},{"damage_healed":0,"gold_gain":0,"player_choice":"1 cards matched","damage_taken":0,"max_hp_gain":0,"max_hp_loss":0,"event_name":"Match and Keep!","floor":36,"gold_loss":0,"cards_obtained":["ReplayTheSpireMod:Faulty Equipment"]},{"damage_healed":0,"gold_gain":0,"player_choice":"Ignored","damage_taken":0,"max_hp_gain":0,"max_hp_loss":0,"event_name":"Tomb of Lord Red Mask","floor":45,"gold_loss":0},{"damage_healed":0,"gold_gain":0,"player_choice":"Memory 1","damage_taken":0,"max_hp_gain":0,"max_hp_loss":0,"event_name":"SensoryStone","floor":48,"gold_loss":0}],"is_beta":false,"boss_relics":[{"not_picked":["Abe\u0027s Treasure","aspiration:DefectSkillbook"],"picked":"Empty Cage"},{"not_picked":["aspiration:PoetsPen_weak","Replay:Bronze Core"],"picked":"Coffee Dripper"}],"items_purged_floors":[5,12,21,49],"is_endless":false,"potions_floor_spawned":[4,11,14,18,30,39,42,46],"ascension_level":1}}