{"host":"esx1hwjnbftf3eqj","time":1609726890,"event":{"mods":["BaseMod","Colored Map","Minty Spire (QoL Compilation)","StSLib","The Jungle"],"gold_per_floor":[126,144,144,165,174,174,218,218,218,143,164,164,189,200,200,312,312,326,326,345,374,100,100,135,135,135,135,135],"floor_reached":27,"playtime":1677,"items_purged":["Strike_R","Strike_R"],"score":350,"play_id":"6459831f-3868-464e-8f23-f2cb01579afa","local_time":"20210103182130","is_ascension_mode":true,"campfire_choices":[{"data":"Searing Blow","floor":6,"key":"SMITH"},{"data":"Searing Blow+1","floor":8,"key":"SMITH"},{"data":"Searing Blow+2","floor":12,"key":"SMITH"},{"data":"Searing Blow+3","floor":15,"key":"SMITH"},{"data":"Armaments","floor":23,"key":"SMITH"},{"data":"Barricade","floor":25,"key":"SMITH"}],"circlet_count":0,"master_deck":["AscendersBane","Strike_R","Strike_R","Defend_R","Defend_R","Defend_R","Defend_R","Bash","Searing Blow+4","Warcry","Cleave","Demon Form","Uppercut","Shrug It Off","Barricade+1","Dual Wield","Headbutt","Reaper","Armaments+1"],"relics":["Burning Blood","CeramicFish","Paper Frog","Strawberry","Sozu","WingedGreaves","Sundial"],"acts_visited":["Exordium","TheCity"],"potions_floor_usage":[2,7,13,24],"damage_taken":[{"damage":4,"enemies":"2 Louse","floor":1,"turns":3},{"damage":6,"enemies":"Cultist","floor":2,"turns":4},{"damage":6,"enemies":"Jaw Worm","floor":4,"turns":5},{"damage":25,"enemies":"3 Sentries","floor":7,"turns":10},{"damage":15,"enemies":"2 Fungi Beasts","floor":11,"turns":4},{"damage":7,"enemies":"Gremlin Gang","floor":13,"turns":2},{"damage":16,"enemies":"3 Louse","floor":14,"turns":3},{"damage":38,"enemies":"The Guardian","floor":16,"turns":12},{"damage":15,"enemies":"Chosen","floor":18,"turns":5},{"damage":30,"enemies":"Spheric Guardian","floor":20,"turns":5},{"damage":33,"enemies":"Snake Plant","floor":21,"turns":4},{"damage":29,"enemies":"Gremlin Leader","floor":24,"turns":10},{"damage":24,"enemies":"Book of Stabbing","floor":27,"turns":4}],"seed_played":"9140241415504509596","potions_obtained":[{"floor":1,"key":"Swift Potion"},{"floor":2,"key":"SkillPotion"},{"floor":4,"key":"LiquidMemories"},{"floor":13,"key":"CultistPotion"},{"floor":16,"key":"BloodPotion"}],"is_trial":false,"path_per_floor":["M","M","?","M","?","R","E","R","T","$","M","R","M","M","R","B",null,"M","?","M","M","$","R","E","R","T","E"],"character_chosen":"IRONCLAD","items_purchased":["Reaper","Armaments"],"campfire_rested":0,"item_purchase_floors":[22,22],"current_hp_per_floor":[74,74,79,79,79,79,60,60,67,67,58,58,57,47,47,15,73,64,64,40,13,13,13,22,22,22,0,0],"gold":135,"neow_bonus":"RANDOM_COMMON_RELIC","is_daily":false,"chose_seed":false,"campfire_upgraded":6,"win_rate":0.0,"timestamp":1609726890,"path_taken":["M","M","?","M","?","R","E","R","T","$","?","R","M","M","R","BOSS","M","?","M","M","$","R","E","R","T","E"],"items_purchased_type":["Card","Card"],"build_version":"2020-12-22","purchased_purges":2,"victory":false,"max_hp_per_floor":[80,80,85,85,85,85,85,85,92,92,92,92,92,92,92,92,92,92,92,92,92,92,92,92,92,92,92,92],"card_choices":[{"not_picked":["Power Through","True Grit"],"picked":"Searing Blow","floor":1},{"not_picked":["Perfected Strike","Reckless Charge","Clash"],"picked":"SKIP","floor":2},{"not_picked":["Inflame","Iron Wave"],"picked":"Warcry","floor":4},{"not_picked":["Wild Strike","Iron Wave"],"picked":"Demon Form","floor":7},{"not_picked":["Wild Strike","Sword Boomerang"],"picked":"Uppercut","floor":11},{"not_picked":["Iron Wave","Pommel Strike"],"picked":"Shrug It Off","floor":13},{"not_picked":["Sword Boomerang","Cleave","Reckless Charge"],"picked":"SKIP","floor":14},{"not_picked":["Corruption","Impervious"],"picked":"Barricade","floor":16},{"not_picked":["Sword Boomerang","Combust+1","Twin Strike"],"picked":"SKIP","floor":18},{"not_picked":["Sword Boomerang","Havoc+1"],"picked":"Dual Wield","floor":20},{"not_picked":["Twin Strike","Cleave"],"picked":"Headbutt","floor":21},{"not_picked":["Iron Wave","Offering","Whirlwind"],"picked":"SKIP","floor":24}],"player_experience":635785,"relics_obtained":[{"floor":7,"key":"Paper Frog"},{"floor":9,"key":"Strawberry"},{"floor":24,"key":"WingedGreaves"},{"floor":26,"key":"Sundial"}],"event_choices":[{"damage_healed":0,"gold_gain":0,"player_choice":"Donut","damage_taken":0,"max_hp_gain":5,"max_hp_loss":0,"event_name":"Big Fish","floor":3,"gold_loss":0},{"damage_healed":0,"gold_gain":0,"cards_transformed":["Strike_R"],"player_choice":"Transformed","damage_taken":0,"max_hp_gain":0,"max_hp_loss":0,"event_name":"Transmorgrifier","floor":5,"gold_loss":0,"cards_obtained":["Cleave"]},{"damage_healed":0,"gold_gain":0,"player_choice":"Ignored","damage_taken":0,"max_hp_gain":0,"max_hp_loss":0,"event_name":"Ghosts","floor":19,"gold_loss":0}],"is_beta":false,"boss_relics":[{"not_picked":["Runic Cube","Tiny House"],"picked":"Sozu"}],"items_purged_floors":[10,22],"is_endless":false,"potions_floor_spawned":[1,2,4,13,16,24],"killed_by":"Book of Stabbing","ascension_level":10}}