{"host":"oknzaotplmnl5xaf","time":1609787066,"event":{"mods":["BaseMod","Colored Map","Highlight Path","Minty Spire (QoL Compilation)","Permanent Neow","Quick Restart","Relic Stats","Slay-I"],"gold_per_floor":[119,30,80,91,109,109,137,137,137,137,150,150,168,202,202,274,274,274,27,27,27,27,27,27,27,27,27,27,27,27,27,27,27,27],"floor_reached":33,"playtime":1340,"items_purged":["Strike_G"],"score":598,"play_id":"b1a2fbce-e3c2-4acc-a3a9-92dc2ab5e8fa","local_time":"20210104140426","is_ascension_mode":true,"campfire_choices":[{"data":"Malaise","floor":6,"key":"SMITH"},{"floor":8,"key":"REST"},{"data":"1","floor":10,"key":"LIFT"},{"data":"2","floor":12,"key":"LIFT"},{"data":"3","floor":15,"key":"LIFT"},{"floor":23,"key":"REST"},{"data":"Skewer","floor":25,"key":"SMITH"},{"data":"Neutralize","floor":27,"key":"SMITH"},{"floor":32,"key":"REST"}],"circlet_count":0,"master_deck":["AscendersBane","Strike_G","Strike_G","Strike_G","Strike_G","Defend_G","Defend_G","Defend_G","Defend_G","Defend_G","Survivor","Neutralize+1","Poisoned Stab","Malaise+1","Quick Slash","Backstab","Leg Sweep","Poisoned Stab","Tools of the Trade","Adrenaline","PiercingWail","Leg Sweep","Skewer+1","Deadly Poison+1","Adrenaline"],"relics":["Velvet Choker","Unceasing Top","Girya","Akabeko","Ectoplasm","Bag of Preparation","Happy Flower","Paper Crane","White Beast Statue"],"acts_visited":["Exordium","TheCity"],"potions_floor_usage":[14,24,28,30,33,33],"damage_taken":[{"damage":0,"enemies":"2 Louse","floor":1,"turns":3},{"damage":5,"enemies":"Cultist","floor":4,"turns":6},{"damage":1,"enemies":"Small Slimes","floor":5,"turns":5},{"damage":31,"enemies":"Gremlin Nob","floor":7,"turns":6},{"damage":0,"enemies":"Exordium Wildlife","floor":11,"turns":1},{"damage":2,"enemies":"Large Slime","floor":13,"turns":5},{"damage":9,"enemies":"3 Sentries","floor":14,"turns":7},{"damage":6,"enemies":"Hexaghost","floor":16,"turns":12},{"damage":0,"enemies":"Spheric Guardian","floor":18,"turns":3},{"damage":0,"enemies":"Chosen","floor":20,"turns":3},{"damage":4,"enemies":"3 Cultists","floor":21,"turns":6},{"damage":13,"enemies":"Centurion and Healer","floor":22,"turns":5},{"damage":15,"enemies":"Gremlin Leader","floor":24,"turns":2},{"damage":8,"enemies":"Slavers","floor":28,"turns":3},{"damage":6,"enemies":"Shelled Parasite and Fungi","floor":29,"turns":2},{"damage":3,"enemies":"3 Cultists","floor":30,"turns":4},{"damage":1,"enemies":"Snecko","floor":31,"turns":7},{"damage":53,"enemies":"Champ","floor":33,"turns":18}],"seed_played":"6351152248563274531","potions_obtained":[{"floor":7,"key":"LiquidMemories"},{"floor":13,"key":"AttackPotion"},{"floor":16,"key":"SkillPotion"},{"floor":20,"key":"AttackPotion"},{"floor":28,"key":"SpeedPotion"},{"floor":29,"key":"Fire Potion"},{"floor":30,"key":"Poison Potion"},{"floor":31,"key":"AttackPotion"}],"is_trial":false,"path_per_floor":["M","$","?","M","M","R","E","R","T","R","M","R","M","E","R","B",null,"M","$","M","M","M","R","E","R","T","R","E","M","M","M","R","B"],"character_chosen":"THE_SILENT","items_purchased":["Malaise","Bag of Preparation"],"campfire_rested":3,"item_purchase_floors":[2,19],"current_hp_per_floor":[59,59,53,48,47,47,16,35,35,35,35,35,33,24,24,18,54,54,54,54,50,37,56,41,41,41,41,33,27,24,23,42,0,0],"gold":27,"neow_bonus":"BOSS_RELIC","is_daily":false,"chose_seed":false,"campfire_upgraded":3,"win_rate":0.0,"timestamp":1609787066,"path_taken":["M","$","?","M","M","R","E","R","T","R","M","R","M","E","R","BOSS","M","$","M","?","M","R","E","R","T","R","E","M","M","M","R","BOSS"],"items_purchased_type":["Card","Relic"],"build_version":"2020-12-22","purchased_purges":1,"victory":false,"max_hp_per_floor":[66,66,66,66,66,66,66,66,66,66,66,66,66,66,66,66,66,66,66,66,66,66,66,66,66,66,66,66,66,66,66,66,66,66],"relic_stats":{"Happy Flower":[11],"counters":[18,98],"Ectoplasm":257,"Bag of Preparation":[18],"obtain_stats":[{"Girya":9,"Happy Flower":24,"Velvet Choker":0,"Ectoplasm":17,"Bag of Preparation":19,"Paper Crane":26,"Unceasing Top":7,"Akabeko":14,"White Beast Statue":28,"Ring of the Snake":0},{"Girya":4,"Happy Flower":13,"Velvet Choker":0,"Ectoplasm":8,"Bag of Preparation":9,"Paper Crane":13,"Unceasing Top":4,"Akabeko":7,"White Beast Statue":14,"Ring of the Snake":0},{"Girya":20,"Happy Flower":64,"Velvet Choker":0,"Ectoplasm":45,"Bag of Preparation":48,"Paper Crane":64,"Unceasing Top":20,"Akabeko":33,"White Beast Statue":67,"Ring of the Snake":0}],"Unceasing Top":[12]},"card_choices":[{"not_picked":["Bane","Deflect"],"picked":"Poisoned Stab","floor":1},{"not_picked":["Dodge and Roll","PiercingWail"],"picked":"Quick Slash","floor":4},{"not_picked":["Bullet Time","Outmaneuver"],"picked":"Backstab","floor":5},{"not_picked":["Bane","Dagger Throw"],"picked":"Leg Sweep","floor":7},{"not_picked":["Backflip","Quick Slash"],"picked":"Poisoned Stab","floor":11},{"not_picked":["Deflect","Choke","Sucker Punch"],"picked":"SKIP","floor":13},{"not_picked":["Poisoned Stab","Doppelganger"],"picked":"Tools of the Trade","floor":14},{"not_picked":["A Thousand Cuts","Unload"],"picked":"Adrenaline","floor":16},{"not_picked":["Terror","Sucker Punch"],"picked":"PiercingWail","floor":18},{"not_picked":["Deflect","Acrobatics+1"],"picked":"Leg Sweep","floor":20},{"not_picked":["Deadly Poison","Infinite Blades"],"picked":"Skewer","floor":21},{"not_picked":["Finisher","Sucker Punch"],"picked":"Deadly Poison+1","floor":22},{"not_picked":["Eviscerate","Phantasmal Killer","Flying Knee"],"picked":"SKIP","floor":24},{"not_picked":["Flying Knee+1","Outmaneuver"],"picked":"Adrenaline","floor":28},{"not_picked":["Endless Agony","Dagger Spray","Underhanded Strike"],"picked":"SKIP","floor":29},{"not_picked":["Dagger Throw","Flechettes","PiercingWail"],"picked":"SKIP","floor":30},{"not_picked":["Deadly Poison","Deflect","Prepared+1"],"picked":"SKIP","floor":31}],"player_experience":1399853,"relics_obtained":[{"floor":7,"key":"Unceasing Top"},{"floor":9,"key":"Girya"},{"floor":14,"key":"Akabeko"},{"floor":24,"key":"Happy Flower"},{"floor":26,"key":"Paper Crane"},{"floor":28,"key":"White Beast Statue"}],"event_choices":[{"damage_healed":0,"gold_gain":50,"player_choice":"Touch","damage_taken":6,"max_hp_gain":0,"max_hp_loss":0,"event_name":"FaceTrader","floor":3,"gold_loss":0}],"is_beta":false,"boss_relics":[{"not_picked":["Snecko Eye","Fusion Hammer"],"picked":"Ectoplasm"}],"items_purged_floors":[19],"is_endless":false,"potions_floor_spawned":[7,13,16,18,20,28,29,30,31],"killed_by":"Champ","ascension_level":20}}