{"host":"640uue19m79c7wbt","time":1609731422,"event":{"mods":["BaseMod","Colored Map","Googly Eyes","Highlight Path","Minty Spire (QoL Compilation)","Quick Restart","StSLib"],"gold_per_floor":[138,213,193,250,283,316,316,343,396,396,410,410,428,442,442,544,544,579,278,306,306,231,264,264,299,352,352,352,365,375,67,67,67,67],"floor_reached":33,"playtime":1279,"items_purged":["Strike_G"],"score":429,"play_id":"23afeed6-7d0b-47d4-97a8-c37c310d38f2","local_time":"20210103223702","is_ascension_mode":true,"campfire_choices":[{"floor":7,"key":"REST"},{"floor":15,"key":"REST"},{"data":"Tools of the Trade","floor":24,"key":"SMITH"},{"floor":27,"key":"REST"},{"floor":32,"key":"REST"}],"circlet_count":0,"master_deck":["Strike_G","Strike_G","Defend_G","Defend_G","Defend_G","Defend_G","Defend_G","Survivor","Neutralize","HandOfGreed+1","Crippling Poison","Eviscerate","Underhanded Strike","Dagger Throw","Underhanded Strike","Dagger Spray","Dagger Throw","Tools of the Trade+1","Adrenaline","PiercingWail+1","Sadistic Nature","Prepared","Dagger Spray+1","Noxious Fumes","Cloak And Dagger+1","Sadistic Nature","Accuracy","Noxious Fumes"],"relics":["Ring of the Snake","Darkstone Periapt","Oddly Smooth Stone","Omamori","SlaversCollar","Red Mask","Vajra","Question Card","Blood Vial","Ice Cream"],"acts_visited":["Exordium","TheCity"],"potions_floor_usage":[6,6,8,16,16,20,25,33],"damage_taken":[{"damage":1.0,"enemies":"Cultist","floor":1.0,"turns":3.0},{"damage":1.0,"enemies":"2 Louse","floor":4.0,"turns":5.0},{"damage":2,"enemies":"Jaw Worm","floor":5,"turns":4},{"damage":0,"enemies":"Gremlin Nob","floor":6,"turns":2},{"damage":36,"enemies":"Lagavulin","floor":8,"turns":7},{"damage":8,"enemies":"Red Slaver","floor":11,"turns":3},{"damage":0,"enemies":"2 Fungi Beasts","floor":13,"turns":2},{"damage":5,"enemies":"Blue Slaver","floor":14,"turns":3},{"damage":6,"enemies":"Hexaghost","floor":16,"turns":7},{"damage":6,"enemies":"3 Byrds","floor":18,"turns":6},{"damage":0,"enemies":"Masked Bandits","floor":20,"turns":2},{"damage":2,"enemies":"Gremlin Leader","floor":23,"turns":5},{"damage":24,"enemies":"Book of Stabbing","floor":25,"turns":5},{"damage":7,"enemies":"Shell Parasite","floor":29,"turns":4},{"damage":15,"enemies":"Centurion and Healer","floor":30,"turns":5},{"damage":65,"enemies":"Automaton","floor":33,"turns":6}],"seed_played":"1045750062551868805","potions_obtained":[{"floor":1.0,"key":"Strength Potion"},{"floor":3.0,"key":"DuplicationPotion"},{"floor":5,"key":"Dexterity Potion"},{"floor":8,"key":"LiquidBronze"},{"floor":13,"key":"FearPotion"},{"floor":16,"key":"SpeedPotion"},{"floor":18,"key":"Explosive Potion"},{"floor":20,"key":"SmokeBomb"},{"floor":29,"key":"CultistPotion"}],"is_trial":false,"path_per_floor":["M","?","?","M","M","E","R","E","T","?","M","?","M","M","R","B",null,"M","$","?","?","?","E","R","E","T","R","?","M","M","$","R","B"],"character_chosen":"THE_SILENT","items_purchased":["Sadistic Nature","Prepared","Ice Cream"],"campfire_rested":4,"item_purchase_floors":[19,19,31],"current_hp_per_floor":[44,33,33,32,30,30,51,15,15,15,7,7,7,2,23,17,57,51,51,51,51,51,49,49,25,25,46,46,41,28,28,49,0,0],"gold":67,"neow_bonus":"RANDOM_COLORLESS_2","is_daily":false,"chose_seed":false,"campfire_upgraded":1,"win_rate":0.0,"timestamp":1609731422,"path_taken":["M","?","?","?","M","E","R","E","T","?","?","?","M","M","R","BOSS","M","$","?","?","?","E","R","E","T","R","?","M","?","?","R","BOSS"],"items_purchased_type":["Card","Card","Relic"],"build_version":"2020-12-22","purchased_purges":1,"victory":false,"max_hp_per_floor":[70,70,70,70,70,70,70,70,70,70,70,70,70,70,70,70,70,70,70,70,70,70,70,70,70,70,70,70,70,70,70,70,70,70],"card_choices":[{"not_picked":["Transmutation","Master of Strategy"],"picked":"HandOfGreed","floor":0.0},{"not_picked":["Flying Knee","Poisoned Stab"],"picked":"Crippling Poison","floor":1.0},{"not_picked":["Choke","Bane"],"picked":"Eviscerate","floor":4.0},{"not_picked":["Concentrate","Sucker Punch"],"picked":"Underhanded Strike","floor":5},{"not_picked":["Sucker Punch","Skewer"],"picked":"Dagger Throw","floor":6},{"not_picked":["Flechettes","Eviscerate"],"picked":"Underhanded Strike","floor":8},{"not_picked":["Sucker Punch","Bane"],"picked":"Dagger Spray","floor":11},{"not_picked":["Quick Slash","Prepared"],"picked":"Dagger Throw","floor":13},{"not_picked":["Dodge and Roll","Eviscerate"],"picked":"Tools of the Trade","floor":14},{"not_picked":["Wraith Form v2","After Image"],"picked":"Adrenaline","floor":16},{"not_picked":["Backflip","Catalyst"],"picked":"PiercingWail+1","floor":18},{"not_picked":["Catalyst","Deadly Poison"],"picked":"Dagger Spray+1","floor":20},{"not_picked":["Flying Knee","Infinite Blades"],"picked":"Cloak And Dagger+1","floor":23},{"not_picked":["Endless Agony","Dagger Throw+1","Catalyst"],"picked":"SKIP","floor":25},{"not_picked":["Infinite Blades","Footwork","Dagger Throw"],"picked":"Accuracy","floor":29},{"not_picked":["Caltrops","Heel Hook","Dash"],"picked":"Noxious Fumes","floor":30}],"player_experience":563056,"relics_obtained":[{"floor":6,"key":"Darkstone Periapt"},{"floor":8,"key":"Oddly Smooth Stone"},{"floor":9,"key":"Omamori"},{"floor":20,"key":"Red Mask"},{"floor":23,"key":"Vajra"},{"floor":25,"key":"Question Card"},{"floor":26,"key":"Blood Vial"}],"event_choices":[{"damage_healed":0.0,"max_hp_gain":0.0,"max_hp_loss":0.0,"gold_gain":75.0,"event_name":"World of Goop","player_choice":"Gather Gold","floor":2.0,"gold_loss":0.0,"damage_taken":11.0},{"damage_healed":0.0,"max_hp_gain":0.0,"max_hp_loss":0.0,"gold_gain":0.0,"event_name":"The Woman in Blue","player_choice":"Bought 1 Potion","floor":3.0,"gold_loss":0.0,"damage_taken":0.0},{"cards_removed":["Strike_G"],"damage_healed":0,"gold_gain":0,"player_choice":"Card Removal","damage_taken":0,"max_hp_gain":0,"max_hp_loss":0,"event_name":"Wheel of Change","floor":10,"gold_loss":0},{"damage_healed":0,"gold_gain":0,"player_choice":"Grow","damage_taken":0,"max_hp_gain":0,"max_hp_loss":0,"event_name":"Living Wall","floor":12,"gold_loss":0,"cards_upgraded":["HandOfGreed"]},{"damage_healed":0,"gold_gain":0,"player_choice":"Fought Bandits","damage_taken":0,"max_hp_gain":0,"max_hp_loss":0,"event_name":"Masked Bandits","floor":20,"gold_loss":0},{"damage_healed":0,"gold_gain":0,"player_choice":"Read","damage_taken":0,"max_hp_gain":0,"max_hp_loss":0,"event_name":"The Library","floor":21,"gold_loss":0,"cards_obtained":["Noxious Fumes"]},{"cards_removed":["Strike_G"],"damage_healed":0,"gold_gain":0,"player_choice":"Gave Gold","damage_taken":0,"max_hp_gain":0,"max_hp_loss":0,"event_name":"Beggar","floor":22,"gold_loss":75},{"damage_healed":0,"gold_gain":0,"player_choice":"Copied","damage_taken":0,"max_hp_gain":0,"max_hp_loss":0,"event_name":"Duplicator","floor":28,"gold_loss":0,"cards_obtained":["Sadistic Nature"]}],"is_beta":false,"boss_relics":[{"not_picked":["Ectoplasm","Sozu"],"picked":"SlaversCollar"}],"items_purged_floors":[19],"is_endless":false,"potions_floor_spawned":[1,5,8,13,16,18,20,29],"killed_by":"Automaton","ascension_level":7}}