{"host":"y7sd46uq4xlni546","time":1609797645,"event":{"mods":["AchievementEnabler","BaseMod","Colored Map","Colored Powertips","Curses Come First","Filter the Spire","Minty Spire (QoL Compilation)","Quick Restart","Random Character Button","Rare Cards Sparkle","StSLib"],"gold_per_floor":[111,111,131,131,81,97,127,127,150,175,175,186,201,219,219,219,219],"floor_reached":16,"playtime":662,"items_purged":["Defend_R"],"score":112,"play_id":"d650821f-529b-483b-9079-43a3ab99931f","local_time":"20210104230045","is_ascension_mode":false,"campfire_choices":[{"floor":8.0,"key":"REST"},{"data":"Bash","floor":15.0,"key":"SMITH"}],"circlet_count":0,"master_deck":["Strike_R","Strike_R","Strike_R","Strike_R","Defend_R","Defend_R","Defend_R","Bash+1","CurseOfTheBell","Thunderclap","Warcry+1","Pommel Strike","True Grit+1","Rupture","Shrug It Off+1","Second Wind+1"],"relics":["Calling Bell","Smiling Mask","Toxic Egg 2","Thread and Needle","Juzu Bracelet","Anchor","Bag of Preparation","Bronze Scales"],"acts_visited":["Exordium"],"potions_floor_usage":[16,16,16],"damage_taken":[{"damage":4.0,"enemies":"2 Louse","floor":1.0,"turns":3.0},{"damage":2.0,"enemies":"Jaw Worm","floor":3.0,"turns":4.0},{"damage":0.0,"enemies":"Small Slimes","floor":6.0,"turns":3.0},{"damage":24.0,"enemies":"Gremlin Nob","floor":7.0,"turns":5.0},{"damage":8.0,"enemies":"3 Sentries","floor":10.0,"turns":8.0},{"damage":0.0,"enemies":"3 Louse","floor":12.0,"turns":3.0},{"damage":0.0,"enemies":"Blue Slaver","floor":13.0,"turns":3.0},{"damage":0.0,"enemies":"Large Slime","floor":14.0,"turns":6.0},{"damage":73,"enemies":"Slime Boss","floor":16,"turns":10}],"seed_played":"-730586847058590993","potions_obtained":[{"floor":1.0,"key":"ElixirPotion"},{"floor":3.0,"key":"Explosive Potion"},{"floor":13.0,"key":"Fire Potion"},{"floor":14.0,"key":"FearPotion"}],"is_trial":false,"path_per_floor":["M","?","M","?","$","M","E","R","T","E","?","M","M","M","R","B"],"character_chosen":"IRONCLAD","items_purchased":[],"campfire_rested":1,"item_purchase_floors":[],"current_hp_per_floor":[76,69,67,55,55,55,31,55,55,47,73,73,73,73,73,0,0],"gold":219,"neow_bonus":"BOSS_RELIC","is_daily":false,"chose_seed":false,"campfire_upgraded":1,"win_rate":0.0,"timestamp":1609797645,"path_taken":["M","?","M","?","?","M","E","R","T","E","?","M","M","M","R","BOSS"],"items_purchased_type":[],"build_version":"2020-12-22","purchased_purges":1,"victory":false,"max_hp_per_floor":[80,80,80,80,80,80,80,80,80,80,80,80,80,80,80,80,80],"card_choices":[{"not_picked":["Uppercut","Disarm+1"],"picked":"Thunderclap","floor":1.0},{"not_picked":["Heavy Blade","Thunderclap"],"picked":"Warcry+1","floor":3.0},{"not_picked":["Iron Wave","Headbutt","Wild Strike"],"picked":"SKIP","floor":6.0},{"not_picked":["Twin Strike","Berserk"],"picked":"Pommel Strike","floor":7.0},{"not_picked":["Anger","Whirlwind"],"picked":"True Grit+1","floor":10.0},{"not_picked":["Shockwave+1","Pommel Strike"],"picked":"Rupture","floor":12.0},{"not_picked":["Dark Embrace","Heavy Blade"],"picked":"Shrug It Off+1","floor":13.0},{"not_picked":["Heavy Blade","Pommel Strike"],"picked":"Second Wind+1","floor":14.0}],"player_experience":602138,"relics_obtained":[{"floor":0.0,"key":"Smiling Mask"},{"floor":0.0,"key":"Toxic Egg 2"},{"floor":0.0,"key":"Thread and Needle"},{"floor":7.0,"key":"Anchor"},{"floor":9.0,"key":"Bag of Preparation"},{"floor":10.0,"key":"Bronze Scales"}],"event_choices":[{"cards_removed":["Strike_R"],"damage_healed":0.0,"max_hp_gain":0.0,"max_hp_loss":0.0,"gold_gain":0.0,"event_name":"Golden Wing","player_choice":"Card Removal","floor":2.0,"gold_loss":0.0,"damage_taken":7.0},{"damage_healed":0.0,"max_hp_gain":0.0,"max_hp_loss":0.0,"gold_gain":0.0,"event_name":"Scrap Ooze","player_choice":"Success","floor":4.0,"gold_loss":0.0,"damage_taken":12.0,"relics_obtained":["Juzu Bracelet"]},{"damage_healed":26.0,"max_hp_gain":0.0,"max_hp_loss":0.0,"gold_gain":0.0,"event_name":"Big Fish","player_choice":"Banana","floor":11.0,"gold_loss":0.0,"damage_taken":0.0}],"is_beta":false,"boss_relics":[],"items_purged_floors":[5],"is_endless":false,"potions_floor_spawned":[1,3,13,14],"killed_by":"Slime Boss","ascension_level":0}}