{"host":"7trwizmysqu3yl6m","time":1609789719,"event":{"mods":["Act Like it!","BaseMod","Hallownest","Minty Spire (QoL Compilation)","StSLib","The Animator","The Bug Knight","The Kombatant"],"gold_per_floor":[16,16,16,62,72,72,107,107,107,107,107,32,43,43,43,142,142,159,9,9,22,22,53,112,112,112,112,112,128,416,451,451,552,552,562,562,579,499,499,532,543,663,663,75,75,75,75],"floor_reached":46,"playtime":2773,"items_purged":["HollowMod:QuickDashStart"],"score":555,"play_id":"3e835b69-71b5-4621-a797-929c5d85b88f","local_time":"20210104204839","is_ascension_mode":false,"campfire_choices":[{"data":"HollowMod:SlysStrikes","floor":6,"key":"SMITH"},{"data":"HollowMod:GreatSlash","floor":10,"key":"SMITH"},{"data":"HollowMod:GoodIntentions","floor":15,"key":"SMITH"},{"data":"HollowMod:ShapeofUnn","floor":27,"key":"SMITH"},{"data":"HollowMod:CycloneSlash","floor":32,"key":"SMITH"}],"circlet_count":0,"master_deck":["HollowMod:FocusHealStart","HollowMod:PogoStrike+1","HollowMod:GreatSlash+1","HollowMod:SlysStrikes+1","HollowMod:CrystalDash","HollowMod:CycloneSlash+1","Hallownest:skillGreenpathMap","HollowMod:GoodIntentions+1","HollowMod:HornetsHelp+1","HollowMod:GrimmsGift+1","HollowMod:RecoilStrike+1","Hallownest:attackMasterDashSlash","HollowMod:SlysStrikes","Hallownest:skillHoundingGlaives","HollowMod:FocusHealStart+1","HollowMod:FocusHealStart+1"],"relics":["HollowMod:VesselMask","Juzu Bracelet","Ginger","StrikeDummy","Hallownest:DreamNailRelic","SacredBark","FossilizedHelix","Nunchaku","CaptainsWheel","Empty Cage","Strawberry","Toxic Egg 2","Sling","Unceasing Top"],"acts_visited":["Exordium","Hallownest:Greenpath","Hallownest:CityofTears"],"potions_floor_usage":[3,7,23,31,41,42,42],"damage_taken":[{"damage":7,"enemies":"Hallownest:2_Tiktiks_and_1_Crawlid","floor":1,"turns":3},{"damage":25,"enemies":"Hallownest:monsterMarmu","floor":3,"turns":7},{"damage":4,"enemies":"Hallownest:2_Baldur","floor":5,"turns":2},{"damage":19,"enemies":"Hallownest:eliteCrystalGuardian","floor":7,"turns":5},{"damage":6,"enemies":"Hallownest:monsterHuskWarrior","floor":13,"turns":3},{"damage":27,"enemies":"Hallownest:BossHornet","floor":16,"turns":12},{"damage":0,"enemies":"Hallownest:3_Youths","floor":18,"turns":4},{"damage":9,"enemies":"Hallownest:2_Mistakes","floor":21,"turns":5},{"damage":5,"enemies":"Hallownest:eliteSoulWarrior","floor":23,"turns":8},{"damage":23,"enemies":"Hallownest:Glutton_and_Coward","floor":24,"turns":5},{"damage":11,"enemies":"Hallownest:Master_and_Novice","floor":29,"turns":4},{"damage":0,"enemies":"Hallownest:Nosk","floor":31,"turns":7},{"damage":20,"enemies":"Hallownest:BossSoulMaster","floor":33,"turns":10},{"damage":0,"enemies":"Hallownest:3_Siblings","floor":35,"turns":6},{"damage":0,"enemies":"Hallownest:Shield_Heavy","floor":37,"turns":7},{"damage":19,"enemies":"Hallownest:eliteCollector","floor":40,"turns":12},{"damage":14,"enemies":"Hallownest:Xero_Hu_Marmu","floor":41,"turns":5},{"damage":3,"enemies":"Hallownest:Xero_Hu_Marmu","floor":42,"turns":3},{"damage":12,"enemies":"Hallownest:Xero_Hu_Marmu","floor":42,"turns":6},{"damage":0,"enemies":"Hallownest:Xero_Hu_Marmu","floor":42,"turns":2},{"damage":52,"enemies":"Hallownest:2_Primals","floor":46,"turns":2}],"seed_played":"3057894512420019568","potions_obtained":[{"floor":5,"key":"Regen Potion"},{"floor":16,"key":"GamblersBrew"},{"floor":18,"key":"EssenceOfSteel"},{"floor":23,"key":"SteroidPotion"},{"floor":31,"key":"PowerPotion"},{"floor":33,"key":"LiquidMemories"},{"floor":35,"key":"DistilledChaos"}],"is_trial":false,"path_per_floor":["M","?","?","T","M","R","E","T","T","R","?","?","M","?","R","B",null,"M","$","?","M","?","E","M","?","T","R","?","M","?","E","R","B",null,"M","?","M","?","?","E","M","?","T","$","?","?"],"character_chosen":"THE_BUGKNIGHT","items_purchased":["Whetstone","Sling","Unceasing Top","Strength Potion"],"campfire_rested":0,"item_purchase_floors":[19,44,44,44],"current_hp_per_floor":[68,68,55,55,51,51,47,47,47,47,47,47,41,41,41,24,75,75,75,75,72,72,67,44,44,44,44,40,35,35,35,35,15,75,75,75,75,75,75,63,49,50,50,50,50,0,0],"gold":75,"neow_bonus":"TRANSFORM_TWO_CARDS","is_daily":false,"chose_seed":false,"campfire_upgraded":5,"win_rate":0.0,"timestamp":1609789719,"path_taken":["M","?","?","?","?","R","E","?","T","R","?","?","M","?","R","BOSS","M","?","?","M","?","E","M","?","T","R","?","M","?","E","R","BOSS","M","?","M","?","?","E","M","?","T","$","?","?"],"items_purchased_type":["Relic","Relic","Relic","Potion"],"build_version":"2020-12-22","purchased_purges":1,"victory":false,"max_hp_per_floor":[75,75,75,75,75,75,75,75,75,75,75,75,75,75,75,75,75,75,75,75,75,75,75,75,75,75,75,75,75,75,75,75,75,75,75,75,75,75,75,82,82,82,82,82,82,82,82],"card_choices":[{"not_picked":["HollowMod:CloakDash","HollowMod:HeavyBlow"],"picked":"HollowMod:GreatSlash","floor":1},{"not_picked":["HollowMod:InfectionAssault","HollowMod:WraithStrike"],"picked":"HollowMod:SlysStrikes","floor":5},{"not_picked":["HollowMod:CycloneSlash","HollowMod:VengefulVoid"],"picked":"HollowMod:CrystalDash","floor":7},{"not_picked":["HollowMod:NewLittleFool","HollowMod:HuntersJournal"],"picked":"HollowMod:GoodIntentions","floor":13},{"not_picked":["HollowMod:PureVessel","HollowMod:ElderbugsWisdom"],"picked":"HollowMod:HornetsHelp","floor":16},{"not_picked":["HollowMod:GoodIntentions","HollowMod:DesolateDive"],"picked":"HollowMod:ShapeofUnn","floor":18},{"not_picked":["HollowMod:SharpenedShadows","HollowMod:InfectedAttack","HollowMod:CrystalDash"],"picked":"SKIP","floor":21},{"not_picked":["HollowMod:CycloneSlash+1","HollowMod:Weaversong","HollowMod:LifebloodCocoon"],"picked":"SKIP","floor":23},{"not_picked":["HollowMod:BrokenVessel","HollowMod:SoulShaman+1","HollowMod:ShadowDash"],"picked":"SKIP","floor":24},{"not_picked":["HollowMod:TaintedHusks","HollowMod:MothsMistake","HollowMod:SharpenedNail"],"picked":"SKIP","floor":29},{"not_picked":["HollowMod:DoubleDash","HollowMod:DescendingDark"],"picked":"HollowMod:GrimmsGift+1","floor":31},{"not_picked":["HollowMod:SharpenedNail","HollowMod:ShadowDash"],"picked":"HollowMod:RecoilStrike+1","floor":35},{"not_picked":["HollowMod:WraithStrike+1","HollowMod:DesolateDive+1","HollowMod:NewGlowingWomb+1"],"picked":"SKIP","floor":37},{"not_picked":["HollowMod:InfectedAttack","HollowMod:DescendingDark"],"picked":"HollowMod:SlysStrikes","floor":40},{"not_picked":["HollowMod:InfectedCysts","HollowMod:MantisMark+1","HollowMod:NewGlowingWomb"],"picked":"SKIP","floor":41}],"player_experience":385791,"relics_obtained":[{"floor":7,"key":"Juzu Bracelet"},{"floor":8,"key":"Ginger"},{"floor":9,"key":"StrikeDummy"},{"floor":23,"key":"FossilizedHelix"},{"floor":26,"key":"Nunchaku"},{"floor":31,"key":"CaptainsWheel"},{"floor":40,"key":"Strawberry"},{"floor":43,"key":"Toxic Egg 2"}],"event_choices":[],"is_beta":false,"boss_relics":[{"not_picked":["Ectoplasm","Fusion Hammer"],"picked":"SacredBark"},{"not_picked":["Runic Pyramid","Sozu"],"picked":"Empty Cage"}],"items_purged_floors":[44],"is_endless":false,"potions_floor_spawned":[5,16,18,23,31,33,35,40,42],"killed_by":"Hallownest:2_Primals","ascension_level":0}}