{"host":"hwrdjx5eod2cxh09","time":1609775103,"event":{"mods":["AchievementEnabler","BaseMod","Bestiary","Minty Spire (QoL Compilation)","Relic Stats"],"gold_per_floor":[117,77,88,100,119,146,146,159,213,233,233,260,270,297,297,394,394,410,429,320,339,339,339,373,373,373],"floor_reached":25,"playtime":1206,"items_purged":["Strike_R"],"score":270,"play_id":"a13b6cd9-99d4-4dbc-b519-40f945ac2e45","local_time":"20210105004503","is_ascension_mode":false,"campfire_choices":[{"data":"True Grit","floor":7,"key":"SMITH"},{"data":"Inflame","floor":11,"key":"SMITH"},{"floor":15,"key":"REST"},{"data":"Inflame","floor":23,"key":"SMITH"}],"circlet_count":0,"master_deck":["Strike_R","Strike_R","Strike_R","Strike_R","Defend_R","Defend_R","Defend_R","Defend_R","Bash","Intimidate","Spot Weakness","Pommel Strike","True Grit+1","Perfected Strike","Impervious","Disarm","Inflame+1","Armaments","Berserk","Shrug It Off","Inflame+1","Disarm+1","Ghostly","Ghostly","Ghostly","Ghostly","Ghostly"],"relics":["Burning Blood","Sundial","Blue Candle","Red Skull","Busted Crown","Girya"],"acts_visited":["Exordium","TheCity"],"potions_floor_usage":[6,14],"damage_taken":[{"damage":12,"enemies":"Cultist","floor":1,"turns":5},{"damage":3,"enemies":"2 Louse","floor":3,"turns":3},{"damage":0,"enemies":"Small Slimes","floor":4,"turns":3},{"damage":3,"enemies":"3 Louse","floor":5,"turns":4},{"damage":20,"enemies":"3 Sentries","floor":6,"turns":11},{"damage":3,"enemies":"Exordium Wildlife","floor":8,"turns":6},{"damage":13,"enemies":"Looter","floor":10,"turns":3},{"damage":32,"enemies":"Gremlin Nob","floor":12,"turns":5},{"damage":2,"enemies":"Blue Slaver","floor":13,"turns":4},{"damage":28,"enemies":"Lagavulin","floor":14,"turns":7},{"damage":26,"enemies":"Hexaghost","floor":16,"turns":10},{"damage":9,"enemies":"Shell Parasite","floor":18,"turns":6},{"damage":26,"enemies":"3 Byrds","floor":19,"turns":8},{"damage":15,"enemies":"Snake Plant","floor":21,"turns":4},{"damage":20,"enemies":"Slavers","floor":24,"turns":9},{"damage":27,"enemies":"3 Cultists","floor":25,"turns":2}],"seed_played":"7077346697682727791","potions_obtained":[{"floor":0,"key":"Strength Potion"},{"floor":0,"key":"ElixirPotion"},{"floor":0,"key":"HeartOfIron"},{"floor":5,"key":"EssenceOfSteel"},{"floor":12,"key":"FearPotion"},{"floor":13,"key":"Weak Potion"},{"floor":19,"key":"DistilledChaos"}],"is_trial":false,"path_per_floor":["M","$","M","M","M","E","R","M","T","M","R","E","M","E","R","B",null,"M","M","$","M","?","R","E","M"],"character_chosen":"IRONCLAD","items_purchased":["Spot Weakness","Inflame"],"campfire_rested":1,"item_purchase_floors":[2,20],"current_hp_per_floor":[74,74,77,80,80,66,66,69,69,62,62,36,40,18,42,22,80,77,57,57,48,40,40,26,0,0],"gold":373,"neow_bonus":"THREE_SMALL_POTIONS","is_daily":false,"chose_seed":false,"campfire_upgraded":3,"win_rate":0.0,"timestamp":1609775103,"path_taken":["M","$","M","M","M","E","R","M","T","?","R","E","M","E","R","BOSS","M","M","$","M","?","R","E","M"],"items_purchased_type":["Card","Card"],"build_version":"2020-12-22","purchased_purges":1,"victory":false,"max_hp_per_floor":[80,80,80,80,80,80,80,80,80,80,80,80,80,80,80,80,80,80,80,80,80,40,40,40,40,40],"relic_stats":{"Busted Crown":8,"counters":[16,90],"Sundial":[8],"Blue Candle":[0],"obtain_stats":[{"Girya":24,"Busted Crown":17,"Sundial":6,"Blue Candle":12,"Burning Blood":0,"Red Skull":14},{"Girya":15,"Busted Crown":11,"Sundial":5,"Blue Candle":8,"Burning Blood":0,"Red Skull":10},{"Girya":88,"Busted Crown":61,"Sundial":26,"Blue Candle":40,"Burning Blood":0,"Red Skull":51}],"Burning Blood":84},"card_choices":[{"not_picked":["Ghostly Armor","Armaments"],"picked":"Intimidate","floor":1},{"not_picked":["Headbutt","Heavy Blade"],"picked":"Pommel Strike","floor":3},{"not_picked":["Anger","Rage"],"picked":"True Grit","floor":4},{"not_picked":["Uppercut","Twin Strike"],"picked":"Perfected Strike","floor":5},{"not_picked":["Fire Breathing","Iron Wave"],"picked":"Impervious","floor":6},{"not_picked":["Clash","Metallicize"],"picked":"Disarm","floor":8},{"not_picked":["Body Slam","Sword Boomerang"],"picked":"Inflame","floor":10},{"not_picked":["Dark Embrace","Body Slam","Twin Strike"],"picked":"SKIP","floor":12},{"not_picked":["Uppercut","Clothesline","Metallicize"],"picked":"SKIP","floor":13},{"not_picked":["Evolve","Sword Boomerang"],"picked":"Armaments","floor":14},{"not_picked":["Double Tap","Bludgeon"],"picked":"Berserk","floor":16},{"not_picked":[],"picked":"Shrug It Off","floor":18},{"not_picked":["Hemokinesis"],"picked":"SKIP","floor":19},{"not_picked":[],"picked":"Disarm+1","floor":21},{"not_picked":["Anger"],"picked":"SKIP","floor":24}],"player_experience":176386,"relics_obtained":[{"floor":6,"key":"Sundial"},{"floor":12,"key":"Blue Candle"},{"floor":14,"key":"Red Skull"},{"floor":24,"key":"Girya"}],"event_choices":[{"damage_healed":0,"gold_gain":0,"player_choice":"Became a Ghost","damage_taken":0,"max_hp_gain":0,"max_hp_loss":40,"event_name":"Ghosts","floor":22,"gold_loss":0,"cards_obtained":["Ghostly","Ghostly","Ghostly","Ghostly","Ghostly"]}],"is_beta":false,"boss_relics":[{"not_picked":["Calling Bell","Snecko Eye"],"picked":"Busted Crown"}],"items_purged_floors":[20],"is_endless":false,"potions_floor_spawned":[1,4,5,12,13,19],"killed_by":"3 Cultists","ascension_level":0}}