{"host":"7gewg82ormp6yt4e","time":1609774875,"event":{"mods":["BaseMod","Block Reminder","Colored Map","Colored Powertips","DeckTracker","Highlight Path","Minty Spire (QoL Compilation)","Relic Stats","StSLib","ojb\u0027s Info Mod"],"gold_per_floor":[116,3,21,39,114,114,128,128,128,47,47,73,73,92,92,166,166,178,103,117,117,134,134,146,146,146,146,159,159,4,4,4,82,82,93,93,113,1112,1125,1125,1145,1145,1145,1145,281,291,291,301,301,301,301],"floor_reached":50,"playtime":2803,"items_purged":["Normality"],"score":1059,"play_id":"e9482e46-9a64-4f4d-8556-f92e2ae0a0a1","local_time":"20210105004115","is_ascension_mode":true,"campfire_choices":[{"data":"Defragment","floor":6.0,"key":"SMITH"},{"data":"Defragment","floor":8.0,"key":"SMITH"},{"data":"Streamline","floor":11.0,"key":"SMITH"},{"data":"Rainbow","floor":13.0,"key":"SMITH"},{"data":"Doom and Gloom","floor":15.0,"key":"SMITH"},{"data":"Amplify","floor":23.0,"key":"SMITH"},{"data":"Turbo","floor":25.0,"key":"SMITH"},{"data":"Hologram","floor":27.0,"key":"SMITH"},{"data":"Barrage","floor":32.0,"key":"SMITH"},{"floor":40,"key":"REST"},{"floor":49,"key":"RECALL"}],"circlet_count":0,"master_deck":["AscendersBane","Defend_B","Defend_B","Defend_B+1","Zap+1","Dualcast","Barrage+1","Defragment+1","Defragment+1","Doom and Gloom+1","FTL","Rainbow+1","Conserve Battery","Amplify+1","Chill","Ball Lightning","Hologram+1","Turbo+1","Madness+1","Steam+1","Seek+1","Defragment+1","White Noise+1","Creative AI+1","Madness+1","Madness+1","Capacitor+1","Normality","Skim+1","Recycle+1","Panacea+1","Purity+1","Impatience+1","Scrape","Madness+1","BootSequence+1","Chaos+1"],"relics":["Cracked Core","Lizard Tail","Eternal Feather","War Paint","Runic Pyramid","Toxic Egg 2","Astrolabe","Bag of Preparation","Sling","Singing Bowl"],"acts_visited":["Exordium","TheCity","TheBeyond"],"potions_floor_usage":[41,41,46],"damage_taken":[{"damage":2.0,"enemies":"2 Louse","floor":1.0,"turns":3.0},{"damage":2.0,"enemies":"Jaw Worm","floor":3.0,"turns":3.0},{"damage":14.0,"enemies":"Small Slimes","floor":4.0,"turns":3.0},{"damage":8.0,"enemies":"2 Fungi Beasts","floor":7.0,"turns":3.0},{"damage":16.0,"enemies":"Lagavulin","floor":12.0,"turns":5.0},{"damage":6.0,"enemies":"3 Louse","floor":14.0,"turns":3.0},{"damage":27.0,"enemies":"Slime Boss","floor":16.0,"turns":9.0},{"damage":3.0,"enemies":"3 Byrds","floor":18.0,"turns":5.0},{"damage":0.0,"enemies":"Chosen","floor":20.0,"turns":6.0},{"damage":21.0,"enemies":"Snecko","floor":22.0,"turns":6.0},{"damage":27.0,"enemies":"Snake Plant","floor":24.0,"turns":4.0},{"damage":22.0,"enemies":"Centurion and Healer","floor":28.0,"turns":6.0},{"damage":36.0,"enemies":"Automaton","floor":33.0,"turns":9.0},{"damage":8.0,"enemies":"Orb Walker","floor":35.0,"turns":4.0},{"damage":1.0,"enemies":"3 Shapes","floor":37.0,"turns":4.0},{"damage":17,"enemies":"Sphere and 2 Shapes","floor":39,"turns":7},{"damage":48,"enemies":"Jaw Worm Horde","floor":41,"turns":5},{"damage":2,"enemies":"3 Darklings","floor":46,"turns":5},{"damage":0,"enemies":"Maw","floor":48,"turns":6},{"damage":71,"enemies":"Time Eater","floor":50,"turns":5}],"seed_played":"1500603996128167041","potions_obtained":[{"floor":3.0,"key":"EssenceOfSteel"},{"floor":7.0,"key":"Ancient Potion"},{"floor":14.0,"key":"FearPotion"},{"floor":18.0,"key":"DuplicationPotion"},{"floor":22.0,"key":"PowerPotion"},{"floor":33.0,"key":"Weak Potion"},{"floor":35.0,"key":"AttackPotion"},{"floor":39,"key":"DuplicationPotion"},{"floor":41,"key":"SkillPotion"},{"floor":48,"key":"FairyPotion"}],"is_trial":false,"path_per_floor":["M","$","M","M","?","R","M","R","T","$","R","E","R","M","R","B",null,"M","?","M","?","M","R","M","R","T","R","M","?","$","?","R","B",null,"M","?","M","?","M","R","M","?","T","?","$","M","?","M","R","B"],"character_chosen":"DEFECT","items_purchased":["Defragment","Streamline","Rainbow","Madness+1","Steam+1","Bag of Preparation","Sling","Singing Bowl","Scrape","Madness+1"],"campfire_rested":1,"item_purchase_floors":[2,2,10,30,30,45,45,45,45,45],"current_hp_per_floor":[62,62,60,46,35,35,27,27,27,27,36,20,29,23,32,5,49,46,46,46,46,25,37,10,22,22,34,12,25,25,25,40,4,49,41,29,28,28,11,48,32,32,32,22,22,20,20,22,43,0,0],"gold":301,"neow_bonus":"ONE_RARE_RELIC","is_daily":false,"chose_seed":false,"campfire_upgraded":9,"win_rate":0.0,"timestamp":1609774875,"path_taken":["M","$","M","M","?","R","M","R","T","$","R","E","R","M","R","BOSS","M","?","M","?","M","R","M","R","T","R","M","?","$","?","R","BOSS","M","?","M","?","M","R","?","?","T","?","$","M","?","M","R","BOSS"],"items_purchased_type":["Card","Card","Card","Card","Card","Relic","Relic","Relic","Card","Card"],"build_version":"2020-12-22","purchased_purges":1,"victory":false,"max_hp_per_floor":[64,64,64,64,64,64,64,64,64,64,64,64,64,64,64,64,64,64,64,64,64,64,64,64,64,64,64,64,64,64,64,64,64,64,64,64,64,64,64,64,64,64,64,64,64,64,64,66,66,66,66],"relic_stats":{"Lizard Tail":32,"Singing Bowl":2,"counters":[20,101],"Astrolabe":["Defragment","White Noise","Creative AI"],"Eternal Feather":117,"Bag of Preparation":[6],"War Paint":["Defend_B","Zap"],"obtain_stats":[{"Lizard Tail":0,"Singing Bowl":45,"Astrolabe":34,"Eternal Feather":9,"Bag of Preparation":45,"War Paint":12,"Toxic Egg 2":26,"Cracked Core":0,"Sling":45,"Runic Pyramid":17},{"Lizard Tail":0,"Singing Bowl":17,"Astrolabe":13,"Eternal Feather":4,"Bag of Preparation":17,"War Paint":5,"Toxic Egg 2":11,"Cracked Core":0,"Sling":17,"Runic Pyramid":7},{"Lizard Tail":0,"Singing Bowl":85,"Astrolabe":65,"Eternal Feather":12,"Bag of Preparation":85,"War Paint":17,"Toxic Egg 2":50,"Cracked Core":0,"Sling":85,"Runic Pyramid":29}]},"card_choices":[{"not_picked":["Streamline","Beam Cell"],"picked":"Barrage","floor":1.0},{"not_picked":["Leap","Darkness"],"picked":"Defragment","floor":3.0},{"not_picked":["Auto Shields","Undo"],"picked":"Doom and Gloom","floor":4.0},{"not_picked":["Steam","Redo"],"picked":"FTL","floor":7.0},{"not_picked":["Leap","Recycle"],"picked":"Conserve Battery","floor":12.0},{"not_picked":["Recycle","Go for the Eyes","Gash"],"picked":"SKIP","floor":14.0},{"not_picked":["Thunder Strike","Buffer"],"picked":"Amplify","floor":16.0},{"not_picked":["Sweeping Beam","Lockon"],"picked":"Chill","floor":18.0},{"not_picked":["Auto Shields","Rebound"],"picked":"Ball Lightning","floor":20.0},{"not_picked":["Consume","Rebound"],"picked":"Hologram","floor":22.0},{"not_picked":["Darkness","Steam"],"picked":"Turbo","floor":24.0},{"not_picked":["Lockon","Force Field+1","Streamline"],"picked":"SKIP","floor":28.0},{"not_picked":["Buffer","Thunder Strike"],"picked":"Seek+1","floor":33.0},{"not_picked":["Gash","Sweeping Beam","Fusion+1"],"picked":"SKIP","floor":35.0},{"not_picked":["Leap+1","Barrage+1"],"picked":"Capacitor+1","floor":37.0},{"not_picked":["Leap+1","Beam Cell+1"],"picked":"Skim+1","floor":39},{"not_picked":["Scrape","Turbo+1"],"picked":"Recycle+1","floor":41},{"not_picked":["Blind+1","Transmutation+1"],"picked":"Panacea+1","floor":44},{"not_picked":["Panacea+1","Apotheosis+1"],"picked":"Purity+1","floor":44},{"not_picked":["Swift Strike","PanicButton+1"],"picked":"Impatience+1","floor":44},{"not_picked":["Steam+1","Undo+1"],"picked":"BootSequence+1","floor":46},{"not_picked":["Gash","Steam+1","Ball Lightning"],"picked":"Singing Bowl","floor":48}],"player_experience":2465682,"relics_obtained":[{"floor":9.0,"key":"Eternal Feather"},{"floor":12.0,"key":"War Paint"},{"floor":26.0,"key":"Toxic Egg 2"}],"event_choices":[{"damage_healed":0.0,"max_hp_gain":0.0,"max_hp_loss":0.0,"gold_gain":75.0,"event_name":"World of Goop","player_choice":"Gather Gold","floor":5.0,"gold_loss":0.0,"damage_taken":11.0},{"cards_removed":["Strike_B"],"damage_healed":0.0,"max_hp_gain":0.0,"max_hp_loss":0.0,"gold_gain":0.0,"event_name":"Beggar","player_choice":"Gave Gold","floor":19.0,"gold_loss":75.0,"damage_taken":0.0},{"damage_healed":0.0,"max_hp_gain":0.0,"max_hp_loss":0.0,"gold_gain":0.0,"event_name":"Cursed Tome","player_choice":"Ignored","floor":21.0,"gold_loss":0.0,"damage_taken":0.0},{"damage_healed":13.0,"max_hp_gain":0.0,"max_hp_loss":0.0,"gold_gain":0.0,"event_name":"The Library","player_choice":"Heal","floor":29.0,"gold_loss":0.0,"damage_taken":0.0},{"damage_healed":0.0,"max_hp_gain":0.0,"max_hp_loss":0.0,"gold_gain":0.0,"event_name":"The Mausoleum","player_choice":"Ignored","floor":31.0,"gold_loss":0.0,"damage_taken":0.0},{"damage_healed":0.0,"max_hp_gain":0.0,"max_hp_loss":0.0,"gold_gain":0.0,"event_name":"Winding Halls","player_choice":"Embrace Madness","floor":36.0,"gold_loss":0.0,"damage_taken":12.0,"cards_obtained":["Madness","Madness"]},{"damage_healed":0.0,"max_hp_gain":0.0,"max_hp_loss":0.0,"gold_gain":999.0,"event_name":"MindBloom","player_choice":"Gold","floor":38.0,"gold_loss":0.0,"damage_taken":0.0,"cards_obtained":["Normality","Normality"]},{"cards_removed":["Streamline"],"damage_healed":0,"gold_gain":0,"player_choice":"Removed Attack","damage_taken":0,"max_hp_gain":0,"max_hp_loss":0,"event_name":"Falling","floor":42,"gold_loss":0},{"damage_healed":0,"gold_gain":0,"player_choice":"Memory 3","damage_taken":10,"max_hp_gain":0,"max_hp_loss":0,"event_name":"SensoryStone","floor":44,"gold_loss":0},{"damage_healed":0,"gold_gain":0,"cards_transformed":["Defend_B"],"player_choice":"Transformed","damage_taken":0,"max_hp_gain":0,"max_hp_loss":0,"event_name":"Transmorgrifier","floor":47,"gold_loss":0,"cards_obtained":["Chaos"]}],"is_beta":false,"boss_relics":[{"not_picked":["Ectoplasm","Black Star"],"picked":"Runic Pyramid"},{"not_picked":["Snecko Eye","Velvet Choker"],"picked":"Astrolabe"}],"items_purged_floors":[45],"is_endless":false,"potions_floor_spawned":[3,7,14,18,22,33,35,39,41,48],"killed_by":"Time Eater","ascension_level":20}}