{"host":"ny8d3l8bgdsotmhm","time":1609740881,"event":{"mods":["BaseMod","Downfall","Minty Spire (QoL Compilation)","StSLib"],"gold_per_floor":[99,99,99,99,99,24,102,112,125,125,23,39,39,50,62,162,162,162,178,198,210,29,29,29,49,49,49,61,93,18,18,37,137,137,137,152,68,122,135,135,135,135,151,151,151,169,495,75,87,87],"floor_reached":51,"playtime":3120,"items_purged":[],"score":812,"play_id":"acfa8b81-cfbd-4639-bbc1-4c2204a98d60","local_time":"20210104011441","is_ascension_mode":false,"campfire_choices":[{"floor":1,"key":"RECALL"},{"data":"Guardian:PrismaticBeam","floor":6,"key":"SMITH"},{"floor":10,"key":"REST"},{"data":"Guardian:WalkerClaw","floor":18,"key":"SMITH"},{"floor":30,"key":"REST"},{"data":"Guardian:VentSteam","floor":35,"key":"SMITH"},{"data":"expansioncontent:LastStand","floor":44,"key":"SMITH"}],"circlet_count":0,"master_deck":["Guardian:CurlUp","Guardian:TwinSlam","Guardian:PrismaticBeam+1","Guardian:CrystalBeam","Guardian:HyperBeam_Guardian","Guardian:Reroute","Guardian:GuardianWhirl","Guardian:CrystalBeam","Guardian:WalkerClaw+1","Guardian:WalkerClaw","Guardian:ExploitGems","Guardian:ChargeUp","Guardian:PrismaticBeam","Guardian:ChargeUp","Guardian:SphericShield","Guardian:ShieldCharger","Guardian:RollAttack","Guardian:VentSteam+1","Guardian:CrystalBeam+1","Guardian:AncientConstruct","Guardian:PolyBeam","Guardian:MultiBeam","Guardian:Recover+1","Guardian:TemporalStrike+1","Guardian:ConstructionForm","Guardian:PrimingBeam+1","Guardian:ShieldCharger+1","Guardian:TimeBomb","Guardian:BaubleBeam","expansioncontent:LastStand+1","Guardian:MultiBeam","Guardian:ChargeUp+1","Guardian:ShieldSpikes+1","expansioncontent:FaceSlap","expansioncontent:LastStand","Guardian:CrystalBeam+1","Guardian:DonusPower","Guardian:PiercingHide+1","Guardian:BronzeArmor+1"],"relics":["Guardian:ModeShifter","downfall:HeartsMalice","downfall:HeartBlessingRed","Pear","Pandora\u0027s Box","downfall:RedIOU","Bottled Lightning","Enchiridion","Lizard Tail","Calipers","downfall:HeartBlessingGreen","Guardian:StasisSlotReductionRelic","Bird Faced Urn","Ornamental Fan","Old Coin","Vajra","Sling"],"acts_visited":["Exordium","TheCity","TheBeyond"],"potions_floor_usage":[15,16,21,25,25,28,29,33,37,38,39,46,47,50,50,50],"damage_taken":[{"damage":0,"enemies":"Small Slimes","floor":2,"turns":1},{"damage":0,"enemies":"Small Slimes","floor":4,"turns":1},{"damage":0,"enemies":"2 Louse","floor":5,"turns":1},{"damage":0,"enemies":"Cultist","floor":8,"turns":2},{"damage":10,"enemies":"Exordium Wildlife","floor":9,"turns":4},{"damage":10,"enemies":"downfall:FleeingMerchant","floor":11,"turns":4},{"damage":8,"enemies":"Blue Slaver","floor":12,"turns":2},{"damage":0,"enemies":"3 Louse","floor":14,"turns":1},{"damage":0,"enemies":"Large Slime","floor":15,"turns":3},{"damage":55,"enemies":"downfall:Ironclad","floor":16,"turns":9},{"damage":2,"enemies":"Spheric Guardian","floor":19,"turns":3},{"damage":0,"enemies":"Chosen","floor":20,"turns":2},{"damage":2,"enemies":"Shelled Parasite and Fungi","floor":21,"turns":2},{"damage":7,"enemies":"downfall:FleeingMerchant","floor":22,"turns":4},{"damage":12,"enemies":"3 Cultists","floor":25,"turns":3},{"damage":0,"enemies":"Chosen and Byrds","floor":28,"turns":3},{"damage":11,"enemies":"Slavers","floor":29,"turns":3},{"damage":14,"enemies":"Snake Plant","floor":32,"turns":3},{"damage":8,"enemies":"downfall:Defect","floor":33,"turns":6},{"damage":8,"enemies":"Orb Walker","floor":36,"turns":2},{"damage":10,"enemies":"downfall:FleeingMerchant","floor":37,"turns":4},{"damage":19,"enemies":"2 Orb Walkers","floor":38,"turns":3},{"damage":17,"enemies":"3 Darklings","floor":39,"turns":3},{"damage":6,"enemies":"4 Shapes","floor":43,"turns":5},{"damage":6,"enemies":"Spire Growth","floor":46,"turns":4},{"damage":39,"enemies":"Giant Head","floor":47,"turns":7},{"damage":12,"enemies":"Sphere and 2 Shapes","floor":49,"turns":4},{"damage":19,"enemies":"downfall:Silent","floor":50,"turns":4}],"seed_played":"8670956806876519956","potions_obtained":[{"floor":12,"key":"Block Potion"},{"floor":15,"key":"Block Potion"},{"floor":16,"key":"ColorlessPotion"},{"floor":20,"key":"Regen Potion"},{"floor":25,"key":"Fruit Juice"},{"floor":32,"key":"EssenceOfSteel"},{"floor":33,"key":"Energy Potion"},{"floor":38,"key":"LiquidMemories"},{"floor":39,"key":"sneckomod:MuddlingPotion"},{"floor":43,"key":"SteroidPotion"},{"floor":47,"key":"SkillPotion"}],"is_trial":false,"path_per_floor":["R","M","?","?","M","R","T","M","M","R","$","M","?","M","M","B",null,"R","M","M","M","$","?","T","M","?","?","M","E","R","?","M","B",null,"R","M","$","?","M","?","T","?","M","R","?","M","E","$","M","B",null],"character_chosen":"GUARDIAN","items_purchased":["Guardian:GuardianWhirl","Guardian:CrystalBeam","Guardian:PolyBeam","Strength Potion","Explosive Potion","Guardian:TimeBomb","Guardian:BaubleBeam","expansioncontent:LastStand","Guardian:MultiBeam","SteroidPotion","Vajra","Sling","DistilledChaos","Weak Potion"],"campfire_rested":2,"item_purchase_floors":[11,11,22,22,22,37,37,37,37,37,48,48,48,48],"current_hp_per_floor":[80,80,85,43,43,43,53,53,43,71,61,53,105,105,105,50,105,105,103,103,101,94,94,94,87,71,71,80,69,102,102,88,80,110,110,102,92,73,58,96,96,91,89,89,89,85,48,48,38,35],"gold":87,"neow_bonus":"THREE_ENEMY_KILL","is_daily":false,"chose_seed":false,"campfire_upgraded":4,"win_rate":0.0,"timestamp":1609740881,"path_taken":["R","M","?","?","M","R","T","M","M","R","$","M","?","M","M","BOSS","R","M","M","M","$","?","T","M","?","?","M","E","R","?","M","BOSS","R","M","$","?","M","?","T","?","M","R","?","M","E","$","M","BOSS"],"items_purchased_type":["Card","Card","Card","Potion","Potion","Card","Card","Card","Card","Potion","Relic","Relic","Potion","Potion"],"build_version":"2020-12-22","purchased_purges":0,"victory":true,"max_hp_per_floor":[80,80,85,85,85,85,95,95,95,95,95,95,105,105,105,105,105,105,105,105,105,105,105,105,110,110,110,110,110,110,110,110,110,110,110,110,110,110,110,96,96,96,96,96,96,96,96,96,96,96],"card_choices":[{"not_picked":["Guardian:Gem_Red","Guardian:Gem_Green"],"picked":"Guardian:PrismaticBeam","floor":2},{"not_picked":["Guardian:TimeCapacitor","Guardian:Gem_Red"],"picked":"Guardian:CrystalBeam","floor":5},{"not_picked":["Guardian:Recover","Guardian:SpikerProtocol"],"picked":"Guardian:HyperBeam_Guardian","floor":8},{"not_picked":["Guardian:Gem_Lightblue","Guardian:Emergency"],"picked":"Guardian:Reroute","floor":9},{"not_picked":["Guardian:Gem_Green","Guardian:ChargeCore"],"picked":"Guardian:Gem_Red","floor":11},{"not_picked":["Guardian:PiercingHide","Guardian:Gem_White"],"picked":"Guardian:TimeSifter","floor":12},{"not_picked":["Guardian:ChargeCore","Guardian:Repulse"],"picked":"Guardian:WalkerClaw","floor":14},{"not_picked":["Guardian:PiercingHide","Guardian:Gem_Lightblue"],"picked":"Guardian:WalkerClaw","floor":15},{"not_picked":["Guardian:ConstructionForm","Guardian:Gem_Synthetic"],"picked":"Guardian:ExploitGems","floor":16},{"not_picked":["Guardian:TemporalShield","Guardian:Suspension"],"picked":"Guardian:VentSteam","floor":19},{"not_picked":["Guardian:ShieldCharger","Guardian:Gem_White"],"picked":"Guardian:Gem_Red","floor":20},{"not_picked":["Guardian:EvasiveProtocol","Guardian:Repulse"],"picked":"Guardian:CrystalBeam+1","floor":21},{"not_picked":["Guardian:RollAttack+1","Guardian:TimeCapacitor"],"picked":"Guardian:AncientConstruct","floor":22},{"not_picked":["Guardian:Reroute","Guardian:Gem_Cyan"],"picked":"Guardian:MultiBeam","floor":25},{"not_picked":["Guardian:RollAttack","Guardian:ChargeCore"],"picked":"Guardian:Recover+1","floor":28},{"not_picked":["Guardian:Recover","Guardian:WalkerClaw"],"picked":"Guardian:TemporalStrike+1","floor":29},{"not_picked":["Guardian:ShieldCharger","Guardian:Recover","Guardian:TimeCapacitor"],"picked":"SKIP","floor":32},{"not_picked":["Guardian:AncientConstruct","Guardian:SphericShield"],"picked":"Guardian:ConstructionForm","floor":33},{"not_picked":["Guardian:PrismaticBarrier+1","Guardian:Gem_Blue"],"picked":"Guardian:PrimingBeam+1","floor":36},{"not_picked":["Guardian:Gem_Lightblue","Guardian:ChargeCore"],"picked":"Guardian:ShieldCharger+1","floor":37},{"not_picked":["Guardian:Recover+1","Guardian:Preprogram+1"],"picked":"Guardian:ChargeUp+1","floor":38},{"not_picked":["Guardian:PrismaticBeam","Guardian:Gem_Red"],"picked":"Guardian:ShieldSpikes+1","floor":39},{"not_picked":["expansioncontent:SlimeTackle","expansioncontent:Flail"],"picked":"expansioncontent:FaceSlap","floor":42},{"not_picked":["expansioncontent:Sear","expansioncontent:FaceSlap"],"picked":"expansioncontent:LastStand","floor":42},{"not_picked":["Guardian:ShieldCharger+1","Guardian:PiercingHide+1"],"picked":"Guardian:CrystalBeam+1","floor":43},{"not_picked":["Guardian:BronzeArmor","Guardian:ShieldCharger"],"picked":"Guardian:PiercingHide+1","floor":46},{"not_picked":["Guardian:ChargeCore+1","Guardian:PiercingHide","Guardian:Gem_Cyan"],"picked":"SKIP","floor":47},{"not_picked":["Guardian:Gem_Green","Guardian:Repulse"],"picked":"Guardian:BronzeArmor+1","floor":49}],"player_experience":735326,"relics_obtained":[{"floor":7,"key":"Pear"},{"floor":24,"key":"Bottled Lightning"},{"floor":26,"key":"Enchiridion"},{"floor":29,"key":"Calipers"},{"floor":38,"key":"Bird Faced Urn"},{"floor":41,"key":"Ornamental Fan"},{"floor":47,"key":"Old Coin"}],"event_choices":[{"damage_healed":0,"gold_gain":0,"player_choice":"Donut","damage_taken":0,"max_hp_gain":5,"max_hp_loss":0,"event_name":"Big Fish","floor":3,"gold_loss":0},{"cards_removed":["Guardian:TimeSifter"],"damage_healed":42,"gold_gain":0,"player_choice":"Offered Rare","damage_taken":0,"max_hp_gain":10,"max_hp_loss":0,"event_name":"Bonfire Elementals","floor":13,"gold_loss":0},{"damage_healed":0,"gold_gain":0,"player_choice":"Ignored","damage_taken":0,"max_hp_gain":0,"max_hp_loss":0,"event_name":"Vampires","floor":31,"gold_loss":0},{"damage_healed":0,"gold_gain":0,"player_choice":"Fight","damage_taken":0,"max_hp_gain":0,"max_hp_loss":0,"event_name":"Mysterious Sphere","floor":38,"gold_loss":0}],"is_beta":false,"boss_relics":[{"not_picked":["Coffee Dripper","Runic Dome"],"picked":"Pandora\u0027s Box"},{"not_picked":["Empty Cage","Fusion Hammer"],"picked":"Guardian:StasisSlotReductionRelic"}],"items_purged_floors":[],"is_endless":false,"potions_floor_spawned":[4,12,15,16,20,25,32,33,38,39,43,47],"ascension_level":0}}