{"host":"bczg3e1yq3rp3pkk","time":1609751222,"event":{"mods":["BaseMod","Hermit","Marisa£®ÏF”Í°°ƒß¿Ì…≥£©","Minty Spire (QoL Compilation)","Quick Restart","Replay The Spire","StSLib","The Cursed","The Runesmith","The Servant 0.9.4","vexMod"],"gold_per_floor":[115,131,131,131,147,188,213,163,244,14,52,79,97,97,97,97,97],"floor_reached":16,"playtime":2127,"items_purged":["Strike_G"],"score":110,"play_id":"558c2c0e-05a0-4583-b040-6046e514d466","local_time":"20210104170702","is_ascension_mode":false,"campfire_choices":[{"floor":15.0,"key":"REST"}],"circlet_count":0,"master_deck":["Strike_G","Strike_G","Defend_G","Defend_G","Defend_G","Defend_G","Defend_G","Draining Mist","Deadly Poison","Leap","Beam Cell+1","Escape Plan","Distraction","ReplayTheSpireMod:Necrosis","Tactician","Acrobatics"],"relics":["Ring of the Snake","Replay:Rubber Ducky","Golden Idol","vexMod:HeadHunter","Paper Crane","Anchor","Pet Ghost","Whetstone"],"acts_visited":["Exordium"],"potions_floor_usage":[16],"damage_taken":[{"damage":0.0,"enemies":"Jaw Worm","floor":1.0,"turns":4.0},{"damage":5.0,"enemies":"Small Slimes","floor":2.0,"turns":3.0},{"damage":4.0,"enemies":"2 Louse","floor":5.0,"turns":2.0},{"damage":10.0,"enemies":"Gremlin Nob","floor":6.0,"turns":4.0},{"damage":7.0,"enemies":"2 Fungi Beasts","floor":7.0,"turns":4.0},{"damage":15.0,"enemies":"Lagavulin","floor":11.0,"turns":5.0},{"damage":16.0,"enemies":"Large Slime","floor":13.0,"turns":5.0},{"damage":20,"enemies":"Slime Boss","floor":16,"turns":11}],"seed_played":"4919311441520059989","potions_obtained":[{"floor":1.0,"key":"AttackPotion"},{"floor":2.0,"key":"EssenceOfSteel"},{"floor":7.0,"key":"ColorlessPotion"},{"floor":13.0,"key":"LiquidBronze"}],"is_trial":false,"path_per_floor":["M","M","?","?","M","E","M","?","T","$","E","T","M","?","R","B"],"character_chosen":"THE_SILENT","items_purchased":["Anchor"],"campfire_rested":1,"item_purchase_floors":[10],"current_hp_per_floor":[70,65,65,65,61,51,44,44,44,44,29,29,13,6,25,5,5],"gold":97,"neow_bonus":"RANDOM_COMMON_RELIC","is_daily":false,"chose_seed":false,"campfire_upgraded":0,"win_rate":0.0,"timestamp":1609751222,"path_taken":["M","M","?","?","M","E","M","?","T","$","E","?","M","?","R","BOSS"],"items_purchased_type":["Relic"],"build_version":"2020-12-22","purchased_purges":1,"victory":false,"max_hp_per_floor":[70,70,65,65,65,65,65,65,65,65,65,65,65,65,65,65,65],"card_choices":[{"not_picked":["Sucker Punch","Flechettes"],"picked":"Draining Mist","floor":1.0},{"not_picked":["Terror","Expertise"],"picked":"Deadly Poison","floor":2.0},{"not_picked":["Dash","Slice"],"picked":"Escape Plan","floor":5.0},{"not_picked":["Eviscerate","Bane"],"picked":"Distraction","floor":6.0},{"not_picked":["Terror","Blade Dance","Hidden Blade"],"picked":"SKIP","floor":7.0},{"not_picked":["Grand Finale","Storm of Steel"],"picked":"ReplayTheSpireMod:Necrosis","floor":11.0},{"not_picked":["ReplayTheSpireMod:Necrosis","Flying Knee"],"picked":"Tactician","floor":11.0},{"not_picked":["Accuracy","Bane"],"picked":"Acrobatics","floor":13.0}],"player_experience":342033,"relics_obtained":[{"floor":6.0,"key":"vexMod:HeadHunter"},{"floor":9.0,"key":"Paper Crane"},{"floor":11.0,"key":"Pet Ghost"},{"floor":12.0,"key":"Whetstone"}],"event_choices":[{"damage_healed":0.0,"max_hp_gain":0.0,"max_hp_loss":5.0,"gold_gain":0.0,"event_name":"Golden Idol","player_choice":"Lose Max HP","floor":3.0,"gold_loss":0.0,"damage_taken":0.0,"relics_obtained":["Golden Idol"]},{"cards_removed":["Strike_G"],"damage_healed":0.0,"max_hp_gain":0.0,"max_hp_loss":0.0,"gold_gain":0.0,"event_name":"The Cleric","player_choice":"Card Removal","floor":8.0,"gold_loss":50.0,"damage_taken":0.0},{"cards_removed":["Strike_G"],"damage_healed":0.0,"max_hp_gain":0.0,"max_hp_loss":0.0,"gold_gain":0.0,"event_name":"Golden Wing","player_choice":"Card Removal","floor":14.0,"gold_loss":0.0,"damage_taken":7.0}],"is_beta":false,"boss_relics":[],"items_purged_floors":[10],"is_endless":false,"potions_floor_spawned":[1,2,7,13],"killed_by":"Slime Boss","ascension_level":0}}