{"host":"w1xj5yb993x94b3l","time":1609758550,"event":{"mods":["AchievementEnabler","Act Like it!","Aspiration","BaseMod","Beaked The Cultist","BetterRewards","CCEM","Clockwork Mod","Colored Powertips","Conspire","Downfall","Energized Spire","Friendly Minions","GifTheSpireLib","Glutton Mod","Halation","Hubris","Infinite Spire","Lobotomy","LobotomyExtend","Mad Scientist","Marisa????????","Minty Spire (QoL Compilation)","Relic Sorter","Replay The Spire","Slumbering Mod","Spikes Relics","StSLib","Stuff the Spire","The Bladedancer","The Construct","The Disciple","The Jungle","The Mystic","The Runesmith","The Sage","The Servant 0.9.4","Trackpad","vexMod"],"gold_per_floor":[99,99,99,99,99,116,143,171,187,187,201,215,215,234,252,353,353,278,294,310,310,327,343,343,362,362,362,382,382,398,398,409,409,142,152,253],"floor_reached":17,"playtime":2879,"items_purged":[],"score":200,"play_id":"f71913ed-670c-4e07-a6dd-d9bdc0d89ce8","local_time":"20210104120910","is_ascension_mode":false,"campfire_choices":[{"data":"champ:Execute","floor":1,"key":"SMITH"},{"data":"champ:Shatter","floor":10,"key":"SMITH"},{"floor":13,"key":"RECALL"},{"data":"champ:IgnorePain","floor":18,"key":"SMITH"},{"data":"champ:CrookedStrike","floor":1,"key":"SMITH"},{"data":"champ:VampiricStrike","floor":6,"key":"SMITH"},{"data":"champ:RecklessLeap","floor":13,"key":"SMITH"}],"circlet_count":0,"master_deck":["champ:Strike","champ:Strike","champ:Strike","champ:Defend","champ:Defend","champ:Defend","champ:Execute+1","champ:Taunt","champ:GutPunch","champ:BringItOn","champ:Shatter+1","champ:VampiricStrike+1","champ:AdrenalArmor","champ:CrookedStrike+1","champ:FlashCut","champ:FaceSlap","champ:FanOfKnives","champ:IgnorePain+1","champ:BladeFlurry+1","champ:GutPunch+1","champ:LastStand+1","champ:TornadoPunch","champ:FlashCut+1","champ:BerserkerStyle","champ:RecklessLeap+1","champ:BringItOn","champ:PreciseThrust","champ:Duel","champ:ShieldThrow"],"relics":["m_SnakeBloodCore","downfall:HeartsMalice","halation:EternalFortune","Tiny Chest","Peace Pipe","Astrolabe","downfall:HeartBlessingRed","LetterFromLob","Lee\u0027s Waffle","Busted Crown","Replay:WaspNest","infinitespire:Cubic Diamond","Kunai"],"acts_visited":["Exordium","TheCity"],"potions_floor_usage":[16,20,15,16,16],"damage_taken":[{"damage":0,"enemies":"Cultist","floor":2,"turns":1},{"damage":0,"enemies":"theSlumbering:NewCultist","floor":3,"turns":1},{"damage":0,"enemies":"Jaw Worm","floor":4,"turns":1},{"damage":16,"enemies":"Exordium Wildlife","floor":6,"turns":3},{"damage":20,"enemies":"Replay:BlueRogue","floor":8,"turns":7},{"damage":6,"enemies":"3 Louse","floor":9,"turns":4},{"damage":16,"enemies":"conspire:2 RoseBushes","floor":11,"turns":6},{"damage":5,"enemies":"Blue Slaver","floor":12,"turns":4},{"damage":26,"enemies":"Gremlin Gang","floor":14,"turns":5},{"damage":24,"enemies":"conspire:2 RoseBushes","floor":15,"turns":6},{"damage":35,"enemies":"downfall:Watcher","floor":16,"turns":10},{"damage":9,"enemies":"conspire:FuzzyDice","floor":19,"turns":4},{"damage":33,"enemies":"Chosen","floor":20,"turns":5},{"damage":3,"enemies":"Small Slimes","floor":2,"turns":2},{"damage":5,"enemies":"2 Louse","floor":3,"turns":2},{"damage":6,"enemies":"Jaw Worm","floor":5,"turns":2},{"damage":27,"enemies":"3 Louse","floor":8,"turns":2},{"damage":3,"enemies":"Exordium Thugs","floor":10,"turns":2},{"damage":21,"enemies":"Large Slime","floor":12,"turns":2},{"damage":35,"enemies":"downfall:FleeingMerchant","floor":14,"turns":4},{"damage":3,"enemies":"3 Louse","floor":15,"turns":2},{"damage":92,"enemies":"downfall:Silent","floor":16,"turns":9}],"seed_played":"-1440480041313843183","potions_obtained":[{"floor":8,"key":"champ:CounterPotion"},{"floor":12,"key":"champ:OpenerPotion"},{"floor":14,"key":"Guardian:BlockOnCardUsePotion"},{"floor":15,"key":"Fire Potion"},{"floor":8,"key":"SpeedPotion"},{"floor":12,"key":"SteroidPotion"},{"floor":15,"key":"Adrenaline Potion"},{"floor":16,"key":"AttackPotion"}],"is_trial":false,"path_per_floor":["R","M","M","M","?","M","T","E","M","R","M","M","R","M","M","B",null,"R","M","M","M","R","M","M","AVR","M","R","T","M","?","M","M","M","R","$","M","B",null],"character_chosen":"THE_CHAMP","items_purchased":["Kunai"],"campfire_rested":0,"item_purchase_floors":[14],"current_hp_per_floor":[90,90,90,90,93,82,82,70,69,69,72,75,75,63,59,52,93,93,93,64,93,90,90,100,94,94,94,90,90,93,100,97,97,100,100,48],"gold":253,"neow_bonus":"THREE_ENEMY_KILL","is_daily":false,"chose_seed":false,"campfire_upgraded":6,"win_rate":0.0,"timestamp":1609758550,"path_taken":["R","M","M","M","?","M","T","E","M","R","M","M","R","M","M","BOSS","R","M","M","M","R","M","M","AVR","M","R","T","M","?","M","M","M","R","$","M","BOSS"],"items_purchased_type":["Relic"],"build_version":"2020-12-22","purchased_purges":0,"victory":true,"max_hp_per_floor":[90,90,90,90,93,93,93,93,93,93,93,93,93,93,93,93,93,93,93,93,93,93,93,100,100,100,100,100,100,100,100,100,100,100,100,100],"card_choices":[{"not_picked":["champ:AdrenalArmor","champ:BladeFlurry"],"picked":"champ:GutPunch","floor":2},{"not_picked":["champ:Backstep","champ:PreciseThrust"],"picked":"champ:DefensiveStyle","floor":3},{"not_picked":["champ:Backstep","champ:TornadoPunch"],"picked":"champ:BringItOn","floor":4},{"not_picked":["champ:BerserkerStyle","champ:BringItOn"],"picked":"champ:Shatter","floor":6},{"not_picked":["champ:GladiatorsShout","champ:ViciousMockery"],"picked":"champ:VampiricStrike","floor":8},{"not_picked":["champ:FaceSlap","champ:DefensiveShout"],"picked":"champ:AdrenalArmor","floor":9},{"not_picked":["champ:Circumvent","champ:FaceSlap"],"picked":"champ:CrookedStrike","floor":11},{"not_picked":["champ:HeartStrike","champ:StanceDance"],"picked":"champ:FlashCut","floor":12},{"not_picked":["champ:GutPunch","champ:StanceDance"],"picked":"champ:FaceSlap","floor":14},{"not_picked":["champ:BringItOn","champ:Circumvent"],"picked":"champ:FanOfKnives","floor":15},{"not_picked":["champ:SteelEdge","champ:VampiricStrike"],"picked":"champ:IgnorePain","floor":16},{"not_picked":["champ:EnragedBash","champ:AdrenalArmor+1"],"picked":"champ:TornadoPunch","floor":19},{"not_picked":["champ:TornadoPunch","champ:EnGarde"],"picked":"champ:FlashCut+1","floor":20},{"not_picked":["champ:DefensiveShout","champ:BladeFlurry"],"picked":"champ:BerserkerStyle","floor":2},{"not_picked":["champ:AdrenalArmor","champ:HeartStrike"],"picked":"champ:RecklessLeap","floor":3},{"not_picked":[],"picked":"champ:BringItOn","floor":5},{"not_picked":[],"picked":"champ:PreciseThrust","floor":8},{"not_picked":["champ:Haymaker"],"picked":"SKIP","floor":10},{"not_picked":["champ:PerfectedStrike"],"picked":"SKIP","floor":12},{"not_picked":["champ:BerserkerStyle"],"picked":"SKIP","floor":14},{"not_picked":[],"picked":"champ:Duel","floor":15},{"not_picked":[],"picked":"champ:ShieldThrow","floor":16}],"player_experience":243757,"relics_obtained":[{"floor":2,"key":"LetterFromLob"},{"floor":7,"key":"Tiny Chest"},{"floor":8,"key":"Peace Pipe"},{"floor":2,"key":"LetterFromLob"},{"floor":7,"key":"Replay:WaspNest"}],"event_choices":[],"is_beta":false,"boss_relics":[{"not_picked":["trackpad:Coffee","Velvet Choker"],"picked":"Astrolabe"}],"items_purged_floors":[],"is_endless":false,"potions_floor_spawned":[8,12,14,15,8,12,15,16],"ascension_level":0}}