{"host":"d8d3jqle49sogkjv","time":1609786454,"event":{"mods":["BaseMod","Colored Map","Colored Powertips","Minty Spire (QoL Compilation)","StSLib"],"gold_per_floor":[118,118,128,143,8,40,58,58,81,95,122,297,297,357,357,462,462,481,481,497,511,511,511,511,539,539,539,539,551,551,551,551],"floor_reached":31,"playtime":1465,"items_purged":[],"score":380,"play_id":"41a9dcec-02d3-41e8-8ff9-7731ce9966d6","local_time":"20210104195414","is_ascension_mode":true,"campfire_choices":[{"floor":8.0,"key":"REST"},{"floor":13.0,"key":"REST"},{"floor":15.0,"key":"REST"},{"floor":23,"key":"REST"},{"floor":28,"key":"REST"},{"data":"Zap","floor":30,"key":"SMITH"}],"circlet_count":0,"master_deck":["Strike_B","Strike_B","Strike_B","Strike_B","Defend_B","Defend_B","Defend_B","Defend_B","Zap+1","Dualcast","Scrape","Go for the Eyes","Gash","All For One","FTL","Double Energy","Seek","Glacier","Reboot","Gash","Go for the Eyes","Conserve Battery+1","Capacitor+1","Steam"],"relics":["FrozenCore","NeowsBlessing","MealTicket","Juzu Bracelet","Oddly Smooth Stone","Toy Ornithopter","Pen Nib","Spirit Poop","Darkstone Periapt","Symbiotic Virus"],"acts_visited":["Exordium","TheCity"],"potions_floor_usage":[25],"damage_taken":[{"damage":0.0,"enemies":"Jaw Worm","floor":1.0,"turns":1.0},{"damage":0.0,"enemies":"Cultist","floor":3.0,"turns":1.0},{"damage":0.0,"enemies":"Small Slimes","floor":4.0,"turns":1.0},{"damage":25.0,"enemies":"3 Sentries","floor":6.0,"turns":4.0},{"damage":6.0,"enemies":"2 Fungi Beasts","floor":7.0,"turns":2.0},{"damage":11.0,"enemies":"3 Louse","floor":10.0,"turns":2.0},{"damage":32.0,"enemies":"Gremlin Nob","floor":11.0,"turns":4.0},{"damage":17.0,"enemies":"Gremlin Nob","floor":14.0,"turns":4.0},{"damage":20.0,"enemies":"Hexaghost","floor":16.0,"turns":11.0},{"damage":2.0,"enemies":"Spheric Guardian","floor":18.0,"turns":4.0},{"damage":14,"enemies":"Chosen","floor":20,"turns":6},{"damage":25,"enemies":"Shelled Parasite and Fungi","floor":21,"turns":8},{"damage":30,"enemies":"Slavers","floor":25,"turns":7},{"damage":1,"enemies":"Sentry and Sphere","floor":29,"turns":7},{"damage":42,"enemies":"Gremlin Leader","floor":31,"turns":9}],"seed_played":"-5607753657030125169","potions_obtained":[{"floor":4.0,"key":"Strength Potion"},{"floor":6.0,"key":"LiquidBronze"},{"floor":16.0,"key":"Ancient Potion"},{"floor":25,"key":"EssenceOfDarkness"}],"is_trial":false,"path_per_floor":["M","?","M","M","$","E","M","R","T","M","E","?","R","?","R","B",null,"M","?","M","M","?","R","?","E","T","?","R","M","R","E"],"character_chosen":"DEFECT","items_purchased":["All For One"],"campfire_rested":5,"item_purchase_floors":[5],"current_hp_per_floor":[68,68,68,68,68,43,37,59,59,48,16,16,38,21,43,28,63,61,61,47,22,22,44,44,19,19,19,41,40,40,0,0],"gold":551,"neow_bonus":"THREE_ENEMY_KILL","is_daily":false,"chose_seed":false,"campfire_upgraded":1,"win_rate":0.0,"timestamp":1609786454,"path_taken":["M","?","?","M","?","E","M","R","T","M","E","?","R","?","R","BOSS","M","?","M","M","?","R","?","E","T","?","R","M","R","E"],"items_purchased_type":["Card"],"build_version":"2020-12-22","purchased_purges":0,"victory":false,"max_hp_per_floor":[75,75,75,75,75,75,75,75,75,75,75,75,75,75,75,75,75,75,75,75,75,75,75,75,75,75,75,75,75,75,75,75],"card_choices":[{"not_picked":["Stack","Static Discharge"],"picked":"Scrape","floor":1.0},{"not_picked":["Cold Snap","Coolheaded"],"picked":"Go for the Eyes","floor":3.0},{"not_picked":["Cold Snap","Go for the Eyes"],"picked":"Gash","floor":4.0},{"not_picked":["Reinforced Body","Auto Shields","Cold Snap"],"picked":"SKIP","floor":6.0},{"not_picked":["Cold Snap","Fusion"],"picked":"FTL","floor":7.0},{"not_picked":["Storm","Melter"],"picked":"Double Energy","floor":10.0},{"not_picked":["Hello World","Steam Power"],"picked":"Seek","floor":11.0},{"not_picked":["Conserve Battery","Hello World"],"picked":"Glacier","floor":14.0},{"not_picked":["Multi-Cast","Fission"],"picked":"Reboot","floor":16.0},{"not_picked":["Chaos","Beam Cell"],"picked":"Gash","floor":18},{"not_picked":["Coolheaded","Leap"],"picked":"Go for the Eyes","floor":20},{"not_picked":["Go for the Eyes","Self Repair"],"picked":"Conserve Battery+1","floor":21},{"not_picked":["Recycle","Storm"],"picked":"Capacitor+1","floor":25},{"not_picked":["Cold Snap","Leap"],"picked":"Steam","floor":29}],"player_experience":365472,"relics_obtained":[{"floor":6.0,"key":"MealTicket"},{"floor":9.0,"key":"Juzu Bracelet"},{"floor":11.0,"key":"Oddly Smooth Stone"},{"floor":14.0,"key":"Toy Ornithopter"},{"floor":25,"key":"Darkstone Periapt"},{"floor":26,"key":"Symbiotic Virus"}],"event_choices":[{"damage_healed":0.0,"max_hp_gain":0.0,"max_hp_loss":0.0,"gold_gain":0.0,"event_name":"The Woman in Blue","player_choice":"Bought 0 Potions","floor":2.0,"gold_loss":0.0,"damage_taken":0.0},{"damage_healed":0.0,"max_hp_gain":0.0,"max_hp_loss":0.0,"gold_gain":175.0,"event_name":"Liars Game","player_choice":"AGREE","floor":12.0,"gold_loss":0.0,"damage_taken":0.0,"cards_obtained":["Doubt"]},{"damage_healed":0.0,"max_hp_gain":0.0,"max_hp_loss":0.0,"gold_gain":0.0,"event_name":"Dead Adventurer","player_choice":"Searched \u00271\u0027 times","floor":14.0,"gold_loss":0.0,"damage_taken":0.0},{"damage_healed":0,"gold_gain":0,"player_choice":"Opened","damage_taken":0,"relics_obtained":["Pen Nib"],"max_hp_gain":0,"max_hp_loss":0,"event_name":"The Mausoleum","floor":19,"gold_loss":0,"cards_obtained":["Writhe"]},{"cards_removed":["Doubt"],"damage_healed":0,"gold_gain":0,"player_choice":"Card Removal","damage_taken":0,"max_hp_gain":0,"max_hp_loss":0,"event_name":"Wheel of Change","floor":22,"gold_loss":0},{"cards_removed":["Writhe"],"damage_healed":0,"gold_gain":0,"player_choice":"Offered Curse","damage_taken":0,"relics_obtained":["Spirit Poop"],"max_hp_gain":0,"max_hp_loss":0,"event_name":"Bonfire Elementals","floor":24,"gold_loss":0},{"damage_healed":0,"gold_gain":0,"player_choice":"Ignored","damage_taken":0,"max_hp_gain":0,"max_hp_loss":0,"event_name":"Cursed Tome","floor":27,"gold_loss":0}],"is_beta":false,"boss_relics":[{"not_picked":["Coffee Dripper","Astrolabe"],"picked":"FrozenCore"}],"items_purged_floors":[],"is_endless":false,"potions_floor_spawned":[4,6,16,25],"killed_by":"Gremlin Leader","ascension_level":9}}