{"host":"g7xvyycavwkoojg3","time":1609802769,"event":{"mods":["BaseMod","Challenge The Spire","Exacting","GifTheSpireLib","HexUI Lib","Minty Spire (QoL Compilation)","Replay The Spire","Shop Mod","StSLib","The Hierophant"],"gold_per_floor":[117,125,133,131,150,150,127,158,158,165,135,135,111,111],"floor_reached":13,"playtime":1044,"items_purged":[],"score":106,"play_id":"39e13c52-115b-4b6f-9c63-0e94130d5cbe","local_time":"20210104182609","is_ascension_mode":false,"campfire_choices":[{"floor":6,"key":"REST"},{"floor":12,"key":"REST"}],"circlet_count":0,"master_deck":["hierophant:Strike_Hierophant","hierophant:Strike_Hierophant","hierophant:Strike_Hierophant","hierophant:Strike_Hierophant","hierophant:Punish","hierophant:Defend_Hierophant","hierophant:Defend_Hierophant","hierophant:Defend_Hierophant","hierophant:Defend_Hierophant","hierophant:ChurchCoffers","hierophant:OrnateBuckler","hierophant:Doubloon","hierophant:Charity","hierophant:FlamingChariot","hierophant:MirrorShield","hierophant:Doubloon","hierophant:CursedGold","hierophant:RustyCrate","hierophant:Doubloon","hierophant:Doubloon","hierophant:Doubloon","hierophant:CoinFling","hierophant:RepressedViolence"],"relics":["hierophant:PropheticMaskRelic","Kunai"],"acts_visited":["Exordium"],"potions_floor_usage":[7,13],"damage_taken":[{"damage":14,"enemies":"Small Slimes","floor":1,"turns":4},{"damage":0,"enemies":"2 Louse","floor":2,"turns":2},{"damage":13,"enemies":"Cultist","floor":3,"turns":5},{"damage":9,"enemies":"Large Slime","floor":4,"turns":8},{"damage":30,"enemies":"Exordium Wildlife","floor":5,"turns":6},{"damage":17,"enemies":"Exordium Thugs","floor":7,"turns":4},{"damage":5,"enemies":"3 Louse","floor":8,"turns":3},{"damage":9,"enemies":"2 Fungi Beasts","floor":10,"turns":3},{"damage":40,"enemies":"Gremlin Nob","floor":13,"turns":4}],"seed_played":"4952237914492572778","potions_obtained":[{"floor":3,"key":"SteroidPotion"},{"floor":4,"key":"Energy Potion"},{"floor":8,"key":"Ancient Potion"}],"is_trial":false,"path_per_floor":["M","M","M","M","M","R","M","M","T","M","?","R","E"],"character_chosen":"HIEROPHANT","items_purchased":[],"campfire_rested":2,"item_purchase_floors":[],"current_hp_per_floor":[68,68,55,46,16,40,23,18,18,9,9,33,0,0],"gold":111,"neow_bonus":"TEN_PERCENT_HP_BONUS","is_daily":false,"chose_seed":false,"campfire_upgraded":0,"win_rate":0.0,"timestamp":1609802769,"path_taken":["M","M","M","M","M","R","M","M","T","M","?","R","E"],"items_purchased_type":[],"build_version":"2020-12-22","purchased_purges":0,"victory":false,"max_hp_per_floor":[82,82,82,82,82,82,82,82,82,82,82,82,82,82],"card_choices":[{"not_picked":["hierophant:RepressedViolence","hierophant:Zeal"],"picked":"hierophant:OrnateBuckler","floor":1},{"not_picked":["hierophant:Mercenaries","hierophant:Encroach"],"picked":"hierophant:Charity","floor":2},{"not_picked":["hierophant:Shelter","hierophant:Encroach"],"picked":"hierophant:FlamingChariot","floor":3},{"not_picked":["hierophant:SealAway","hierophant:FlamingChariot"],"picked":"hierophant:MirrorShield","floor":4},{"not_picked":["hierophant:Alms","hierophant:Empathy"],"picked":"hierophant:CursedGold","floor":5},{"not_picked":["hierophant:FaithHealing","hierophant:Refuge"],"picked":"hierophant:RustyCrate","floor":7},{"not_picked":["hierophant:Cornucopia","hierophant:HammerAndAnvil"],"picked":"hierophant:CoinFling","floor":8},{"not_picked":["hierophant:Exaltation","hierophant:Smite"],"picked":"hierophant:RepressedViolence","floor":10}],"player_experience":100642,"relics_obtained":[{"floor":9,"key":"Kunai"}],"event_choices":[{"damage_healed":0,"gold_gain":0,"player_choice":"Left Gold","damage_taken":0,"max_hp_gain":0,"max_hp_loss":0,"event_name":"World of Goop","floor":11,"gold_loss":30}],"is_beta":false,"boss_relics":[],"items_purged_floors":[],"is_endless":false,"potions_floor_spawned":[3,4,8],"killed_by":"Gremlin Nob","ascension_level":0}}