{"host":"gkp57zoegrd3f2ij","time":1609722714,"event":{"mods":["BaseMod","Colored Map","Colored Powertips","Downfall","Minty Spire (QoL Compilation)","StSLib"],"gold_per_floor":[216,216,72,83,83,83,108,108,131,164,164,181,181,191,191,296,296,251,251,42,42,42,42,42,42,42,42,42,42,42,3,3,3,3],"floor_reached":33,"playtime":1635,"items_purged":["Strike_R"],"score":312,"play_id":"b094e083-d8b4-4244-974d-fb8ac2e3e532","local_time":"20210104021154","is_ascension_mode":true,"campfire_choices":[{"data":"Bash","floor":6,"key":"SMITH"},{"data":"Hemokinesis","floor":8,"key":"SMITH"},{"floor":11,"key":"REST"},{"data":"Clothesline","floor":13,"key":"SMITH"},{"floor":15,"key":"REST"},{"data":"Flame Barrier","floor":23,"key":"SMITH"},{"data":"Corruption","floor":25,"key":"SMITH"},{"data":"Flame Barrier","floor":27,"key":"SMITH"},{"floor":32,"key":"REST"}],"circlet_count":0,"master_deck":["Strike_R","Strike_R","Strike_R","Defend_R","Defend_R","Defend_R","Defend_R","Bash+1","Clothesline+1","Hemokinesis+1","Cleave","Flex","Battle Trance","Corruption+1","Flame Barrier+1","Flame Barrier+1","Inflame","Anger"],"relics":["Burning Blood","PreservedInsect","The Courier","Smiling Mask","Red Skull","Ectoplasm","Omamori","Juzu Bracelet","Bronze Scales"],"acts_visited":["Exordium","TheCity"],"potions_floor_usage":[10,16,18,18,30,33,33],"damage_taken":[{"damage":9,"enemies":"Jaw Worm","floor":1,"turns":5},{"damage":12,"enemies":"Small Slimes","floor":4,"turns":4},{"damage":24,"enemies":"Lagavulin","floor":7,"turns":5},{"damage":33,"enemies":"3 Sentries","floor":10,"turns":8},{"damage":2,"enemies":"Cultist","floor":12,"turns":2},{"damage":8,"enemies":"2 Fungi Beasts","floor":14,"turns":2},{"damage":69,"enemies":"The Guardian","floor":16,"turns":12},{"damage":17,"enemies":"2 Thieves","floor":18,"turns":3},{"damage":2,"enemies":"3 Byrds","floor":22,"turns":2},{"damage":21,"enemies":"Shelled Parasite and Fungi","floor":24,"turns":5},{"damage":13,"enemies":"Slavers","floor":29,"turns":5},{"damage":31,"enemies":"Centurion and Healer","floor":30,"turns":6},{"damage":71,"enemies":"Automaton","floor":33,"turns":10}],"seed_played":"-3464134940609282347","potions_obtained":[{"floor":4,"key":"Dexterity Potion"},{"floor":10,"key":"Fire Potion"},{"floor":12,"key":"champ:CounterPotion"},{"floor":16,"key":"LiquidBronze"},{"floor":22,"key":"Weak Potion"},{"floor":24,"key":"Swift Potion"}],"is_trial":false,"path_per_floor":["M","?","$","M","?","R","E","R","T","E","R","M","R","M","R","B",null,"M","?","$","?","M","R","M","R","T","R","$","E","M","$","R","B"],"character_chosen":"IRONCLAD","items_purchased":["PreservedInsect","Omamori","Explosive Potion","Anger"],"campfire_rested":3,"item_purchase_floors":[3,20,20,31],"current_hp_per_floor":[77,82,82,76,76,76,58,58,58,31,56,60,60,58,83,20,85,74,74,74,74,78,78,63,63,63,63,63,56,31,31,56,0,0],"gold":3,"neow_bonus":"HUNDRED_GOLD","is_daily":false,"chose_seed":false,"campfire_upgraded":6,"win_rate":0.0,"timestamp":1609722714,"path_taken":["M","?","$","M","?","R","E","R","T","E","R","?","R","M","R","BOSS","M","?","$","?","?","R","M","R","T","R","$","E","M","?","R","BOSS"],"items_purchased_type":["Relic","Relic","Potion","Card"],"build_version":"2020-12-22","purchased_purges":1,"victory":false,"max_hp_per_floor":[80,85,85,85,85,85,85,85,85,85,85,85,85,85,85,85,85,85,85,85,85,85,85,85,85,85,85,85,85,85,85,85,85,85],"card_choices":[{"not_picked":["Headbutt","Combust"],"picked":"Clothesline","floor":1},{"not_picked":["Dual Wield","Havoc"],"picked":"Hemokinesis","floor":4},{"not_picked":["Twin Strike","Bloodletting","Thunderclap"],"picked":"SKIP","floor":7},{"not_picked":["Infernal Blade","Pommel Strike"],"picked":"Cleave","floor":10},{"not_picked":["Wild Strike","Body Slam"],"picked":"Flex","floor":12},{"not_picked":["Pummel","Berserk"],"picked":"Battle Trance","floor":14},{"not_picked":["Bludgeon","Reaper"],"picked":"Corruption","floor":16},{"not_picked":["Evolve","Twin Strike+1","Wild Strike"],"picked":"SKIP","floor":18},{"not_picked":["Rampage","Rage","Body Slam"],"picked":"SKIP","floor":22},{"not_picked":["Perfected Strike","Body Slam","Twin Strike"],"picked":"SKIP","floor":24},{"not_picked":["Sword Boomerang","Perfected Strike"],"picked":"Inflame","floor":29},{"not_picked":["Pommel Strike","Iron Wave+1","Havoc"],"picked":"SKIP","floor":30}],"player_experience":232028,"relics_obtained":[{"floor":7,"key":"The Courier"},{"floor":9,"key":"Smiling Mask"},{"floor":10,"key":"Red Skull"},{"floor":26,"key":"Juzu Bracelet"},{"floor":29,"key":"Bronze Scales"}],"event_choices":[{"damage_healed":0,"gold_gain":0,"player_choice":"Donut","damage_taken":0,"max_hp_gain":5,"max_hp_loss":0,"event_name":"Big Fish","floor":2,"gold_loss":0},{"cards_removed":["Strike_R"],"damage_healed":0,"gold_gain":0,"player_choice":"Purged","damage_taken":0,"max_hp_gain":0,"max_hp_loss":0,"event_name":"Purifier","floor":5,"gold_loss":0},{"damage_healed":0,"gold_gain":0,"player_choice":"Read","damage_taken":0,"max_hp_gain":0,"max_hp_loss":0,"event_name":"The Library","floor":19,"gold_loss":0,"cards_obtained":["Flame Barrier"]},{"damage_healed":0,"gold_gain":0,"player_choice":"Copied","damage_taken":0,"max_hp_gain":0,"max_hp_loss":0,"event_name":"Duplicator","floor":21,"gold_loss":0,"cards_obtained":["Flame Barrier"]}],"is_beta":false,"boss_relics":[{"not_picked":["Pandora\u0027s Box","Black Blood"],"picked":"Ectoplasm"}],"items_purged_floors":[20],"is_endless":false,"potions_floor_spawned":[4,10,12,16,22,24],"killed_by":"Automaton","ascension_level":3}}