{"host":"doxo6v3vhswwfk80","time":1609742166,"event":{"mods":["2.2 Compatiblity","AchievementEnabler","Act Like it!","Bard","BaseMod","Better Altar","Better Match","Better Note","Better Sensory Stone","Better Skull","Better Third Choice","Curses Come First","Hermit","Marisa????????","Minty Spire (QoL Compilation)","Quick Restart","Relic Stats","Shade Mod","StSLib","The Hierophant","The Runesmith","The Servant 0.9.4"],"gold_per_floor":[112,112,112,24,48,48,82,82,155,176,351,351,351,26,26,26,26],"floor_reached":16,"playtime":500,"items_purged":[],"score":121,"play_id":"0c82c1f2-639b-4055-b81d-ad2b962de4a4","local_time":"20210104003606","is_ascension_mode":false,"campfire_choices":[{"floor":6,"key":"REST"},{"floor":8,"key":"RECALL"},{"data":"OrrerysSun","floor":12,"key":"SMITH"},{"floor":15,"key":"REST"}],"circlet_count":0,"master_deck":["Strike_MRS","Strike_MRS","Strike_MRS","Defend_MRS","Defend_MRS","Defend_MRS","Defend_MRS","MasterSpark","UpSweep","EnergyFlow","MilkyWay","LuminesStrike","Singularity","ChargeUpSpray","OrrerysSun+1","MysteriousBeam","Doubt","ChargingUp"],"relics":["MiniHakkero","NeowsBlessing","Golden Idol","Orichalcum","Bottled Flame","HandmadeGrimoire"],"acts_visited":["Exordium"],"potions_floor_usage":[],"damage_taken":[{"damage":0,"enemies":"Jaw Worm","floor":1,"turns":1},{"damage":0,"enemies":"Small Slimes","floor":5,"turns":1},{"damage":0,"enemies":"Lagavulin","floor":7,"turns":1},{"damage":3,"enemies":"Cultist","floor":10,"turns":4},{"damage":0,"enemies":"Slime Boss","floor":16,"turns":1}],"seed_played":"2272959228124962388","potions_obtained":[{"floor":5,"key":"SpeedPotion"}],"is_trial":false,"path_per_floor":["M","?","?","$","M","R","E","R","T","M","?","R","T","$","R","B"],"character_chosen":"MARISA","items_purchased":["LuminesStrike","Singularity","HandmadeGrimoire","ChargingUp"],"campfire_rested":2,"item_purchase_floors":[4,4,14,14],"current_hp_per_floor":[75,57,57,57,57,75,75,75,75,72,72,72,72,72,75,75,75],"gold":26,"neow_bonus":"THREE_ENEMY_KILL","is_daily":false,"chose_seed":false,"campfire_upgraded":1,"win_rate":0.0,"timestamp":1609742166,"path_taken":["M","?","?","?","M","R","E","R","T","?","?","R","?","?","R","BOSS"],"items_purchased_type":["Card","Card","Relic","Card"],"build_version":"2020-12-22","purchased_purges":0,"victory":false,"max_hp_per_floor":[75,75,75,75,75,75,75,75,75,75,75,75,75,75,75,75,75],"relic_stats":{"counters":[5,8],"Golden Idol":16,"Orichalcum":[12],"obtain_stats":[{"Bottled Flame":13,"NeowsBlessing":0,"Golden Idol":2,"HandmadeGrimoire":14,"MiniHakkero":0,"Orichalcum":7},{"Bottled Flame":4,"NeowsBlessing":0,"Golden Idol":1,"HandmadeGrimoire":4,"MiniHakkero":0,"Orichalcum":3},{"Bottled Flame":7,"NeowsBlessing":0,"Golden Idol":1,"HandmadeGrimoire":7,"MiniHakkero":0,"Orichalcum":3}]},"card_choices":[{"not_picked":["Acceleration","WitchLeyline"],"picked":"EnergyFlow","floor":1},{"not_picked":["ShootingEcho","NonDirectionalLaser"],"picked":"ChargeUpSpray","floor":5},{"not_picked":["EscapeVelocity","ShootingEcho"],"picked":"OrrerysSun","floor":7},{"not_picked":["AlicesGift","DoubleSpark"],"picked":"MysteriousBeam","floor":10}],"player_experience":119799,"relics_obtained":[{"floor":7,"key":"Orichalcum"},{"floor":13,"key":"Bottled Flame"}],"event_choices":[{"damage_healed":0,"gold_gain":0,"player_choice":"Take Damage","damage_taken":18,"relics_obtained":["Golden Idol"],"max_hp_gain":0,"max_hp_loss":0,"event_name":"Golden Idol","floor":2,"gold_loss":0},{"damage_healed":0,"gold_gain":0,"cards_transformed":["Strike_MRS"],"player_choice":"Change","damage_taken":0,"max_hp_gain":0,"max_hp_loss":0,"event_name":"Living Wall","floor":3,"gold_loss":0,"cards_obtained":["MilkyWay"]},{"damage_healed":0,"gold_gain":175,"player_choice":"AGREE","damage_taken":176,"max_hp_gain":0,"max_hp_loss":0,"event_name":"betterThird:BetterSerpent","floor":11,"gold_loss":0}],"is_beta":false,"boss_relics":[],"items_purged_floors":[],"is_endless":false,"potions_floor_spawned":[5],"killed_by":"Slime Boss","ascension_level":0}}