{"host":"w0kqlntohdoatj1w","time":1609738298,"event":{"mods":["AchievementEnabler","BaseMod","Minty Spire (QoL Compilation)"],"gold_per_floor":[118,293,306,306,320,320,337,337,387,387,387,405,417,367,367,465,465,475,49,49,148,148,167,181,192,192,225,225,225,235,245,245,341,341,355,355,61,73,87,87,87,87],"floor_reached":41,"playtime":4913,"items_purged":["Strike_B"],"score":455,"play_id":"5b45aeed-262f-4cb7-a8aa-e95bf0fd9348","local_time":"20210103233138","is_ascension_mode":false,"campfire_choices":[{"data":"Hologram","floor":6.0,"key":"SMITH"},{"data":"Chill","floor":8,"key":"SMITH"},{"data":"Hello World","floor":11,"key":"SMITH"},{"data":"Chaos","floor":15,"key":"SMITH"},{"floor":32,"key":"REST"},{"floor":40,"key":"REST"}],"circlet_count":0,"master_deck":["Defend_B","Defend_B","Defend_B","Defend_B","Dualcast","CurseOfTheBell","Hologram+1","Hello World+1","Sweeping Beam+1","Chill+1","Sweeping Beam+1","Chaos+1","Echo Form","Loop+1","Defragment","Panache","Rainbow","Skim","Darkness","Compile Driver+1","Cold Snap+1","Blizzard+1","Aggregate","Reboot","Conserve Battery","Redo","Creative AI","Capacitor+1","FTL+1","Go for the Eyes+1","BootSequence+1","Compile Driver+1","Glacier","Conserve Battery","Self Repair","Rainbow","Mayhem","Fusion+1","Loop"],"relics":["Calling Bell","Oddly Smooth Stone","Molten Egg 2","TungstenRod","Toy Ornithopter","Fusion Hammer","Membership Card","Kunai","Juzu Bracelet","Bag of Marbles","Empty Cage","Orrery"],"acts_visited":["Exordium","TheCity","TheBeyond"],"potions_floor_usage":[16,16,27,33,33,39],"damage_taken":[{"damage":0.0,"enemies":"Cultist","floor":1.0,"turns":4.0},{"damage":8.0,"enemies":"2 Louse","floor":3.0,"turns":3.0},{"damage":4.0,"enemies":"Jaw Worm","floor":5.0,"turns":5.0},{"damage":10.0,"enemies":"Large Slime","floor":7.0,"turns":7.0},{"damage":3,"enemies":"2 Fungi Beasts","floor":12,"turns":5},{"damage":4,"enemies":"Looter","floor":13,"turns":5},{"damage":14,"enemies":"The Guardian","floor":16,"turns":12},{"damage":7,"enemies":"Shell Parasite","floor":18,"turns":8},{"damage":10,"enemies":"3 Byrds","floor":23,"turns":5},{"damage":12,"enemies":"Snake Plant","floor":24,"turns":4},{"damage":21,"enemies":"Centurion and Healer","floor":25,"turns":5},{"damage":0,"enemies":"Gremlin Leader","floor":27,"turns":5},{"damage":8,"enemies":"Chosen and Byrds","floor":30,"turns":6},{"damage":11,"enemies":"Shelled Parasite and Fungi","floor":31,"turns":5},{"damage":10,"enemies":"Automaton","floor":33,"turns":9},{"damage":12,"enemies":"3 Shapes","floor":35,"turns":4},{"damage":8,"enemies":"Orb Walker","floor":38,"turns":6},{"damage":22,"enemies":"Transient","floor":39,"turns":5},{"damage":89,"enemies":"2 Orb Walkers","floor":41,"turns":7}],"seed_played":"-1371627359707721262","potions_obtained":[{"floor":1.0,"key":"Fire Potion"},{"floor":5.0,"key":"ColorlessPotion"},{"floor":23,"key":"FocusPotion"},{"floor":25,"key":"LiquidMemories"},{"floor":33,"key":"DistilledChaos"}],"is_trial":false,"path_per_floor":["M","?","M","?","M","R","M","R","T","?","R","M","M","?","R","B",null,"M","$","?","?","?","M","M","M","T","E","?","?","M","M","R","B",null,"M","?","$","M","M","R","?"],"character_chosen":"DEFECT","items_purchased":["Membership Card","Defragment","Panache","Rainbow","ColorlessPotion","Orrery","Conserve Battery","Self Repair","Rainbow","Mayhem"],"campfire_rested":2,"item_purchase_floors":[19,19,19,19,19,37,37,37,37,37],"current_hp_per_floor":[75,75,67,72,68,68,58,58,58,58,58,55,51,51,51,47,80,73,73,61,61,61,51,39,18,18,23,23,23,15,4,28,28,80,68,68,68,74,57,80,0,0],"gold":87,"neow_bonus":"BOSS_RELIC","is_daily":false,"chose_seed":false,"campfire_upgraded":4,"win_rate":0.0,"timestamp":1609738298,"path_taken":["M","?","M","?","M","R","M","R","T","?","R","M","M","?","R","BOSS","M","$","?","?","?","?","M","M","T","E","?","?","M","M","R","BOSS","M","?","$","M","M","R","?"],"items_purchased_type":["Relic","Card","Card","Card","Potion","Relic","Card","Card","Card","Card"],"build_version":"2020-12-22","purchased_purges":1,"victory":false,"max_hp_per_floor":[75,75,75,80,80,80,80,80,80,80,80,80,80,80,80,80,80,80,80,80,80,80,80,80,80,80,80,80,80,80,80,80,80,80,80,80,80,80,80,80,80,80],"card_choices":[{"not_picked":["Stack","Compile Driver+1"],"picked":"Hologram","floor":1.0},{"not_picked":["Lockon+1","Self Repair"],"picked":"Hello World","floor":3.0},{"not_picked":["Beam Cell+1","Gash+1"],"picked":"Sweeping Beam+1","floor":5.0},{"not_picked":["Melter+1","Barrage+1"],"picked":"Chill","floor":7.0},{"not_picked":["Compile Driver+1","Thunder Strike+1"],"picked":"Sweeping Beam+1","floor":12},{"not_picked":["Barrage+1","Leap"],"picked":"Chaos","floor":13},{"not_picked":["Multi-Cast","Fission"],"picked":"Echo Form","floor":16},{"not_picked":["Tempest","Barrage+1"],"picked":"Loop+1","floor":18},{"not_picked":["Tempest","Hologram"],"picked":"Darkness","floor":23},{"not_picked":["Streamline+1","Go for the Eyes+1"],"picked":"Compile Driver+1","floor":24},{"not_picked":["Tempest","Melter+1"],"picked":"Cold Snap+1","floor":25},{"not_picked":["Beam Cell+1","Rainbow"],"picked":"Blizzard+1","floor":27},{"not_picked":["Beam Cell+1","Rip and Tear+1"],"picked":"Conserve Battery","floor":30},{"not_picked":["Tempest+1","Auto Shields"],"picked":"Redo","floor":31},{"not_picked":["Electrodynamics","Amplify"],"picked":"Creative AI","floor":33},{"not_picked":["Compile Driver+1","Consume+1"],"picked":"Capacitor+1","floor":35},{"not_picked":["Darkness","Steam+1"],"picked":"FTL+1","floor":37},{"not_picked":["Beam Cell+1","Storm+1"],"picked":"Go for the Eyes+1","floor":37},{"not_picked":["Streamline+1","Gash+1"],"picked":"BootSequence+1","floor":37},{"not_picked":["Leap","Rip and Tear+1"],"picked":"Compile Driver+1","floor":37},{"not_picked":["Ball Lightning+1","Streamline+1"],"picked":"Glacier","floor":37},{"not_picked":["Steam","Compile Driver+1"],"picked":"Fusion+1","floor":38},{"not_picked":["Beam Cell+1","Hello World"],"picked":"Loop","floor":39}],"player_experience":68916,"relics_obtained":[{"floor":0.0,"key":"Oddly Smooth Stone"},{"floor":0.0,"key":"Molten Egg 2"},{"floor":0.0,"key":"TungstenRod"},{"floor":9,"key":"Toy Ornithopter"},{"floor":26,"key":"Kunai"},{"floor":27,"key":"Juzu Bracelet"}],"event_choices":[{"damage_healed":0.0,"max_hp_gain":0.0,"max_hp_loss":0.0,"gold_gain":175.0,"event_name":"Liars Game","player_choice":"AGREE","floor":2.0,"gold_loss":0.0,"damage_taken":0.0,"cards_obtained":["Doubt"]},{"damage_healed":0.0,"max_hp_gain":5.0,"max_hp_loss":0.0,"gold_gain":0.0,"event_name":"Big Fish","player_choice":"Donut","floor":4.0,"gold_loss":0.0,"damage_taken":0.0},{"cards_removed":["Strike_B"],"damage_healed":0,"gold_gain":0,"player_choice":"Forget","damage_taken":0,"max_hp_gain":0,"max_hp_loss":0,"event_name":"Living Wall","floor":10,"gold_loss":0},{"cards_removed":["Strike_B"],"damage_healed":0,"gold_gain":0,"player_choice":"Card Removal","damage_taken":0,"max_hp_gain":0,"max_hp_loss":0,"event_name":"The Cleric","floor":14,"gold_loss":50},{"damage_healed":0,"gold_gain":0,"player_choice":"Obtained Book","damage_taken":16,"max_hp_gain":0,"max_hp_loss":0,"event_name":"Cursed Tome","floor":20,"gold_loss":0},{"damage_healed":0,"gold_gain":99,"player_choice":"Stole From Cult","damage_taken":0,"max_hp_gain":0,"max_hp_loss":0,"event_name":"Nest","floor":21,"gold_loss":0},{"damage_healed":0,"gold_gain":0,"cards_transformed":["Strike_B"],"player_choice":"Transformed","damage_taken":0,"max_hp_gain":0,"max_hp_loss":0,"event_name":"Transmorgrifier","floor":22,"gold_loss":0,"cards_obtained":["Skim"]},{"damage_healed":0,"gold_gain":0,"player_choice":"Opened","damage_taken":0,"relics_obtained":["Bag of Marbles"],"max_hp_gain":0,"max_hp_loss":0,"event_name":"The Mausoleum","floor":28,"gold_loss":0,"cards_obtained":["Writhe"]},{"damage_healed":0,"gold_gain":0,"player_choice":"2 cards matched","damage_taken":0,"max_hp_gain":0,"max_hp_loss":0,"event_name":"Match and Keep!","floor":29,"gold_loss":0,"cards_obtained":["Aggregate","Reboot"]},{"cards_removed":["Zap"],"damage_healed":0,"gold_gain":0,"player_choice":"Removed Skill","damage_taken":0,"max_hp_gain":0,"max_hp_loss":0,"event_name":"Falling","floor":36,"gold_loss":0},{"damage_healed":0,"gold_gain":0,"player_choice":"Fight","damage_taken":0,"max_hp_gain":0,"max_hp_loss":0,"event_name":"Mysterious Sphere","floor":41,"gold_loss":0}],"is_beta":false,"boss_relics":[{"not_picked":["Busted Crown","SacredBark"],"picked":"Fusion Hammer"},{"not_picked":["SlaversCollar","Snecko Eye"],"picked":"Empty Cage"}],"items_purged_floors":[19],"is_endless":false,"potions_floor_spawned":[1,5,23,25,33],"killed_by":"2 Orb Walkers","ascension_level":0}}