{"host":"ta9mufxydm4vkknf","time":1609778003,"event":{"mods":["AchievementEnabler","BaseMod","Minty Spire (QoL Compilation)","Quick Restart"],"gold_per_floor":[117,117,117,137,150,180,195,221,221,252,315,315,315,330,330,434,434,444,456,456,470,470,470],"floor_reached":22,"playtime":1427,"items_purged":[],"score":216,"play_id":"c4813dbd-2e95-49aa-b416-08f75dfb5b31","local_time":"20210104173323","is_ascension_mode":true,"campfire_choices":[{"data":"Sucker Punch","floor":13,"key":"SMITH"},{"floor":15,"key":"REST"}],"circlet_count":0,"master_deck":["Strike_G","Strike_G","Strike_G","Strike_G","Defend_G","Defend_G","Defend_G","Defend_G","Defend_G","Survivor","Neutralize+1","Backstab","Slice","Sucker Punch+1","After Image","Underhanded Strike","Quick Slash","Acrobatics","Reflex","Heel Hook","Grand Finale","Poisoned Stab+1","Slice","RitualDagger","Dagger Throw"],"relics":["Ring of the Snake","CultistMask","Pen Nib","Singing Bowl","Tough Bandages","Tingsha","Snake Skull","SlaversCollar"],"acts_visited":["Exordium","TheCity"],"potions_floor_usage":[16,16,16],"damage_taken":[{"damage":0,"enemies":"Small Slimes","floor":1,"turns":4},{"damage":0,"enemies":"Jaw Worm","floor":4,"turns":3},{"damage":0,"enemies":"Cultist","floor":5,"turns":3},{"damage":20,"enemies":"Gremlin Nob","floor":6,"turns":4},{"damage":0,"enemies":"3 Louse","floor":7,"turns":4},{"damage":6,"enemies":"3 Sentries","floor":8,"turns":9},{"damage":8,"enemies":"Lagavulin","floor":10,"turns":6},{"damage":11,"enemies":"Gremlin Nob","floor":11,"turns":4},{"damage":0,"enemies":"Blue Slaver","floor":14,"turns":1},{"damage":37,"enemies":"Slime Boss","floor":16,"turns":16},{"damage":7,"enemies":"Shell Parasite","floor":18,"turns":7},{"damage":7,"enemies":"Chosen","floor":19,"turns":5},{"damage":36,"enemies":"Shelled Parasite and Fungi","floor":21,"turns":6},{"damage":15,"enemies":"Sentry and Sphere","floor":22,"turns":5}],"seed_played":"-6832016999920994029","potions_obtained":[{"floor":1,"key":"EssenceOfSteel"},{"floor":6,"key":"FearPotion"},{"floor":10,"key":"SkillPotion"},{"floor":11,"key":"Explosive Potion"},{"floor":14,"key":"Block Potion"},{"floor":21,"key":"CunningPotion"}],"is_trial":false,"path_per_floor":["M","?","?","M","M","E","M","E","T","E","?","?","R","M","R","B",null,"M","M","?","M","M"],"character_chosen":"THE_SILENT","items_purchased":[],"campfire_rested":1,"item_purchase_floors":[],"current_hp_per_floor":[70,63,63,63,63,43,43,37,37,29,18,18,18,18,39,2,70,63,56,50,14,0,0],"gold":470,"neow_bonus":"UPGRADE_CARD","is_daily":false,"chose_seed":false,"campfire_upgraded":1,"win_rate":0.0,"timestamp":1609778003,"path_taken":["M","?","?","M","M","E","?","E","T","E","?","?","R","M","R","BOSS","M","M","?","M","M"],"items_purchased_type":[],"build_version":"2020-12-22","purchased_purges":0,"victory":false,"max_hp_per_floor":[70,70,70,70,70,70,70,70,70,70,70,70,70,70,70,70,70,70,70,70,70,70,70],"card_choices":[{"not_picked":["Eviscerate","Choke"],"picked":"Backstab","floor":1},{"not_picked":["Flying Knee","Eviscerate"],"picked":"Slice","floor":4},{"not_picked":["Flechettes","Tactician"],"picked":"Sucker Punch","floor":5},{"not_picked":["Setup","Sucker Punch"],"picked":"After Image","floor":6},{"not_picked":["Dagger Spray","Prepared"],"picked":"Underhanded Strike","floor":7},{"not_picked":["Underhanded Strike","Choke"],"picked":"Quick Slash","floor":8},{"not_picked":["Dagger Throw","Noxious Fumes"],"picked":"Acrobatics","floor":10},{"not_picked":["Quick Slash","Deadly Poison"],"picked":"Reflex","floor":11},{"not_picked":["Predator","Poisoned Stab"],"picked":"Heel Hook","floor":14},{"not_picked":["Envenom","Venomology"],"picked":"Grand Finale","floor":16},{"not_picked":["Dodge and Roll","Acrobatics"],"picked":"Poisoned Stab+1","floor":18},{"not_picked":["Outmaneuver","Underhanded Strike"],"picked":"Slice","floor":19},{"not_picked":["Acrobatics","Flying Knee"],"picked":"Dagger Throw","floor":21}],"player_experience":191186,"relics_obtained":[{"floor":6,"key":"Pen Nib"},{"floor":8,"key":"Singing Bowl"},{"floor":9,"key":"Tough Bandages"},{"floor":10,"key":"Tingsha"},{"floor":11,"key":"Snake Skull"}],"event_choices":[{"cards_removed":["Strike_G"],"damage_healed":0,"gold_gain":0,"player_choice":"Card Removal","damage_taken":7,"max_hp_gain":0,"max_hp_loss":0,"event_name":"Golden Wing","floor":2,"gold_loss":0},{"damage_healed":0,"gold_gain":0,"player_choice":"Trade","damage_taken":0,"relics_obtained":["CultistMask"],"max_hp_gain":0,"max_hp_loss":0,"event_name":"FaceTrader","floor":3,"gold_loss":0},{"damage_healed":0,"gold_gain":0,"player_choice":"Searched \u00272\u0027 times","damage_taken":0,"max_hp_gain":0,"max_hp_loss":0,"event_name":"Dead Adventurer","floor":11,"gold_loss":0},{"damage_healed":0,"gold_gain":0,"player_choice":"Ignored","damage_taken":0,"max_hp_gain":0,"max_hp_loss":0,"event_name":"Liars Game","floor":12,"gold_loss":0},{"damage_healed":0,"gold_gain":0,"player_choice":"Joined the Cult","damage_taken":6,"max_hp_gain":0,"max_hp_loss":0,"event_name":"Nest","floor":20,"gold_loss":0,"cards_obtained":["RitualDagger"]}],"is_beta":false,"boss_relics":[{"not_picked":["SacredBark","Velvet Choker"],"picked":"SlaversCollar"}],"items_purged_floors":[],"is_endless":false,"potions_floor_spawned":[1,6,10,11,14,21],"killed_by":"Sentry and Sphere","ascension_level":1}}