{"host":"9d9dhukr2jywmy0f","time":1609753972,"event":{"mods":["2.2 Compatiblity","Act Like it!","Alarm Clock","BaseMod","Bestiary","Block Reminder","Colored Map","Colored Powertips","Curses Come First","DeckTracker","Gensokyo","Highlight Path","Key Reminder","Keyboard Shortcuts","Minty Spire (QoL Compilation)","Quick Restart","Rare Cards Sparkle","Relic Sorter","Relic Stats","Spire Birthday Party","StSLib","SuperFastMode","Synergy Search","Unceasing Turn Reminder","Unknown Chances"],"gold_per_floor":[112,132,81,81,93,93,104,104,104,384,384,384,410,260,260,334,384,395,415,165,0,0,30,30,30,57,57,77,105,140,171,171,242,242,261,101,101,126,78,112,146,173,244,277,297,324,324,33,33,33,33,33,33,58,58],"floor_reached":56,"playtime":4614,"items_purged":["Strike_B","Strike_B"],"score":2584,"play_id":"db32f829-14ed-4fd9-82da-fcd1380a35e5","local_time":"20210104175252","is_ascension_mode":true,"campfire_choices":[{"floor":6.0,"key":"REST"},{"data":"Glacier","floor":8.0,"key":"SMITH"},{"floor":12.0,"key":"REST"},{"data":"Biased Cognition","floor":15.0,"key":"SMITH"},{"floor":24.0,"key":"RECALL"},{"floor":25.0,"key":"REST"},{"data":"Ball Lightning","floor":27.0,"key":"SMITH"},{"data":"Defend_B","floor":32.0,"key":"SMITH"},{"floor":47.0,"key":"DIG"},{"floor":49.0,"key":"DIG"},{"data":"Meteor Strike","floor":52,"key":"SMITH"}],"circlet_count":0,"master_deck":["AscendersBane","Defend_B+1","Defend_B+1","Dualcast+1","Glacier+1","Recycle","Biased Cognition+1","Doom and Gloom+1","Ball Lightning+1","Fusion+1","Hologram+1","Meteor Strike+1","Hologram+1","All For One","Doubt","Coolheaded+1","Coolheaded+1","All For One","Coolheaded+1"],"relics":["Snecko Eye","Cables","Toxic Egg 2","Gensokyo:PortableGap","Nunchaku","Tiny House","Happy Flower","Anchor","PreservedInsect","Akabeko","Bag of Marbles","Art of War","Black Star","Orichalcum","Boot","Bag of Preparation","Shuriken","Ornamental Fan","HornCleat","Pear","Shovel","Incense Burner","Juzu Bracelet","DataDisk","CeramicFish","ClockworkSouvenir","TheAbacus","Blood Vial","Du-Vu Doll","Centennial Puzzle"],"acts_visited":["Exordium","Gensokyo:Gensokyo","Gensokyo:Gensokyoer","TheEnding"],"potions_floor_usage":[],"damage_taken":[{"damage":5.0,"enemies":"Gensokyo:2_Kodama","floor":1.0,"turns":4.0},{"damage":19.0,"enemies":"Gensokyo:3_Fairies","floor":2.0,"turns":7.0},{"damage":0.0,"enemies":"Gensokyo:Gryphon","floor":5.0,"turns":7.0},{"damage":0.0,"enemies":"Gensokyo:3_Kodama","floor":7.0,"turns":2.0},{"damage":0.0,"enemies":"Gensokyo:Aya","floor":10.0,"turns":8.0},{"damage":10.0,"enemies":"Gensokyo:Mamizou","floor":13.0,"turns":6.0},{"damage":7.0,"enemies":"Gensokyo:Kokoro","floor":16.0,"turns":11.0},{"damage":0.0,"enemies":"Gensokyo:2_Gloops","floor":18.0,"turns":3.0},{"damage":8.0,"enemies":"Gensokyo:3_Dogs","floor":19.0,"turns":5.0},{"damage":22.0,"enemies":"Gensokyo:Tenshi","floor":23.0,"turns":6.0},{"damage":0.0,"enemies":"Gensokyo:Slime_Group","floor":28.0,"turns":4.0},{"damage":0.0,"enemies":"Gensokyo:Reisen","floor":29.0,"turns":4.0},{"damage":0.0,"enemies":"Gensokyo:Tenshi","floor":30.0,"turns":3.0},{"damage":0.0,"enemies":"Gensokyo:Reisen","floor":31.0,"turns":3.0},{"damage":41.0,"enemies":"Gensokyo:Eiki","floor":33.0,"turns":13.0},{"damage":0.0,"enemies":"Gensokyo:AncientGuardian","floor":35.0,"turns":3.0},{"damage":1.0,"enemies":"Gensokyo:Kasen","floor":40.0,"turns":5.0},{"damage":0.0,"enemies":"Gensokyo:Marisa","floor":41.0,"turns":2.0},{"damage":0.0,"enemies":"Gensokyo:Doremy","floor":42.0,"turns":2.0},{"damage":0.0,"enemies":"Gensokyo:Kasen","floor":44.0,"turns":2.0},{"damage":0.0,"enemies":"Gensokyo:3_Boulders","floor":45.0,"turns":2.0},{"damage":0.0,"enemies":"Gensokyo:Doremy","floor":46.0,"turns":3.0},{"damage":0.0,"enemies":"Gensokyo:Yuyuko","floor":50.0,"turns":5.0},{"damage":0,"enemies":"Shield and Spear","floor":54,"turns":3},{"damage":0,"enemies":"The Heart","floor":55,"turns":8}],"seed_played":"-300312529200268433","potions_obtained":[{"floor":1.0,"key":"Swift Potion"},{"floor":5.0,"key":"AttackPotion"},{"floor":7.0,"key":"Weak Potion"},{"floor":17.0,"key":"SmokeBomb"},{"floor":18.0,"key":"FairyPotion"},{"floor":19.0,"key":"Weak Potion"},{"floor":23.0,"key":"SpeedPotion"},{"floor":35.0,"key":"Dexterity Potion"},{"floor":42.0,"key":"DistilledChaos"}],"is_trial":false,"path_per_floor":["M","M","COS","?","M","R","M","R","T","E","?","R","E","$","R","B",null,"M","M","$","?","?","E","R","R","T","R","M","E","E","E","R","B",null,"M","$","?","T","$","E","E","E","T","E","M","E","R","COS","R","B",null,"R","$","E","B",null],"character_chosen":"DEFECT","items_purchased":["Doom and Gloom","Happy Flower","All For One","Coolheaded+1"],"campfire_rested":3,"item_purchase_floors":[14,20,36,39],"current_hp_per_floor":[59,40,40,6,6,27,27,27,27,27,27,45,35,35,35,28,58,58,50,50,50,50,28,28,46,46,46,46,46,46,46,46,5,42,42,42,42,42,42,41,41,41,51,51,51,51,49,49,49,49,49,49,49,49,49],"gold":58,"neow_bonus":"BOSS_RELIC","is_daily":false,"chose_seed":false,"campfire_upgraded":5,"win_rate":0.0,"timestamp":1609753972,"path_taken":["M","M","COS","?","M","R","?","R","T","E","?","R","E","?","R","BOSS","M","M","$","?","?","E","R","R","T","R","M","E","E","E","R","BOSS","M","$","?","?","?","E","E","E","T","E","M","E","R","COS","R","BOSS","R","$","E","BOSS"],"items_purchased_type":["Card","Relic","Card","Card"],"build_version":"2020-11-30","purchased_purges":2,"victory":true,"max_hp_per_floor":[71,71,71,71,71,71,71,71,71,71,61,61,61,61,61,61,66,66,66,63,63,63,63,60,60,60,60,60,57,54,54,54,54,54,54,54,54,54,51,48,45,42,52,52,52,52,49,49,49,49,49,49,49,49,49],"relic_stats":{"Happy Flower":[22],"counters":[25,121],"CeramicFish":0,"PreservedInsect":632,"Bag of Preparation":[14],"Juzu Bracelet":0,"Orichalcum":[0],"Boot":[6],"Cables":[77,8,33,19,17],"Blood Vial":0,"Nunchaku":[19],"Centennial Puzzle":[0],"Shovel":2,"TheAbacus":[96],"Shuriken":[25],"Ornamental Fan":[96],"Snecko Eye":[201,204,222,235],"Art of War":[3],"Black Star":6,"obtain_stats":[{"Tiny House":17,"CeramicFish":47,"Bag of Preparation":41,"Incense Burner":44,"Juzu Bracelet":46,"Gensokyo:PortableGap":11,"Boot":40,"ClockworkSouvenir":48,"Blood Vial":49,"Nunchaku":13,"Centennial Puzzle":54,"HornCleat":42,"Shovel":44,"TheAbacus":48,"Toxic Egg 2":10,"Cracked Core":0,"Pear":43,"Happy Flower":20,"PreservedInsect":26,"Orichalcum":40,"Akabeko":29,"Cables":9,"keyreminder:keyreminder":23,"Du-Vu Doll":54,"Anchor":23,"DataDisk":46,"Shuriken":41,"Ornamental Fan":42,"Snecko Eye":0,"Bag of Marbles":30,"Art of War":31,"Black Star":34},{"Tiny House":7,"CeramicFish":22,"Bag of Preparation":18,"Incense Burner":20,"Juzu Bracelet":22,"Gensokyo:PortableGap":5,"Boot":17,"ClockworkSouvenir":22,"Blood Vial":22,"Nunchaku":6,"Centennial Puzzle":24,"HornCleat":19,"Shovel":20,"TheAbacus":22,"Toxic Egg 2":5,"Cracked Core":0,"Pear":19,"Happy Flower":9,"PreservedInsect":10,"Orichalcum":17,"Akabeko":12,"Cables":4,"keyreminder:keyreminder":10,"Du-Vu Doll":24,"Anchor":10,"DataDisk":22,"Shuriken":18,"Ornamental Fan":19,"Snecko Eye":0,"Bag of Marbles":13,"Art of War":14,"Black Star":15},{"Tiny House":45,"CeramicFish":105,"Bag of Preparation":96,"Incense Burner":100,"Juzu Bracelet":105,"Gensokyo:PortableGap":28,"Boot":94,"ClockworkSouvenir":105,"Blood Vial":105,"Nunchaku":34,"Centennial Puzzle":113,"HornCleat":98,"Shovel":100,"TheAbacus":105,"Toxic Egg 2":28,"Cracked Core":0,"Pear":98,"Happy Flower":53,"PreservedInsect":59,"Orichalcum":94,"Akabeko":67,"Cables":20,"keyreminder:keyreminder":59,"Du-Vu Doll":113,"Anchor":59,"DataDisk":105,"Shuriken":96,"Ornamental Fan":98,"Snecko Eye":0,"Bag of Marbles":70,"Art of War":73,"Black Star":86}]},"card_choices":[{"not_picked":["Chaos","Loop","Compile Driver"],"picked":"SKIP","floor":1.0},{"not_picked":["Heatsinks","Rip and Tear"],"picked":"Glacier","floor":2.0},{"not_picked":["Gash","Chaos","Hello World"],"picked":"SKIP","floor":5.0},{"not_picked":["Fusion","Scrape"],"picked":"Recycle","floor":7.0},{"not_picked":["Beam Cell","Steam+1","Rebound"],"picked":"SKIP","floor":10.0},{"not_picked":["Beam Cell","Steam+1","Rebound"],"picked":"SKIP","floor":10.0},{"not_picked":["Conserve Battery+1","Streamline"],"picked":"Biased Cognition","floor":13.0},{"not_picked":["Steam+1","Redo+1"],"picked":"Ball Lightning","floor":18.0},{"not_picked":["Auto Shields+1","Consume+1","Compile Driver"],"picked":"SKIP","floor":19.0},{"not_picked":["Scrape","Auto Shields+1"],"picked":"Fusion+1","floor":23.0},{"not_picked":["Go for the Eyes","Beam Cell+1","Leap+1"],"picked":"SKIP","floor":28.0},{"not_picked":["Conserve Battery+1","Heatsinks","Double Energy+1"],"picked":"SKIP","floor":29.0},{"not_picked":["Conserve Battery+1","Heatsinks","Double Energy+1"],"picked":"SKIP","floor":29.0},{"not_picked":["Redo+1","Stack+1","Hyperbeam"],"picked":"SKIP","floor":30.0},{"not_picked":["Go for the Eyes","Reboot+1"],"picked":"Hologram+1","floor":31.0},{"not_picked":["Biased Cognition","All For One"],"picked":"Meteor Strike","floor":33.0},{"not_picked":["Reinforced Body+1","Cold Snap"],"picked":"Hologram+1","floor":35.0},{"not_picked":["Doom and Gloom","Compile Driver","Melter"],"picked":"SKIP","floor":40.0},{"not_picked":["Doom and Gloom","Compile Driver","Melter"],"picked":"SKIP","floor":40.0},{"not_picked":["Blizzard","Barrage","Undo+1"],"picked":"SKIP","floor":41.0},{"not_picked":["Conserve Battery+1","Redo+1"],"picked":"Coolheaded+1","floor":42.0},{"not_picked":["Conserve Battery+1","Ball Lightning"],"picked":"All For One","floor":44.0},{"not_picked":["Steam+1","BootSequence+1"],"picked":"Coolheaded+1","floor":45.0},{"not_picked":["Compile Driver","Rainbow+1","FTL+1"],"picked":"SKIP","floor":46.0},{"not_picked":["Sweeping Beam","Static Discharge","Lockon"],"picked":"SKIP","floor":54}],"player_experience":762949,"relics_obtained":[{"floor":9.0,"key":"Cables"},{"floor":10.0,"key":"Toxic Egg 2"},{"floor":13.0,"key":"Nunchaku"},{"floor":23.0,"key":"Anchor"},{"floor":26.0,"key":"PreservedInsect"},{"floor":29.0,"key":"Akabeko"},{"floor":30.0,"key":"Bag of Marbles"},{"floor":31.0,"key":"Art of War"},{"floor":40.0,"key":"Orichalcum"},{"floor":40.0,"key":"Boot"},{"floor":41.0,"key":"Bag of Preparation"},{"floor":41.0,"key":"Shuriken"},{"floor":42.0,"key":"Ornamental Fan"},{"floor":42.0,"key":"HornCleat"},{"floor":43.0,"key":"Pear"},{"floor":44.0,"key":"Shovel"},{"floor":44.0,"key":"Incense Burner"},{"floor":46.0,"key":"Juzu Bracelet"},{"floor":46.0,"key":"DataDisk"},{"floor":47.0,"key":"CeramicFish"},{"floor":49.0,"key":"Blood Vial"},{"floor":54,"key":"Du-Vu Doll"},{"floor":54,"key":"Centennial Puzzle"}],"event_choices":[],"is_beta":false,"boss_relics":[{"not_picked":["Velvet Choker","Sozu"],"picked":"Tiny House"},{"not_picked":["Coffee Dripper","Inserter"],"picked":"Black Star"}],"items_purged_floors":[14,20],"is_endless":false,"potions_floor_spawned":[1,5,7,18,19,23,28,35,42,44,54],"ascension_level":15}}