{"host":"7koe0iw0zllko92h","time":1609733717,"event":{"mods":["Act Like it!","BaseMod","Colored Powertips","Gensokyo","Marisa????????","Minty Spire (QoL Compilation)","Remilia??????","StSLib","The Servant 0.9.4"],"gold_per_floor":[115,45,65,83,83,113,126,126,126,126,154,173,173,33,33,131,181,201,211,225,33,33,61,92,119,143,143,143,174,174,185,185,288,288,303,319,319,18,32,64,64,77,102,102,3,83,83,111,111,111,111,111,11,40,40],"floor_reached":56,"playtime":6294,"items_purged":[],"score":1416,"play_id":"1289a389-6624-4c14-8aa9-9bb4ad76ede7","local_time":"20210103231517","is_ascension_mode":false,"campfire_choices":[{"floor":8,"key":"REST"},{"floor":15,"key":"REST"},{"floor":27,"key":"REST"},{"floor":30,"key":"REST"},{"floor":32,"key":"RECALL"},{"data":"TricksterDevil","floor":41,"key":"SMITH"},{"data":"ChaoticDestiny","floor":47,"key":"SMITH"},{"floor":49,"key":"REST"},{"data":"Maim","floor":52,"key":"SMITH"}],"circlet_count":0,"master_deck":["Strike_RM","Strike_RM","Strike_RM","Strike_RM+1","Defend_RM+1","Defend_RM+1","Defend_RM+1","Defend_RM","RedMoon","ScarletShoot","ScarletNetherworld+1","MillenniumVampire","ScarletImprint+1","ForecastOfChange","MiserableFate","Clumsy","KillingBlow+1","Stigmanizer","ScarletCoffin+1","VampireFantasy","TwelveNightmare","HunterOfTheNight+1","ScarletDevil+1","BloodRain+1","ScarletDevil","Septette+1","Maim+1","BombardNight+1","Shame","CharismaGuard+1","VampireKiss+1","ChaoticDestiny+1","LeisurelyOfLord+1","Stigmanizer+1","Gensokyo:RPG","StarOfDavid+1","TricksterDevil+1","AfternoonTea","Gensokyo:Shovel","Gensokyo:RustyChest","Gensokyo:TarnishedGold","VampireFantasy+1","UnstableMagic","ScarletDevilSign","VampireKiss+1"],"relics":["ScarletHat","Smiling Mask","Gensokyo:NagashiBinaDoll","AntiCross","Gensokyo:PortableGap","Bird Faced Urn","Tiny House","Tiny Chest","Blue Candle","Ice Cream","Art of War","Akabeko","Shuriken","ScarletEmblem","Strawberry","Lee\u0027s Waffle","Potion Belt","Bag of Marbles","Darkstone Periapt","Happy Flower","Gremlin Horn"],"acts_visited":["Gensokyo:Gensokyo","Gensokyo:Gensokyoer","Gensokyo:Gensokyoest","TheEnding"],"potions_floor_usage":[6,11,16,16,23,24,24,24,25,40,40,48,50],"damage_taken":[{"damage":0.0,"enemies":"Gensokyo:2_Kodama","floor":1.0,"turns":4.0},{"damage":0.0,"enemies":"Gensokyo:3_Fairies","floor":3.0,"turns":4.0},{"damage":0.0,"enemies":"Gensokyo:Python","floor":4.0,"turns":6.0},{"damage":21,"enemies":"Gensokyo:Cirno","floor":6,"turns":11},{"damage":7,"enemies":"Gensokyo:VengefulSpirit","floor":7,"turns":8},{"damage":40,"enemies":"Gensokyo:Mamizou","floor":11,"turns":13},{"damage":2,"enemies":"Gensokyo:5_Fairies","floor":12,"turns":6},{"damage":0,"enemies":"Gensokyo:Yukari","floor":16,"turns":4},{"damage":10,"enemies":"Gensokyo:AngelMirror","floor":18,"turns":4},{"damage":7,"enemies":"Gensokyo:CosmicMonolith","floor":19,"turns":4},{"damage":0,"enemies":"Gensokyo:Slime_Group","floor":20,"turns":6},{"damage":0,"enemies":"Gensokyo:Koishi","floor":23,"turns":6},{"damage":2,"enemies":"Gensokyo:Tenshi","floor":24,"turns":4},{"damage":36,"enemies":"Gensokyo:Reisen","floor":25,"turns":7},{"damage":17,"enemies":"Gensokyo:Koishi","floor":29,"turns":8},{"damage":9,"enemies":"Gensokyo:Wraith","floor":31,"turns":4},{"damage":42,"enemies":"Gensokyo:Eiki","floor":33,"turns":9},{"damage":1,"enemies":"Gensokyo:3_Bats","floor":35,"turns":3},{"damage":2,"enemies":"Gensokyo:AncientGuardian","floor":36,"turns":4},{"damage":3,"enemies":"Gensokyo:AtlasGolem","floor":39,"turns":4},{"damage":0,"enemies":"Gensokyo:Kasen","floor":40,"turns":5},{"damage":13,"enemies":"Gensokyo:Rafflesia","floor":42,"turns":5},{"damage":26,"enemies":"Gensokyo:Doremy","floor":48,"turns":6},{"damage":16,"enemies":"Gensokyo:Yuyuko","floor":50,"turns":3},{"damage":58,"enemies":"Shield and Spear","floor":54,"turns":4},{"damage":51,"enemies":"The Heart","floor":55,"turns":7}],"seed_played":"-5951528813311371753","potions_obtained":[{"floor":1.0,"key":"DestinyDice"},{"floor":7,"key":"ColorlessPotion"},{"floor":11,"key":"SkillPotion"},{"floor":12,"key":"BlessingOfTheForge"},{"floor":17,"key":"LiquidBronze"},{"floor":18,"key":"Strength Potion"},{"floor":18,"key":"BlessingOfTheForge"},{"floor":23,"key":"Strength Potion"},{"floor":24,"key":"DestinyDice"},{"floor":33,"key":"Swift Potion"},{"floor":35,"key":"Strength Potion"},{"floor":39,"key":"FearPotion"},{"floor":40,"key":"Strength Potion"},{"floor":48,"key":"PowerPotion"}],"is_trial":false,"path_per_floor":["M","?","M","M","?","E","M","R","T","?","E","M","?","?","R","B",null,"M","M","M","$","?","E","E","E","T","R","?","E","R","M","R","B",null,"M","M","?","$","M","E","R","M","T","?","COS","T","R","E","R","B",null,"R","$","E","B",null],"character_chosen":"REMILIA","items_purchased":["BloodRain","ScarletDevil","Strawberry","Lee\u0027s Waffle","UnstableMagic","ScarletDevilSign"],"campfire_rested":5,"item_purchase_floors":[21,21,38,38,53,53],"current_hp_per_floor":[82,82,82,82,74,59,55,79,79,79,42,40,40,40,61,71,76,66,67,72,72,70,67,64,32,32,51,51,57,64,57,57,54,64,64,64,64,78,77,78,78,78,78,78,78,75,75,62,75,75,75,75,75,31,41],"gold":40,"neow_bonus":"TEN_PERCENT_HP_BONUS","is_daily":false,"chose_seed":false,"campfire_upgraded":3,"win_rate":0.0,"timestamp":1609733717,"path_taken":["M","?","M","?","?","E","M","R","T","?","E","M","?","?","R","BOSS","M","M","M","$","?","E","E","E","T","R","?","E","R","M","R","BOSS","M","M","?","$","M","E","R","M","T","?","COS","?","R","E","R","BOSS","R","$","E","BOSS"],"items_purchased_type":["Card","Card","Relic","Relic","Card","Card"],"build_version":"2020-12-22","purchased_purges":0,"victory":true,"max_hp_per_floor":[82,82,82,82,82,82,82,82,82,82,82,82,71,71,71,71,76,76,76,76,76,70,67,64,64,64,64,64,64,64,64,64,64,64,64,64,64,78,78,78,78,78,78,78,78,75,75,75,75,75,75,75,75,75,75],"card_choices":[{"not_picked":["ChainGang","ScarletDevil"],"picked":"ScarletNetherworld","floor":1.0},{"not_picked":["VampireKiss","ScarletDevil"],"picked":"MillenniumVampire","floor":3.0},{"not_picked":["RedRainbow","UnderTheZenith"],"picked":"ScarletImprint","floor":4.0},{"not_picked":["ScarletImprint","BombardNight"],"picked":"ForecastOfChange","floor":6},{"not_picked":["CharismaGuard","MastersStateliness"],"picked":"MiserableFate","floor":7},{"not_picked":["HunterOfTheNight","MillenniumVampire"],"picked":"KillingBlow","floor":11},{"not_picked":["ScarletImprint","BombardNight"],"picked":"Stigmanizer","floor":12},{"not_picked":["BatForm","CeilingFear"],"picked":"ScarletCoffin","floor":16},{"not_picked":["FavorOfDestiny","VampirishNight"],"picked":"VampireFantasy","floor":17},{"not_picked":["FavorOfDestiny","VampireKiss"],"picked":"TwelveNightmare","floor":18},{"not_picked":["BloodAndWine","BloodyTrap"],"picked":"HunterOfTheNight","floor":19},{"not_picked":["AfternoonTea","BombardNight"],"picked":"ScarletDevil+1","floor":20},{"not_picked":["CeilingFear","NightDance+1"],"picked":"Septette+1","floor":23},{"not_picked":["HellCatastrophe","ScarletDevil"],"picked":"Maim","floor":24},{"not_picked":["RedMagic","NightDance"],"picked":"BombardNight+1","floor":25},{"not_picked":["BadLadyScramble","MastersStateliness"],"picked":"CharismaGuard+1","floor":29},{"not_picked":["RedMagic","GlobalNightmare+1"],"picked":"VampireKiss+1","floor":31},{"not_picked":["ForecastOfChange","KillingBlow"],"picked":"ChaoticDestiny","floor":33},{"not_picked":["GlobalNightmare+1","ScarletGensokyo"],"picked":"LeisurelyOfLord+1","floor":35},{"not_picked":["MastersStateliness+1","GlobalNightmare+1"],"picked":"Stigmanizer+1","floor":36},{"not_picked":["NightDance","BombardNight"],"picked":"StarOfDavid+1","floor":39},{"not_picked":["ScarletNetherworld","CharismaGuard"],"picked":"TricksterDevil","floor":40},{"not_picked":["NightDance+1","VampireClaw"],"picked":"AfternoonTea","floor":42},{"not_picked":["TwelveNightmare+1","MastersStateliness"],"picked":"VampireFantasy","floor":48},{"not_picked":["AfternoonTea","RedRainbow"],"picked":"VampireKiss+1","floor":54}],"player_experience":670165,"relics_obtained":[{"floor":6,"key":"Smiling Mask"},{"floor":11,"key":"AntiCross"},{"floor":23,"key":"Blue Candle"},{"floor":24,"key":"Ice Cream"},{"floor":25,"key":"Art of War"},{"floor":26,"key":"Akabeko"},{"floor":29,"key":"Shuriken"},{"floor":40,"key":"Potion Belt"},{"floor":43,"key":"Bag of Marbles"},{"floor":46,"key":"Darkstone Periapt"},{"floor":48,"key":"Happy Flower"},{"floor":54,"key":"Gremlin Horn"}],"event_choices":[],"is_beta":false,"boss_relics":[{"not_picked":["Runic Pyramid","SacredBark"],"picked":"Tiny House"},{"not_picked":["Black Star","Cursed Key"],"picked":"ScarletEmblem"}],"items_purged_floors":[],"is_endless":false,"potions_floor_spawned":[1,7,11,12,18,20,23,24,33,39,40,48],"ascension_level":0}}