{"host":"w0kqlntohdoatj1w","time":1609796363,"event":{"mods":["AchievementEnabler","BaseMod","Minty Spire (QoL Compilation)"],"gold_per_floor":[109,123,53,69,69,69,30,48,48,68,68,68,78,98,98,200,200,216,232,242,253,334,334,351,37,37,37,47,62,76,76,76],"floor_reached":31,"playtime":5680,"items_purged":["Strike_B"],"score":235,"play_id":"d02f2721-b3c6-42f6-967a-631fc85115e2","local_time":"20210104153923","is_ascension_mode":false,"campfire_choices":[{"data":"Heatsinks","floor":6.0,"key":"SMITH"},{"data":"Chill","floor":12.0,"key":"SMITH"},{"data":"Darkness","floor":15,"key":"SMITH"},{"data":"Sunder","floor":23,"key":"SMITH"}],"circlet_count":0,"master_deck":["Strike_B","Defend_B","Defend_B","Defend_B","Defend_B","Zap","Dualcast+1","Blizzard+1","BootSequence","Heatsinks+1","Compile Driver","Self Repair","Chill+1","Darkness+1","Decay","Rebound","Static Discharge","Meteor Strike","Go for the Eyes","Sweeping Beam","Sunder+1","Coolheaded+1","Hello World","Creative AI","BootSequence","Double Energy","Beam Cell+1","Conserve Battery","Redo+1"],"relics":["Cracked Core","Bag of Preparation","Empty Cage","Matryoshka","Mercury Hourglass","Tiny Chest"],"acts_visited":["Exordium","TheCity"],"potions_floor_usage":[31,31],"damage_taken":[{"damage":5.0,"enemies":"Small Slimes","floor":1.0,"turns":3.0},{"damage":0.0,"enemies":"2 Louse","floor":2.0,"turns":3.0},{"damage":1.0,"enemies":"Cultist","floor":4.0,"turns":3.0},{"damage":5.0,"enemies":"Red Slaver","floor":8.0,"turns":4.0},{"damage":20.0,"enemies":"Exordium Thugs","floor":10.0,"turns":5.0},{"damage":0.0,"enemies":"Lots of Slimes","floor":13.0,"turns":3.0},{"damage":2.0,"enemies":"Exordium Wildlife","floor":14.0,"turns":5.0},{"damage":42,"enemies":"Hexaghost","floor":16,"turns":8},{"damage":22,"enemies":"Spheric Guardian","floor":18,"turns":4},{"damage":23,"enemies":"3 Byrds","floor":19,"turns":4},{"damage":15,"enemies":"Cultist and Chosen","floor":20,"turns":6},{"damage":21,"enemies":"3 Cultists","floor":21,"turns":4},{"damage":21,"enemies":"Chosen and Byrds","floor":24,"turns":5},{"damage":28,"enemies":"Centurion and Healer","floor":28,"turns":8},{"damage":17,"enemies":"Snake Plant","floor":29,"turns":4},{"damage":0,"enemies":"Cultist and Chosen","floor":30,"turns":4},{"damage":26,"enemies":"Snecko","floor":31,"turns":5}],"seed_played":"4111405962911313619","potions_obtained":[{"floor":8.0,"key":"AttackPotion"},{"floor":10.0,"key":"SneckoOil"},{"floor":13.0,"key":"FairyPotion"},{"floor":14.0,"key":"Energy Potion"},{"floor":20,"key":"PowerPotion"},{"floor":30,"key":"Explosive Potion"}],"is_trial":false,"path_per_floor":["M","M","$","M","?","R","$","M","T","M","?","R","M","M","R","B",null,"M","M","M","M","T","R","M","$","T","$","M","M","M","M"],"character_chosen":"DEFECT","items_purchased":["Heatsinks","Self Repair","Creative AI","BootSequence","Double Energy"],"campfire_rested":0,"item_purchase_floors":[3,7,25,25,25],"current_hp_per_floor":[77,77,77,76,60,60,60,62,62,49,49,49,56,61,61,19,82,67,51,43,29,29,29,15,15,15,15,18,8,15,0,0],"gold":76,"neow_bonus":"TEN_PERCENT_HP_BONUS","is_daily":false,"chose_seed":false,"campfire_upgraded":4,"win_rate":0.0,"timestamp":1609796363,"path_taken":["M","M","$","M","?","R","$","M","T","M","?","R","M","M","R","BOSS","M","?","M","M","?","R","M","$","T","?","M","?","?","M"],"items_purchased_type":["Card","Card","Card","Card","Card"],"build_version":"2020-12-22","purchased_purges":1,"victory":false,"max_hp_per_floor":[82,82,82,82,82,82,82,82,82,82,82,82,82,82,82,82,82,82,82,82,82,82,82,82,82,82,82,82,82,82,82,82],"card_choices":[{"not_picked":["Gash","Beam Cell"],"picked":"Blizzard","floor":1.0},{"not_picked":["Redo","Barrage"],"picked":"BootSequence","floor":2.0},{"not_picked":["Streamline","Scrape"],"picked":"Compile Driver","floor":4.0},{"not_picked":["Reinforced Body","Double Energy"],"picked":"Chill","floor":8.0},{"not_picked":["Multi-Cast","Steam"],"picked":"Darkness","floor":10.0},{"not_picked":["Barrage","Compile Driver"],"picked":"Rebound","floor":13.0},{"not_picked":["Conserve Battery","Gash"],"picked":"Static Discharge","floor":14.0},{"not_picked":["Rainbow","Amplify"],"picked":"Meteor Strike","floor":16},{"not_picked":["Beam Cell","Reprogram+1"],"picked":"Go for the Eyes","floor":18},{"not_picked":["Go for the Eyes","Streamline+1"],"picked":"Sweeping Beam","floor":19},{"not_picked":["Compile Driver","Leap+1"],"picked":"Sunder","floor":20},{"not_picked":["White Noise","Sunder+1"],"picked":"Coolheaded+1","floor":21},{"not_picked":["Rebound+1","Steam+1"],"picked":"Hello World","floor":24},{"not_picked":["Auto Shields+1","Rebound"],"picked":"Beam Cell+1","floor":28},{"not_picked":["Sunder","Leap+1"],"picked":"Conserve Battery","floor":29},{"not_picked":["White Noise","Steam Power"],"picked":"Redo+1","floor":30}],"player_experience":75467,"relics_obtained":[{"floor":9.0,"key":"Bag of Preparation"},{"floor":22,"key":"Matryoshka"},{"floor":26,"key":"Mercury Hourglass"},{"floor":26,"key":"Tiny Chest"}],"event_choices":[{"damage_healed":0.0,"max_hp_gain":0.0,"max_hp_loss":0.0,"gold_gain":0.0,"event_name":"Shining Light","player_choice":"Entered Light","floor":5.0,"gold_loss":0.0,"damage_taken":16.0,"cards_upgraded":["Dualcast","Blizzard"]},{"damage_healed":0.0,"max_hp_gain":0.0,"max_hp_loss":0.0,"gold_gain":0.0,"event_name":"Wheel of Change","player_choice":"Cursed","floor":11.0,"gold_loss":0.0,"damage_taken":0.0,"cards_obtained":["Decay"]}],"is_beta":false,"boss_relics":[{"not_picked":["Runic Pyramid","SacredBark"],"picked":"Empty Cage"}],"items_purged_floors":[25],"is_endless":false,"potions_floor_spawned":[8,10,13,14,18,19,20,21,30],"killed_by":"Snecko","ascension_level":0}}