{"host":"q9szs7qndgdlcq24","time":1609774686,"event":{"mods":["AchievementEnabler","BaseMod","Bestiary","Colored Powertips","DeckTracker","Minty Spire (QoL Compilation)","Random Character Button","StSLib"],"gold_per_floor":[110,127,137,137,137,137,163,163,189,207,39,39,57,73,73,177,177,192,203,219,79,178,178,192,209,209,134,146,146,146],"floor_reached":29,"playtime":1579,"items_purged":["Strike_G","Strike_G"],"score":229,"play_id":"d97b9fb4-8c76-48ee-b800-c31b305f1380","local_time":"20210104183806","is_ascension_mode":false,"campfire_choices":[{"data":"Riddle With Holes","floor":6,"key":"SMITH"},{"floor":8,"key":"REST"},{"data":"Blade Dance","floor":12,"key":"SMITH"},{"floor":15,"key":"REST"},{"floor":23,"key":"REST"}],"circlet_count":0,"master_deck":["Strike_G","Strike_G","Defend_G","Defend_G","Defend_G","Defend_G+1","Defend_G","Survivor+1","Neutralize","Blade Dance+1","Riddle With Holes+1","Infinite Blades","Noxious Fumes","PiercingWail","Dash","Bane","Dagger Spray","Quick Slash","Corpse Explosion","Poisoned Stab","Dagger Spray","Infinite Blades","Deflect+1","Deadly Poison","Slice+1"],"relics":["Ring of the Serpent","NeowsBlessing","FaceOfCleric","War Paint","Boot","Bag of Preparation"],"acts_visited":["Exordium","TheCity"],"potions_floor_usage":[18,29],"damage_taken":[{"damage":0,"enemies":"Cultist","floor":1,"turns":1},{"damage":0,"enemies":"Jaw Worm","floor":2,"turns":1},{"damage":0,"enemies":"2 Louse","floor":3,"turns":1},{"damage":23,"enemies":"3 Sentries","floor":7,"turns":10},{"damage":6,"enemies":"Gremlin Gang","floor":10,"turns":4},{"damage":0,"enemies":"2 Fungi Beasts","floor":13,"turns":2},{"damage":12,"enemies":"Large Slime","floor":14,"turns":5},{"damage":7,"enemies":"Slime Boss","floor":16,"turns":9},{"damage":17,"enemies":"Spheric Guardian","floor":18,"turns":4},{"damage":12,"enemies":"3 Byrds","floor":19,"turns":4},{"damage":0,"enemies":"3 Cultists","floor":20,"turns":3},{"damage":16,"enemies":"Snecko","floor":24,"turns":5},{"damage":41,"enemies":"Snake Plant","floor":25,"turns":5},{"damage":5,"enemies":"Chosen and Byrds","floor":28,"turns":6},{"damage":16,"enemies":"Book of Stabbing","floor":29,"turns":4}],"seed_played":"-3916538780856489269","potions_obtained":[{"floor":10,"key":"Energy Potion"},{"floor":14,"key":"Fire Potion"},{"floor":16,"key":"SmokeBomb"},{"floor":20,"key":"LiquidBronze"},{"floor":25,"key":"CultistPotion"}],"is_trial":false,"path_per_floor":["M","M","M","?","?","R","E","R","T","M","$","R","M","M","R","B",null,"M","M","M","$","?","R","M","M","T","?","M","E"],"character_chosen":"THE_SILENT","items_purchased":["Dash","Bane","Infinite Blades"],"campfire_rested":3,"item_purchase_floors":[11,11,21],"current_hp_per_floor":[70,70,70,70,70,70,48,69,69,64,64,64,65,54,74,68,75,59,48,49,49,49,72,57,17,17,17,13,0,0],"gold":146,"neow_bonus":"THREE_ENEMY_KILL","is_daily":false,"chose_seed":false,"campfire_upgraded":2,"win_rate":0.0,"timestamp":1609774686,"path_taken":["M","M","?","?","?","R","E","R","T","M","$","R","M","M","R","BOSS","M","?","M","$","?","R","M","M","T","?","M","E"],"items_purchased_type":["Card","Card","Card"],"build_version":"2020-12-22","purchased_purges":2,"victory":false,"max_hp_per_floor":[70,70,70,70,70,70,71,71,71,72,72,72,73,74,74,75,75,76,77,78,78,78,78,79,80,80,80,81,81,81],"card_choices":[{"not_picked":["Deflect","Bane"],"picked":"Blade Dance","floor":1},{"not_picked":["Backflip","Heel Hook"],"picked":"Riddle With Holes","floor":2},{"not_picked":["Poisoned Stab","Dodge and Roll"],"picked":"Infinite Blades","floor":3},{"not_picked":["Slice","Dagger Throw"],"picked":"Noxious Fumes","floor":7},{"not_picked":["Catalyst","Expertise"],"picked":"PiercingWail","floor":10},{"not_picked":["Sucker Punch","Crippling Poison"],"picked":"Dagger Spray","floor":13},{"not_picked":["Tactician","Dash"],"picked":"Quick Slash","floor":14},{"not_picked":["Tools of the Trade","Wraith Form v2"],"picked":"Corpse Explosion","floor":16},{"not_picked":["PiercingWail","Prepared","Acrobatics"],"picked":"SKIP","floor":18},{"not_picked":["Leg Sweep","Underhanded Strike"],"picked":"Poisoned Stab","floor":19},{"not_picked":["Dagger Throw","Distraction"],"picked":"Dagger Spray","floor":20},{"not_picked":["Catalyst","Well Laid Plans"],"picked":"Deflect+1","floor":24},{"not_picked":["Dagger Throw","Prepared"],"picked":"Deadly Poison","floor":25},{"not_picked":["Prepared","Tools of the Trade"],"picked":"Slice+1","floor":28}],"player_experience":24353,"relics_obtained":[{"floor":7,"key":"War Paint"},{"floor":9,"key":"Boot"},{"floor":26,"key":"Bag of Preparation"}],"event_choices":[{"damage_healed":0,"gold_gain":0,"player_choice":"Ignored","damage_taken":0,"max_hp_gain":0,"max_hp_loss":0,"event_name":"Liars Game","floor":4,"gold_loss":0},{"damage_healed":0,"gold_gain":0,"player_choice":"Trade","damage_taken":0,"relics_obtained":["FaceOfCleric"],"max_hp_gain":0,"max_hp_loss":0,"event_name":"FaceTrader","floor":5,"gold_loss":0},{"damage_healed":0,"gold_gain":99,"player_choice":"Stole From Cult","damage_taken":0,"max_hp_gain":0,"max_hp_loss":0,"event_name":"Nest","floor":22,"gold_loss":0},{"cards_removed":["Strike_G"],"damage_healed":0,"gold_gain":0,"player_choice":"Gave Gold","damage_taken":0,"max_hp_gain":0,"max_hp_loss":0,"event_name":"Beggar","floor":27,"gold_loss":75}],"is_beta":false,"boss_relics":[{"not_picked":["Ectoplasm","Snecko Eye"],"picked":"Ring of the Serpent"}],"items_purged_floors":[11,21],"is_endless":false,"potions_floor_spawned":[10,14,16,20,25,28],"killed_by":"Book of Stabbing","ascension_level":0}}