{"host":"2se5dq1do2gp0x9k","time":1609785798,"event":{"mods":["BaseMod","Block Reminder","Colored Map","Colored Powertips","Minty Spire (QoL Compilation)","Relic Stats","StSLib","SuperFastMode","Synergy Search"],"gold_per_floor":[112,1,17,17,17,49,63,63,63,138,163,63,98,111,111,214,214,233,243,92,123,135,135,149,175,175,175,195,195,226,241,241,271,271],"floor_reached":33,"playtime":2428,"items_purged":["Defend_P","Strike_P"],"score":608,"play_id":"5de69f0b-6414-447a-8ac5-4490f4d359d8","local_time":"20210104104318","is_ascension_mode":true,"campfire_choices":[{"data":"WheelKick","floor":15.0,"key":"SMITH"},{"data":"Blasphemy","floor":23.0,"key":"SMITH"},{"data":"Ragnarok","floor":32,"key":"SMITH"}],"circlet_count":0,"master_deck":["AscendersBane","Strike_P+1","Defend_P+1","Defend_P+1","Defend_P+1","Eruption","Vigilance","Swivel","Tantrum","EmptyFist","FlyingSleeves+1","Protect","Worship+1","Swivel","WheelKick+1","Blasphemy+1","CurseOfTheBell","CutThroughFate+1","Wish+1","LessonLearned","Crescendo+1","Ragnarok+1"],"relics":["Snecko Eye","Bottled Lightning","Mercury Hourglass","Letter Opener","Frozen Egg 2","MealTicket","Calling Bell","Regal Pillow","Mummified Hand","Torii","Red Mask","Unceasing Top","GoldenEye","Art of War"],"acts_visited":["Exordium","TheCity"],"potions_floor_usage":[33],"damage_taken":[{"damage":7.0,"enemies":"Jaw Worm","floor":1.0,"turns":2.0},{"damage":0.0,"enemies":"2 Louse","floor":3.0,"turns":3.0},{"damage":4.0,"enemies":"Lagavulin","floor":6.0,"turns":4.0},{"damage":0.0,"enemies":"Cultist","floor":7.0,"turns":2.0},{"damage":0.0,"enemies":"Gremlin Nob","floor":11.0,"turns":2.0},{"damage":7.0,"enemies":"Lagavulin","floor":13.0,"turns":5.0},{"damage":0.0,"enemies":"3 Louse","floor":14.0,"turns":2.0},{"damage":0.0,"enemies":"Slime Boss","floor":16.0,"turns":5.0},{"damage":13.0,"enemies":"2 Thieves","floor":18.0,"turns":5.0},{"damage":1.0,"enemies":"Shell Parasite","floor":19.0,"turns":3.0},{"damage":9.0,"enemies":"Masked Bandits","floor":21.0,"turns":4.0},{"damage":18.0,"enemies":"Cultist and Chosen","floor":22.0,"turns":6.0},{"damage":25.0,"enemies":"3 Cultists","floor":24.0,"turns":4.0},{"damage":2.0,"enemies":"Book of Stabbing","floor":25.0,"turns":4.0},{"damage":1.0,"enemies":"Centurion and Healer","floor":28.0,"turns":4.0},{"damage":8,"enemies":"Slavers","floor":30,"turns":5},{"damage":9,"enemies":"Snake Plant","floor":31,"turns":4},{"damage":100104,"enemies":"Collector","floor":33,"turns":6}],"seed_played":"-5652438071253777510","potions_obtained":[{"floor":1.0,"key":"Dexterity Potion"},{"floor":6.0,"key":"FairyPotion"},{"floor":11.0,"key":"Block Potion"},{"floor":22.0,"key":"Swift Potion"},{"floor":30,"key":"BottledMiracle"}],"is_trial":false,"path_per_floor":["M","$","M","?","?","E","M","T","T","?","E","$","E","M","R","B",null,"M","M","$","?","M","R","M","E","T","?","M","?","E","M","R","B"],"character_chosen":"WATCHER","items_purchased":["Tantrum","Wish"],"campfire_rested":0,"item_purchase_floors":[2,20],"current_hp_per_floor":[58,58,58,51,51,47,47,47,47,36,36,36,29,29,29,29,61,48,47,62,53,35,35,10,8,8,8,7,82,74,65,65,0,0],"gold":271,"neow_bonus":"BOSS_RELIC","is_daily":false,"chose_seed":false,"campfire_upgraded":3,"win_rate":0.0,"timestamp":1609785798,"path_taken":["M","$","M","?","?","E","M","?","T","?","E","?","E","?","R","BOSS","M","M","$","?","M","R","M","E","T","?","M","?","E","M","R","BOSS"],"items_purchased_type":["Card","Card"],"build_version":"2020-12-22","purchased_purges":2,"victory":false,"max_hp_per_floor":[72,72,72,72,72,72,72,72,72,72,72,72,72,72,72,72,72,72,72,72,72,72,72,72,72,72,72,72,82,82,82,82,82,82],"relic_stats":{"Regal Pillow":0,"Torii":17,"counters":[18,69],"Mummified Hand":[0],"Snecko Eye":[105,134,120,109],"MealTicket":15,"Art of War":[2],"Letter Opener":[76],"GoldenEye":[6],"obtain_stats":[{"Regal Pillow":17,"Torii":17,"Letter Opener":9,"Frozen Egg 2":11,"GoldenEye":26,"Mercury Hourglass":8,"Calling Bell":17,"Mummified Hand":17,"Snecko Eye":0,"MealTicket":13,"Red Mask":21,"Art of War":30,"Bottled Lightning":6,"PureWater":0,"Unceasing Top":25},{"Regal Pillow":8,"Torii":8,"Letter Opener":4,"Frozen Egg 2":5,"GoldenEye":14,"Mercury Hourglass":4,"Calling Bell":8,"Mummified Hand":8,"Snecko Eye":0,"MealTicket":6,"Red Mask":11,"Art of War":16,"Bottled Lightning":3,"PureWater":0,"Unceasing Top":14},{"Regal Pillow":25,"Torii":25,"Letter Opener":11,"Frozen Egg 2":13,"GoldenEye":51,"Mercury Hourglass":11,"Calling Bell":25,"Mummified Hand":25,"Snecko Eye":0,"MealTicket":18,"Red Mask":37,"Art of War":60,"Bottled Lightning":9,"PureWater":0,"Unceasing Top":51}],"Unceasing Top":[0],"Mercury Hourglass":[265]},"card_choices":[{"not_picked":["Prostrate","PathToVictory"],"picked":"Swivel","floor":1.0},{"not_picked":["Nirvana","EmptyMind"],"picked":"EmptyFist","floor":3.0},{"not_picked":["Prostrate","Collect"],"picked":"ConjureBlade","floor":6.0},{"not_picked":["Evaluate","EmptyFist"],"picked":"Protect","floor":7.0},{"not_picked":["Halt","Evaluate"],"picked":"Worship","floor":11.0},{"not_picked":["Crescendo","SashWhip"],"picked":"Swivel","floor":13.0},{"not_picked":["EmptyBody","BattleHymn+1"],"picked":"WheelKick","floor":14.0},{"not_picked":["ConjureBlade","Brilliance"],"picked":"Blasphemy","floor":16.0},{"not_picked":["FlurryOfBlows","Crescendo"],"picked":"CutThroughFate","floor":18.0},{"not_picked":["Crescendo","CrushJoints","FlurryOfBlows"],"picked":"SKIP","floor":19.0},{"not_picked":["Halt","LikeWater+1"],"picked":"LessonLearned","floor":21.0},{"not_picked":["BowlingBash","Evaluate","PathToVictory"],"picked":"SKIP","floor":22.0},{"not_picked":["Prostrate","BowlingBash+1","PathToVictory"],"picked":"SKIP","floor":24.0},{"not_picked":["EmptyBody","SashWhip"],"picked":"Crescendo+1","floor":25.0},{"not_picked":["LessonLearned","CutThroughFate","BowlingBash"],"picked":"SKIP","floor":28.0},{"not_picked":["JustLucky","SignatureMove","EmptyFist"],"picked":"SKIP","floor":30},{"not_picked":["EmptyBody+1","Halt"],"picked":"Ragnarok","floor":31}],"player_experience":3766702,"relics_obtained":[{"floor":6.0,"key":"Bottled Lightning"},{"floor":8.0,"key":"Mercury Hourglass"},{"floor":9.0,"key":"Letter Opener"},{"floor":11.0,"key":"Frozen Egg 2"},{"floor":13.0,"key":"MealTicket"},{"floor":17.0,"key":"Regal Pillow"},{"floor":17.0,"key":"Mummified Hand"},{"floor":17.0,"key":"Torii"},{"floor":21.0,"key":"Red Mask"},{"floor":25.0,"key":"Unceasing Top"},{"floor":26.0,"key":"GoldenEye"},{"floor":30,"key":"Art of War"}],"event_choices":[{"cards_removed":["Strike_P"],"damage_healed":0.0,"max_hp_gain":0.0,"max_hp_loss":0.0,"gold_gain":0.0,"event_name":"Golden Wing","player_choice":"Card Removal","floor":4.0,"gold_loss":0.0,"damage_taken":7.0},{"damage_healed":0.0,"max_hp_gain":0.0,"max_hp_loss":0.0,"gold_gain":0.0,"cards_transformed":["Strike_P"],"event_name":"Living Wall","player_choice":"Change","floor":5.0,"gold_loss":0.0,"damage_taken":0.0,"cards_obtained":["FlyingSleeves"]},{"damage_healed":0.0,"max_hp_gain":0.0,"max_hp_loss":0.0,"gold_gain":75.0,"event_name":"World of Goop","player_choice":"Gather Gold","floor":10.0,"gold_loss":0.0,"damage_taken":11.0},{"damage_healed":0.0,"max_hp_gain":0.0,"max_hp_loss":0.0,"gold_gain":0.0,"event_name":"Masked Bandits","player_choice":"Fought Bandits","floor":21.0,"gold_loss":0.0,"damage_taken":0.0},{"damage_healed":0.0,"max_hp_gain":0.0,"max_hp_loss":0.0,"gold_gain":0.0,"event_name":"Back to Basics","player_choice":"Simplicity","floor":27.0,"gold_loss":0.0,"damage_taken":0.0,"cards_upgraded":["Strike_P","Defend_P","Defend_P","Defend_P"]},{"cards_removed":["ConjureBlade"],"damage_healed":65.0,"max_hp_gain":10.0,"max_hp_loss":0.0,"gold_gain":0.0,"event_name":"Bonfire Elementals","player_choice":"Offered Rare","floor":29.0,"gold_loss":0.0,"damage_taken":0.0}],"is_beta":false,"boss_relics":[{"not_picked":["SacredBark","Runic Dome"],"picked":"Calling Bell"}],"items_purged_floors":[2,12],"is_endless":false,"potions_floor_spawned":[1,6,11,19,22,30],"killed_by":"Collector","ascension_level":12}}