{"host":"ox77rn1xcurm2t5a","time":1609723465,"event":{"mods":["2.2 Compatiblity","AchievementEnabler","Act Like it!","Aspiration","BaseMod","Best Route Mod","Better Match","Better Note","Better Sensory Stone","Block Reminder","Colored Map","Colored Powertips","Conjunction","Conspire","Custom Start","Energized Spire","GifTheSpireLib","Gold Saver","Gremlin Skip","Halation","Highlight Path","Hubris","Infinite Spire","Minty Spire (QoL Compilation)","Pale of the Ancients","Quick Restart","Replay The Spire","Reworked Bosses","ShortenTheSpire","Spire Exporter","StSLib","Stuff the Spire","Wandering Minibosses","vexMod"],"gold_per_floor":[331,331,296,273,283,283,318,317,317,352,352,352,378,387,387,480,480,493,493,504,10,58,78,78,98,98,856,872,901,349,376,376,480,480,496,496,496,541,541,541,566,566,566,566,577,597,597,628,628,628,628,628,202,230,230],"floor_reached":56,"playtime":1982,"items_purged":["Strike_B","Strike_B","Strike_B","Defend_B"],"score":1998,"play_id":"7186d726-765d-4b3d-89e2-f303654c9409","local_time":"20210104032425","is_ascension_mode":true,"campfire_choices":[{"data":"Zap","floor":6.0,"key":"SMITH"},{"floor":11.0,"key":"RECALL"},{"data":"Capacitor","floor":24.0,"key":"SMITH"},{"floor":32.0,"key":"REST"},{"data":"Dualcast","floor":40.0,"key":"SMITH"},{"data":"Cold Snap","floor":42.0,"key":"SMITH"},{"data":"Storm","floor":44.0,"key":"SMITH"},{"data":"Strike_B","floor":49,"key":"SMITH"},{"floor":52,"key":"REST"}],"circlet_count":0,"master_deck":["AscendersBane","Strike_B+1","Defend_B+1","Defend_B","Defend_B+1","Zap+1","Dualcast+1","Hologram","Cold Snap+1","Capacitor+1","Biased Cognition+1","Cold Snap+1","Redo+1","Electrodynamics+1","Gash+1","Storm+1","Conserve Battery+1","Chill+1","Echo Form+1","Storm+1","Hologram+1","Cold Snap+1","Ball Lightning+1","Chill+1"],"relics":["Cracked Core","NeowsBlessing","infinitespire:BottledMercury","Matryoshka","Tiny Chest","Replay:Rubber Ducky","halation:KoshaPiece","aspiration:PoetsPen_weak","vexMod:FocusSash","Anchor","Smiling Mask","halation:Toothbrush","infinitespire:Freezer","Omamori","Solar Panel","wanderingMiniBosses:MasterThiefsPresence","Oddly Smooth Stone","aspiration:HummingbirdHeart","Gremlin Food","Toy Ornithopter","conspire:SpecialSausage","Guide Book","hubris:CuriousFeather","Mercury Hourglass","InkBottle","StuffTheSpire:ForceGauntlet","Kunai","StuffTheSpire:MayFlowers","halation:BottledLove"],"acts_visited":["Exordium","TheCity","TheBeyond","TheEnding"],"potions_floor_usage":[50,55],"damage_taken":[{"damage":0.0,"enemies":"Cultist","floor":1.0,"turns":1.0},{"damage":0.0,"enemies":"2 Louse","floor":5.0,"turns":1.0},{"damage":0.0,"enemies":"Lagavulin","floor":7.0,"turns":1.0},{"damage":2.0,"enemies":"Jaw Worm","floor":8.0,"turns":5.0},{"damage":17.0,"enemies":"Gremlin Nob","floor":10.0,"turns":4.0},{"damage":28.0,"enemies":"Lagavulin","floor":13.0,"turns":7.0},{"damage":0.0,"enemies":"Large Slime","floor":14.0,"turns":4.0},{"damage":35.0,"enemies":"Slime Boss","floor":16.0,"turns":13.0},{"damage":6.0,"enemies":"Shell Parasite","floor":18.0,"turns":6.0},{"damage":2.0,"enemies":"3 Byrds","floor":20.0,"turns":4.0},{"damage":22.0,"enemies":"Replay:Snechameleon","floor":23.0,"turns":7.0},{"damage":25.0,"enemies":"Book of Stabbing","floor":25.0,"turns":8.0},{"damage":0.0,"enemies":"3 Cultists","floor":27.0,"turns":5.0},{"damage":3.0,"enemies":"Snake Plant","floor":28.0,"turns":4.0},{"damage":3.0,"enemies":"Slavers","floor":29.0,"turns":4.0},{"damage":11.0,"enemies":"Book of Stabbing","floor":31.0,"turns":5.0},{"damage":23.0,"enemies":"bossMod:newCollector","floor":33.0,"turns":13.0},{"damage":0.0,"enemies":"Orb Walker","floor":35.0,"turns":4.0},{"damage":0.0,"enemies":"2 Orb Walkers","floor":38.0,"turns":4.0},{"damage":0.0,"enemies":"R_Hoarder","floor":41.0,"turns":5.0},{"damage":0.0,"enemies":"3 Darklings","floor":45.0,"turns":2.0},{"damage":0.0,"enemies":"4 Shapes","floor":46.0,"turns":3.0},{"damage":0,"enemies":"Nightmare","floor":48,"turns":6},{"damage":49,"enemies":"conspire:OrnateMirror","floor":50,"turns":8},{"damage":44,"enemies":"Shield and Spear","floor":54,"turns":8},{"damage":76,"enemies":"The Heart","floor":55,"turns":10}],"seed_played":"6128213952094816791","potions_obtained":[{"floor":1.0,"key":"Block Potion"},{"floor":16.0,"key":"Block Potion"},{"floor":18.0,"key":"AttackPotion"},{"floor":23.0,"key":"Adrenaline Potion"},{"floor":27.0,"key":"AttackPotion"},{"floor":28.0,"key":"FearPotion"},{"floor":35.0,"key":"Swift Potion"},{"floor":38.0,"key":"Regen Potion"},{"floor":45.0,"key":"SteroidPotion"}],"is_trial":false,"path_per_floor":["M","?","?","?","M","R","E","M","T","E","R","?","E","M","R_BF","B",null,"M","?","M","$","T","E","R","E","T","M","M","E","$","E","R","B",null,"M","AVR","?","?","T","R","E","R","T","R","M","M","?","NM","R","B",null,"R","$","E","B",null],"character_chosen":"DEFECT","items_purchased":["Electrodynamics+1","vexMod:FocusSash","Anchor","aspiration:HummingbirdHeart","Gremlin Food","Conserve Battery+1","Regen Potion","StuffTheSpire:MayFlowers","Regen Potion"],"campfire_rested":2,"item_purchase_floors":[21,21,21,30,30,30,30,53,53],"current_hp_per_floor":[68,68,75,75,75,75,75,73,73,56,56,53,25,25,47,12,59,53,60,58,58,58,36,36,11,11,19,26,33,36,39,62,41,69,78,81,81,81,81,81,81,81,81,81,81,81,81,81,81,62,76,81,84,54,17],"gold":230,"neow_bonus":"THREE_ENEMY_KILL","is_daily":false,"chose_seed":false,"campfire_upgraded":6,"win_rate":0.0,"timestamp":1609723465,"path_taken":["M","?","?","?","M","R","E","M","T","E","R","?","E","?","R_BF","BOSS","M","?","M","$","?","E","R","E","T","?","M","E","$","E","R","BOSS","M","AVR","?","?","?","R","E","R","T","R","M","?","?","NM","R","BOSS","R","$","E","BOSS"],"items_purchased_type":["Card","Relic","Relic","Relic","Relic","Card","Potion","Relic","Potion"],"build_version":"2020-12-22","purchased_purges":4,"victory":true,"max_hp_per_floor":[75,75,75,75,75,75,75,75,75,75,75,75,75,75,75,75,75,75,75,75,75,75,75,75,75,75,75,75,75,78,78,78,78,78,78,81,81,81,81,81,81,81,81,81,81,81,81,81,81,81,81,81,84,84,84],"card_choices":[{"not_picked":["Melter","StuffTheSpire:Plugnplay","ReplayGash"],"picked":"SKIP","floor":1.0},{"not_picked":["Steam","BasicCrystalCard","Consume"],"picked":"SKIP","floor":5.0},{"not_picked":["ReplaySort","Tempest"],"picked":"Hologram","floor":7.0},{"not_picked":["Rebound","BasicCrystalCard"],"picked":"Cold Snap","floor":8.0},{"not_picked":["Self Repair","Compile Driver","Chaos"],"picked":"SKIP","floor":10.0},{"not_picked":["Turbo","Reboot"],"picked":"Capacitor","floor":13.0},{"not_picked":["Steam","Compile Driver","Recycle"],"picked":"SKIP","floor":14.0},{"not_picked":["Thunder Strike","ReplayTheSpireMod:Omega Cannon"],"picked":"Biased Cognition","floor":16.0},{"not_picked":["Fusion","Rebound+1"],"picked":"Cold Snap","floor":18.0},{"not_picked":["Consume","Streamline"],"picked":"Redo+1","floor":20.0},{"not_picked":["Fusion","Core Surge","Go for the Eyes"],"picked":"SKIP","floor":23.0},{"not_picked":["Lockon","Biased Cognition"],"picked":"Gash+1","floor":25.0},{"not_picked":["Barrage","Double Energy"],"picked":"Storm","floor":27.0},{"not_picked":["BasicCrystalCard","Steam Power","Panic Button"],"picked":"SKIP","floor":28.0},{"not_picked":["ReplayGash","Go for the Eyes","Hello World"],"picked":"SKIP","floor":29.0},{"not_picked":["Hello World","Blizzard+1"],"picked":"Chill+1","floor":31.0},{"not_picked":["ReplayRNGCard","Machine Learning"],"picked":"Echo Form","floor":33.0},{"not_picked":["BasicCrystalCard","Cold Snap"],"picked":"Storm+1","floor":35.0},{"not_picked":["Sweeping Beam","Leap"],"picked":"Hologram+1","floor":38.0},{"not_picked":["BasicCrystalCard","Sweeping Beam+1"],"picked":"Cold Snap+1","floor":41.0},{"not_picked":["Cold Snap+1","Heatsinks"],"picked":"Ball Lightning+1","floor":45.0},{"not_picked":["ReplayTheSpireMod:Fabricate Wheel","Steam Power+1","Conserve Battery"],"picked":"SKIP","floor":46.0},{"not_picked":["Reprogram","StuffTheSpire:LoadUp+1","Redo"],"picked":"SKIP","floor":48},{"not_picked":["Coolheaded","StuffTheSpire:NuclearReactor"],"picked":"Chill+1","floor":54}],"player_experience":2884030,"relics_obtained":[{"floor":7.0,"key":"infinitespire:BottledMercury"},{"floor":9.0,"key":"Matryoshka"},{"floor":10.0,"key":"Tiny Chest"},{"floor":13.0,"key":"halation:KoshaPiece"},{"floor":22.0,"key":"Smiling Mask"},{"floor":23.0,"key":"halation:Toothbrush"},{"floor":25.0,"key":"infinitespire:Freezer"},{"floor":26.0,"key":"Omamori"},{"floor":26.0,"key":"Solar Panel"},{"floor":27.0,"key":"wanderingMiniBosses:MasterThiefsPresence"},{"floor":29.0,"key":"Oddly Smooth Stone"},{"floor":31.0,"key":"Toy Ornithopter"},{"floor":38.0,"key":"hubris:CuriousFeather"},{"floor":39.0,"key":"Mercury Hourglass"},{"floor":41.0,"key":"InkBottle"},{"floor":43.0,"key":"StuffTheSpire:ForceGauntlet"},{"floor":48,"key":"Kunai"},{"floor":54,"key":"halation:BottledLove"}],"event_choices":[{"damage_healed":18.0,"max_hp_gain":0.0,"max_hp_loss":0.0,"gold_gain":0.0,"event_name":"The Cleric","player_choice":"Healed","floor":3.0,"gold_loss":35.0,"damage_taken":0.0},{"damage_healed":0.0,"max_hp_gain":0.0,"max_hp_loss":0.0,"gold_gain":0.0,"event_name":"World of Goop","player_choice":"Left Gold","floor":4.0,"gold_loss":23.0,"damage_taken":0.0},{"damage_healed":0.0,"max_hp_gain":0.0,"max_hp_loss":0.0,"gold_gain":0.0,"event_name":"Scrap Ooze","player_choice":"Success","floor":12.0,"gold_loss":0.0,"damage_taken":3.0,"relics_obtained":["Replay:Rubber Ducky"]},{"damage_healed":0.0,"max_hp_gain":0.0,"max_hp_loss":0.0,"gold_gain":0.0,"event_name":"Mysterious Sphere","player_choice":"Fight","floor":38.0,"gold_loss":0.0,"damage_taken":0.0},{"damage_healed":0.0,"max_hp_gain":0.0,"max_hp_loss":0.0,"gold_gain":0.0,"event_name":"Tomb of Lord Red Mask","player_choice":"Ignored","floor":47.0,"gold_loss":0.0,"damage_taken":0.0}],"is_beta":false,"boss_relics":[{"not_picked":["Runic Pyramid","StuffTheSpire:ModemDavis"],"picked":"aspiration:PoetsPen_weak"},{"not_picked":["aspiration:WatcherSkillbook","ReplayTheSpireMod:SealedPack","halation:Yufonium"]}],"items_purged_floors":[21,30,36,53],"is_endless":false,"potions_floor_spawned":[1,16,18,23,27,28,35,38,45,46],"ascension_level":11}}