{"host":"ba8edsagfc7m13s2","time":1609801374,"event":{"mods":["BaseMod","Colored Map","Downfall","GifTheSpireLib","Hubris","Infinite Spire","Jedi Mod","Minty Spire (QoL Compilation)","Permanent Neow","READ ME - Guardian Mod","Shop Mod","StSLib","The Factory","The Jungle","The Saiyan"],"gold_per_floor":[119,135,135,14,14,14,45,56,107,107,133,168,184,194,194,291,291,310,310,328,34,51,79,79,79,106,117,117,143,143,159,159,261,261,274,284,0,16,30,30,30,63,87,87,14,29,44,44,44,44],"floor_reached":51,"playtime":21999,"items_purged":[],"score":752,"play_id":"8dcbeda5-55a5-45ed-a4a7-bdde5366598c","local_time":"20210105000254","is_ascension_mode":false,"campfire_choices":[{"data":"Slimebound:Strike_Slimebound","floor":10.0,"key":"PURGE"},{"floor":15.0,"key":"REST"},{"data":"Slimebound:Split","floor":24.0,"key":"SMITH"},{"data":"Slimebound:ServeAndProtect","floor":28.0,"key":"SMITH"},{"data":"Slimebound:DisruptingSlam","floor":32.0,"key":"SMITH"},{"data":"Slimebound:MinionMaster+1","floor":40.0,"key":"PURGE"},{"data":"Slimebound:Teamwork","floor":44.0,"key":"SMITH"},{"data":"Slimebound:DouseInSlime","floor":49.0,"key":"SMITH"}],"circlet_count":0,"master_deck":["Slimebound:Strike_Slimebound+1","Slimebound:Strike_Slimebound","Slimebound:Tackle+1","Slimebound:Defend_Slimebound","Slimebound:Defend_Slimebound","Slimebound:Defend_Slimebound","Slimebound:Defend_Slimebound","Slimebound:Split+1","Slimebound:CorrosiveSpit","Slimebound:LeechingTouch+1","Slimebound:TongueLash","Slimebound:LeadByExample","Slimebound:GrowthPunch+1","Slimebound:SplitBruiser","Slimebound:ServeAndProtect+1","Slimebound:SlimeSpikes","Slimebound:Teamwork","Slimebound:SplitAcid","Slimebound:Schlurp","Slimebound:MegaLick","Slimebound:RejuvenatingLick","Slimebound:HauntingLick","Slimebound:Gluttony+1","Slimebound:SlimeTap","Slimebound:SplitBruiser","Slimebound:MegaLick","Slimebound:DisruptingSlam+1","Slimebound:SplitAcid","Slimebound:Teamwork+1","Slimebound:MegaLick+1","Slimebound:Replication+1","Slimebound:LivingWall+1","Slimebound:DouseInSlime+1","Slimebound:AcidTongue+1","Secret Weapon","Chrysalis","Panacea"],"relics":["Slimebound:AbsorbEndCombat","Slimebound:ScrapOozeRelic","Omamori","Orichalcum","Whetstone","Frozen Egg 2","Orrery","Happy Flower","Strawberry","Meat on the Bone","Lantern","Juzu Bracelet","hubris:Icosahedron","Red Mask","Bag of Marbles","Dream Catcher","Blood Vial"],"acts_visited":["TheCity","TheBeyond"],"potions_floor_usage":[50],"damage_taken":[{"damage":8.0,"enemies":"2 Louse","floor":1.0,"turns":3.0},{"damage":6.0,"enemies":"Small Slimes","floor":2.0,"turns":2.0},{"damage":34.0,"enemies":"3 Sentries","floor":7.0,"turns":6.0},{"damage":6.0,"enemies":"Cultist","floor":8.0,"turns":3.0},{"damage":17.0,"enemies":"Lagavulin","floor":12.0,"turns":5.0},{"damage":16.0,"enemies":"Exordium Wildlife","floor":13.0,"turns":3.0},{"damage":10.0,"enemies":"Lots of Slimes","floor":14.0,"turns":4.0},{"damage":32.0,"enemies":"Hexaghost","floor":16.0,"turns":9.0},{"damage":24.0,"enemies":"Shell Parasite","floor":18.0,"turns":5.0},{"damage":8.0,"enemies":"Chosen","floor":20.0,"turns":4.0},{"damage":17.0,"enemies":"Snecko","floor":22.0,"turns":5.0},{"damage":24.0,"enemies":"Book of Stabbing","floor":23.0,"turns":5.0},{"damage":54.0,"enemies":"Shelled Parasite and Fungi","floor":27.0,"turns":4.0},{"damage":35.0,"enemies":"Gremlin Leader","floor":29.0,"turns":6.0},{"damage":14.0,"enemies":"Chosen and Byrds","floor":31.0,"turns":5.0},{"damage":63.0,"enemies":"Automaton","floor":33.0,"turns":8.0},{"damage":11.0,"enemies":"3 Shapes","floor":35.0,"turns":3.0},{"damage":20.0,"enemies":"Orb Walker","floor":36.0,"turns":3.0},{"damage":29.0,"enemies":"Jaw Worm Horde","floor":38.0,"turns":4.0},{"damage":19.0,"enemies":"Writhing Mass","floor":39.0,"turns":5.0},{"damage":27.0,"enemies":"Nemesis","floor":42.0,"turns":7.0},{"damage":28.0,"enemies":"Spire Growth","floor":46.0,"turns":3.0},{"damage":29.0,"enemies":"Transient","floor":47.0,"turns":5.0},{"damage":100,"enemies":"hubris:GrandSnecko","floor":50,"turns":9}],"seed_played":"-7551552161927986663","potions_obtained":[{"floor":7.0,"key":"Swift Potion"},{"floor":8.0,"key":"FearPotion"},{"floor":16.0,"key":"ColorlessPotion"},{"floor":18.0,"key":"PowerPotion"},{"floor":31.0,"key":"Weak Potion"},{"floor":35.0,"key":"hexamod:EctoCoolerPotion"},{"floor":38.0,"key":"Slimebound:ThreeZeroPotion"},{"floor":41.0,"key":"Slimebound:SlimedPotion"}],"is_trial":false,"path_per_floor":["M","M","?","$","?","?","E","M","T","R","T","E","M","M","R","B",null,"M","AVR","M","$","M","E","R","?","T","M","R","E","?","M","R","B",null,"M","M","?","M","M","R","?","E","T","R","?","M","M","?","R","B",null],"character_chosen":"SLIMEBOUND","items_purchased":["Slimebound:LeadByExample","Slimebound:SlimedPotion","Strawberry","Slimebound:Gluttony+1","Slimebound:SlimeTap"],"campfire_rested":1,"item_purchase_floors":[4,4,21,21,21],"current_hp_per_floor":[77,77,62,62,62,62,46,49,49,49,49,41,40,39,62,54,77,73,73,77,84,77,75,75,75,75,63,63,62,62,64,64,55,84,81,79,79,72,84,84,84,84,84,84,84,70,73,63,63,57],"gold":44,"neow_bonus":"TEN_PERCENT_HP_BONUS","is_daily":false,"chose_seed":false,"campfire_upgraded":5,"win_rate":0.0,"timestamp":1609801374,"path_taken":["M","M","?","$","?","?","E","?","T","R","?","E","M","M","R","BOSS","M","AVR","M","?","M","E","R","?","T","?","R","E","?","M","R","BOSS","M","M","?","M","M","R","?","E","T","R","?","M","M","?","R","BOSS"],"items_purchased_type":["Card","Potion","Relic","Card","Card"],"build_version":"2020-12-22","purchased_purges":0,"victory":true,"max_hp_per_floor":[77,77,77,77,77,77,77,77,77,77,77,77,77,77,77,77,77,77,77,77,84,84,84,84,84,84,84,84,84,84,84,84,84,84,84,84,84,84,84,84,84,84,84,84,84,84,84,84,84,84],"card_choices":[{"not_picked":["Slimebound:Lick","Slimebound:PoisonLick"],"picked":"Slimebound:LeechingTouch","floor":1.0},{"not_picked":["Slimebound:GoopTackle","Slimebound:SoulSicken"],"picked":"Slimebound:TongueLash","floor":2.0},{"not_picked":["Slimebound:GoopTackle","Slimebound:OozeBath"],"picked":"Slimebound:GrowthPunch","floor":7.0},{"not_picked":["Slimebound:FlameTackle","Slimebound:ViciousTackle"],"picked":"Slimebound:SplitBruiser","floor":8.0},{"not_picked":["Slimebound:PressTheAttack","Slimebound:SplitBruiser"],"picked":"Slimebound:ServeAndProtect","floor":12.0},{"not_picked":["Slimebound:ViciousTackle","Slimebound:ServeAndProtect"],"picked":"Slimebound:SlimeSpikes","floor":13.0},{"not_picked":["Slimebound:FinishingTackle","Slimebound:PoisonLick"],"picked":"Slimebound:MinionMaster+1","floor":14.0},{"not_picked":["Slimebound:RallyTheTroops","Slimebound:SlimeSlap"],"picked":"Slimebound:Teamwork","floor":16.0},{"not_picked":["Slimebound:LeechingTouch","Slimebound:FinishingTackle"],"picked":"Slimebound:SplitAcid","floor":17.0},{"not_picked":["Slimebound:LeechEnergy","Slimebound:SplitBruiser"],"picked":"Slimebound:Schlurp","floor":17.0},{"not_picked":["Slimebound:Chomp","Slimebound:TongueLash"],"picked":"Slimebound:MegaLick","floor":17.0},{"not_picked":["Slimebound:FinishingTackle","Slimebound:BestDefense+1"],"picked":"Slimebound:RejuvenatingLick","floor":17.0},{"not_picked":["Slimebound:SplitBruiser+1","Slimebound:LeechingTouch+1","Slimebound:ViciousTackle"],"picked":"SKIP","floor":18.0},{"not_picked":["Slimebound:SlimeBarrage","Slimebound:SplitLeeching"],"picked":"Slimebound:HauntingLick","floor":20.0},{"not_picked":["Slimebound:ProtectTheBoss+1","Slimebound:SplitAcid","Slimebound:RollThrough+1"],"picked":"SKIP","floor":22.0},{"not_picked":["Slimebound:SlimeBrawl","Slimebound:RollThrough"],"picked":"Slimebound:SplitBruiser","floor":23.0},{"not_picked":["Slimebound:ComboTackle","Slimebound:RollThrough"],"picked":"Slimebound:MegaLick","floor":27.0},{"not_picked":["Slimebound:FinishingTackle+1","Slimebound:SamplingLick+1"],"picked":"Slimebound:DisruptingSlam","floor":29.0},{"not_picked":["Slimebound:ComboTackle","Slimebound:Nibble"],"picked":"Slimebound:SplitAcid","floor":31.0},{"not_picked":["Slimebound:PrepareCrush","Slimebound:Overexert+1"],"picked":"Slimebound:Teamwork","floor":33.0},{"not_picked":["Slimebound:RejuvenatingLick","Slimebound:GrowthPunch"],"picked":"Slimebound:MegaLick+1","floor":35.0},{"not_picked":["Slimebound:ComboTackle+1","Slimebound:LeechingTouch+1"],"picked":"Slimebound:Replication+1","floor":36.0},{"not_picked":["Slimebound:SlimeBrawl+1","Slimebound:Repurpose","Slimebound:LeechEnergy+1"],"picked":"SKIP","floor":38.0},{"not_picked":["Slimebound:SlimeSpikes","Slimebound:SlimeTap"],"picked":"Slimebound:LivingWall+1","floor":39.0},{"not_picked":["Slimebound:ForwardTackle","Slimebound:Nibble","Slimebound:GoopTackle+1"],"picked":"SKIP","floor":42.0},{"not_picked":["Slimebound:FinishingTackle","Slimebound:Equalize+1"],"picked":"Slimebound:DouseInSlime","floor":46.0},{"not_picked":["Slimebound:BestDefense+1","Slimebound:ViciousTackle+1"],"picked":"Slimebound:AcidTongue+1","floor":47.0},{"not_picked":["expansioncontent:HyperBeam","jedi:LeechingStrike"],"picked":"Secret Weapon","floor":48.0},{"not_picked":["expansioncontent:ManipulateTime","expansioncontent:Collect+1"],"picked":"Chrysalis","floor":48.0},{"not_picked":["jedi:forcepull","expansioncontent:ManipulateTime"],"picked":"Panacea","floor":48.0}],"player_experience":3197498,"relics_obtained":[{"floor":7.0,"key":"Omamori"},{"floor":9.0,"key":"Orichalcum"},{"floor":11.0,"key":"Whetstone"},{"floor":12.0,"key":"Frozen Egg 2"},{"floor":23.0,"key":"Meat on the Bone"},{"floor":26.0,"key":"Lantern"},{"floor":29.0,"key":"Juzu Bracelet"},{"floor":42.0,"key":"Bag of Marbles"},{"floor":43.0,"key":"Dream Catcher"}],"event_choices":[{"damage_healed":0.0,"max_hp_gain":0.0,"max_hp_loss":0.0,"gold_gain":0.0,"event_name":"Shining Light","player_choice":"Entered Light","floor":3.0,"gold_loss":0.0,"damage_taken":15.0,"cards_upgraded":["Slimebound:Tackle","Slimebound:Strike_Slimebound"]},{"damage_healed":0.0,"max_hp_gain":0.0,"max_hp_loss":0.0,"gold_gain":0.0,"event_name":"NoteForYourself","player_choice":"Ignored","floor":6.0,"gold_loss":0.0,"damage_taken":0.0},{"damage_healed":0.0,"max_hp_gain":0.0,"max_hp_loss":0.0,"gold_gain":0.0,"event_name":"Tomb of Lord Red Mask","player_choice":"Paid","floor":37.0,"gold_loss":284.0,"damage_taken":0.0,"relics_obtained":["Red Mask"]},{"damage_healed":0.0,"max_hp_gain":0.0,"max_hp_loss":0.0,"gold_gain":0.0,"event_name":"Lab","player_choice":"Got Potions","floor":41.0,"gold_loss":0.0,"damage_taken":0.0},{"damage_healed":0.0,"max_hp_gain":0.0,"max_hp_loss":0.0,"gold_gain":0.0,"event_name":"WeMeetAgain","player_choice":"Paid Gold","floor":45.0,"gold_loss":73.0,"damage_taken":0.0,"relics_obtained":["Blood Vial"]},{"damage_healed":0.0,"max_hp_gain":0.0,"max_hp_loss":0.0,"gold_gain":0.0,"event_name":"SensoryStone","player_choice":"Memory 3","floor":48.0,"gold_loss":0.0,"damage_taken":10.0}],"is_beta":false,"boss_relics":[{"not_picked":["Pandora\u0027s Box","Black Star"],"picked":"Orrery"},{"not_picked":["Astrolabe","Empty Cage","Circlet"]}],"items_purged_floors":[],"is_endless":false,"potions_floor_spawned":[7,8,16,18,22,27,31,35,38],"ascension_level":0}}