{"host":"yiit85oc4oi3nqs8","time":1609752689,"event":{"mods":["AchievementEnabler","BaseMod","Better Third Choice","Block Reminder","DeckTracker","Highlight Path","Keyboard Shortcuts","Minty Spire (QoL Compilation)","MonsterHotkey","Quick Restart","Random Character Button","Relic Stats","StSLib"],"gold_per_floor":[364,289,155,170,170,170,183,200,200,200,224,224,224,244,255,255,274,274,274,274],"floor_reached":19,"playtime":609,"items_purged":["Strike_R","Strike_R"],"score":109,"play_id":"5b1ad018-7514-4f49-a824-4bf1c6c8cdb7","local_time":"20210104183129","is_ascension_mode":false,"campfire_choices":[{"data":"Hemokinesis","floor":9.0,"key":"SMITH"},{"data":"Cleave","floor":10.0,"key":"SMITH"},{"floor":18.0,"key":"REST"}],"circlet_count":0,"master_deck":["Strike_R+1","Strike_R","Strike_R","Defend_R","Defend_R","Defend_R","Defend_R","Bash","Hemokinesis+1","Cleave+1","Twin Strike+1"],"relics":["Burning Blood"],"acts_visited":["Exordium"],"potions_floor_usage":[19],"damage_taken":[{"damage":1.0,"enemies":"Cultist","floor":1.0,"turns":3.0},{"damage":2.0,"enemies":"Small Slimes","floor":4.0,"turns":3.0},{"damage":5.0,"enemies":"2 Louse","floor":7.0,"turns":2.0},{"damage":25.0,"enemies":"Large Slime","floor":8.0,"turns":9.0},{"damage":10.0,"enemies":"Exordium Wildlife","floor":14.0,"turns":3.0},{"damage":13.0,"enemies":"Exordium Thugs","floor":15.0,"turns":3.0},{"damage":2.0,"enemies":"2 Fungi Beasts","floor":17.0,"turns":2.0},{"damage":56,"enemies":"Hexaghost","floor":19,"turns":9}],"seed_played":"5831444015862505995","potions_obtained":[{"floor":1.0,"key":"GamblersBrew"},{"floor":8.0,"key":"Energy Potion"}],"is_trial":false,"path_per_floor":["M","$","$","M","?","?","M","M","R","R","T","T","?","M","M","?","M","R","B"],"character_chosen":"IRONCLAD","items_purchased":["Hemokinesis"],"campfire_rested":1,"item_purchase_floors":[3],"current_hp_per_floor":[61,61,61,65,65,70,71,52,52,52,52,52,52,48,41,24,28,53,0,0],"gold":274,"neow_bonus":"TWO_FIFTY_GOLD","is_daily":false,"chose_seed":false,"campfire_upgraded":2,"win_rate":0.0,"timestamp":1609752689,"path_taken":["M","$","$","M","?","?","M","M","R","R","T","T","?","M","M","?","M","R","BOSS"],"items_purchased_type":["Card"],"build_version":"2020-12-22","purchased_purges":2,"victory":false,"max_hp_per_floor":[80,80,80,80,80,85,85,85,85,85,85,85,85,85,85,85,85,85,85,85],"relic_stats":{"counters":[8,34],"obtain_stats":[{"Burning Blood":0},{"Burning Blood":0},{"Burning Blood":0}],"Burning Blood":42},"card_choices":[{"not_picked":["Ghostly Armor","Wild Strike","Second Wind"],"picked":"SKIP","floor":1.0},{"not_picked":["Havoc","Clothesline","Body Slam"],"picked":"SKIP","floor":4.0},{"not_picked":["Sentinel","Carnage","Corruption"],"picked":"SKIP","floor":7.0},{"not_picked":["Warcry","Armaments"],"picked":"Cleave","floor":8.0},{"not_picked":["Havoc","Perfected Strike"],"picked":"Twin Strike","floor":14.0},{"not_picked":["Thunderclap","Wild Strike","Anger"],"picked":"SKIP","floor":15.0},{"not_picked":["Entrench","True Grit","Warcry"],"picked":"SKIP","floor":17.0}],"player_experience":435224,"relics_obtained":[],"event_choices":[{"damage_healed":0.0,"max_hp_gain":0.0,"max_hp_loss":0.0,"gold_gain":0.0,"event_name":"betterThird:BetterSerpent","player_choice":"Ignored","floor":5.0,"gold_loss":0.0,"damage_taken":170.0},{"damage_healed":0.0,"max_hp_gain":5.0,"max_hp_loss":0.0,"gold_gain":0.0,"event_name":"Big Fish","player_choice":"Donut","floor":6.0,"gold_loss":0.0,"damage_taken":0.0},{"damage_healed":0.0,"max_hp_gain":0.0,"max_hp_loss":0.0,"gold_gain":0.0,"event_name":"betterThird:BetterScrap","player_choice":"LEAVE","floor":13.0,"gold_loss":0.0,"damage_taken":0.0,"cards_obtained":["Bouncing Flask"]},{"damage_healed":41.0,"max_hp_gain":0.0,"max_hp_loss":85.0,"gold_gain":0.0,"event_name":"betterThird:BetterShining","player_choice":"Upgrade","floor":16.0,"gold_loss":0.0,"damage_taken":17.0,"cards_upgraded":["Twin Strike","Strike_R"]}],"is_beta":false,"boss_relics":[],"items_purged_floors":[2,3],"is_endless":false,"potions_floor_spawned":[1,8],"killed_by":"Hexaghost","ascension_level":0}}