{"host":"owox7x4ngjt9htcc","time":1609743407,"event":{"mods":["BaseMod","Colored Map","DeckTracker","Keyboard Shortcuts","Minty Spire (QoL Compilation)","SuperFastMode"],"gold_per_floor":[144,189,139,214,259,349,624,669,669,714,759,804,195,285,285,585,585,630,293,233,233,45,135,180,279,354,354,399,489,489,543,552,861,1170,1224,784,784,829,883,973,973,973,998,338,338,413,422,476,476,476],"floor_reached":51,"playtime":1945,"items_purged":["Regret","Strike_R","Bash","Defend_G","Defend_R"],"score":895,"play_id":"54a1cb19-fef0-4075-b918-28fbd1762db7","local_time":"20210104155647","daily_mods":["Chimera","Diverse","Midas"],"is_ascension_mode":false,"campfire_choices":[{"floor":15.0,"key":"REST"},{"floor":32,"key":"REST"},{"floor":41,"key":"REST"},{"floor":47,"key":"REST"},{"floor":49,"key":"REST"}],"circlet_count":0,"master_deck":["Survivor","Zap","Defend_P","Feel No Pain","Cloak And Dagger","PathToVictory","Iron Wave","Evaluate","Ghostly Armor+1","Rampage","Hologram+1","Mayhem+1","Escape Plan+1","Storm of Steel+1","Alpha+1","Coolheaded+1","Footwork","TalkToTheHand","Mayhem","Pray+1","Venomology+1","Beam Cell+1","Metallicize","Bite","Bite","Bite","Bite","Well Laid Plans","Armaments+1","Wish+1","CurseOfTheBell","Defragment+1","Cloak And Dagger+1","Shrug It Off+1","Adrenaline+1","Core Surge+1","Shrug It Off+1","Master of Strategy+1","Blind+1","Bullet Time+1","Conserve Battery+1"],"relics":["Cracked Core","Happy Flower","Toxic Egg 2","Runic Capacitor","Strawberry","Thread and Needle","Black Star","Membership Card","Ornamental Fan","Oddly Smooth Stone","Dream Catcher","CeramicFish","Darkstone Periapt","Matryoshka","Blue Candle","Boot","Calling Bell","Akabeko","InkBottle","Old Coin","Sling","Ice Cream","Meat on the Bone","Pen Nib","Sundial","MawBank","Toy Ornithopter","Letter Opener","Molten Egg 2","Strange Spoon","Bag of Marbles","Kunai"],"acts_visited":["Exordium","TheCity","TheBeyond"],"potions_floor_usage":[30,33,38,38,39,48,48,50,50,50,50],"damage_taken":[{"damage":0.0,"enemies":"Cultist","floor":1.0,"turns":3.0},{"damage":5.0,"enemies":"Small Slimes","floor":2.0,"turns":4.0},{"damage":0.0,"enemies":"2 Louse","floor":5.0,"turns":3.0},{"damage":26.0,"enemies":"Gremlin Nob","floor":6.0,"turns":5.0},{"damage":1.0,"enemies":"2 Fungi Beasts","floor":8.0,"turns":4.0},{"damage":2.0,"enemies":"Blue Slaver","floor":10.0,"turns":4.0},{"damage":4.0,"enemies":"Red Slaver","floor":11.0,"turns":4.0},{"damage":2.0,"enemies":"3 Louse","floor":12.0,"turns":3.0},{"damage":1.0,"enemies":"Lagavulin","floor":14.0,"turns":7.0},{"damage":11.0,"enemies":"The Guardian","floor":16.0,"turns":10.0},{"damage":0.0,"enemies":"Spheric Guardian","floor":18.0,"turns":3.0},{"damage":11.0,"enemies":"2 Thieves","floor":20.0,"turns":4.0},{"damage":32.0,"enemies":"Slavers","floor":23.0,"turns":8.0},{"damage":6.0,"enemies":"Snecko","floor":24.0,"turns":7.0},{"damage":1.0,"enemies":"Book of Stabbing","floor":25.0,"turns":8.0},{"damage":32.0,"enemies":"Slavers","floor":29.0,"turns":10.0},{"damage":0,"enemies":"Cultist and Chosen","floor":30,"turns":3},{"damage":6,"enemies":"Shelled Parasite and Fungi","floor":31,"turns":9},{"damage":41,"enemies":"Collector","floor":33,"turns":12},{"damage":19,"enemies":"3 Darklings","floor":35,"turns":7},{"damage":0,"enemies":"Orb Walker","floor":38,"turns":4},{"damage":4,"enemies":"3 Darklings","floor":39,"turns":5},{"damage":11,"enemies":"Nemesis","floor":40,"turns":11},{"damage":3,"enemies":"Sphere and 2 Shapes","floor":48,"turns":8},{"damage":13,"enemies":"Time Eater","floor":50,"turns":12}],"seed_played":"-6631355389535803282","potions_obtained":[{"floor":6.0,"key":"Energy Potion"},{"floor":8.0,"key":"BlessingOfTheForge"},{"floor":10.0,"key":"Energy Potion"},{"floor":23.0,"key":"SneckoOil"},{"floor":25.0,"key":"PotionOfCapacity"},{"floor":29.0,"key":"PotionOfCapacity"},{"floor":40,"key":"Weak Potion"},{"floor":48,"key":"Strength Potion"}],"is_trial":false,"path_per_floor":["M","M","?","?","M","E","?","M","T","M","M","M","$","E","R","B",null,"M","$","M","?","$","E","M","E","T","?","?","E","M","M","R","B",null,"M","$","?","M","M","E","R","?","T","$","?","T","R","M","R","B",null],"character_chosen":"DEFECT","items_purchased":["Runic Capacitor","Mayhem","Strawberry","Escape Plan+1","Membership Card","Footwork","TalkToTheHand","Mayhem","Ornamental Fan","Sling","Ice Cream","Meat on the Bone","Cloak And Dagger+1","Adrenaline+1","Letter Opener","Molten Egg 2","Core Surge+1","Shrug It Off+1","Strange Spoon","Master of Strategy+1","Blind+1"],"campfire_rested":5,"item_purchase_floors":[13,13,13,13,19,19,19,19,22,36,36,36,36,44,44,44,44,44,44,44,44],"current_hp_per_floor":[75,70,70,59,59,33,33,32,32,30,26,24,31,30,54,43,82,82,82,71,71,71,39,33,32,32,59,57,35,39,43,57,41,63,46,46,46,54,54,61,63,63,63,63,63,63,63,63,63,63],"gold":476,"neow_bonus":"","is_daily":true,"chose_seed":false,"campfire_upgraded":0,"win_rate":0.0,"timestamp":1609743407,"path_taken":["M","M","?","?","M","E","?","M","T","?","M","M","$","E","R","BOSS","M","$","M","?","$","E","M","E","T","?","?","E","M","M","R","BOSS","M","$","?","M","?","E","R","?","T","$","?","?","R","M","R","BOSS"],"items_purchased_type":["Relic","Card","Relic","Card","Relic","Card","Card","Card","Relic","Relic","Relic","Relic","Card","Card","Relic","Relic","Card","Card","Relic","Card","Card"],"build_version":"2020-12-22","purchased_purges":5,"victory":true,"max_hp_per_floor":[75,75,75,75,75,75,75,75,75,75,75,75,82,82,82,82,82,82,82,82,82,82,82,82,82,82,82,57,57,57,57,57,57,63,63,63,63,63,63,63,63,63,63,63,63,63,63,63,63,63],"card_choices":[{"not_picked":["Halt","EmptyFist"],"picked":"Feel No Pain","floor":1.0},{"not_picked":["Flying Knee","Disarm"],"picked":"Cloak And Dagger","floor":2.0},{"not_picked":["Rupture","CutThroughFate"],"picked":"PathToVictory","floor":5.0},{"not_picked":["Dagger Throw","Acrobatics"],"picked":"Iron Wave","floor":6.0},{"not_picked":["Steam","Consecrate"],"picked":"Evaluate","floor":8.0},{"not_picked":["SandsOfTime","Flying Knee"],"picked":"Ghostly Armor+1","floor":10.0},{"not_picked":["Pommel Strike","Battle Trance+1"],"picked":"Rampage","floor":11.0},{"not_picked":["Clothesline","Dual Wield+1"],"picked":"Hologram+1","floor":12.0},{"not_picked":["Gash","Halt+1"],"picked":"Storm of Steel+1","floor":14.0},{"not_picked":["Rainbow+1","Tools of the Trade"],"picked":"Alpha+1","floor":16.0},{"not_picked":["Rupture","Metallicize"],"picked":"Coolheaded+1","floor":18.0},{"not_picked":["Cleave","Sweeping Beam"],"picked":"Pray+1","floor":20.0},{"not_picked":["Distraction+1","Perfected Strike"],"picked":"Venomology+1","floor":23.0},{"not_picked":["Caltrops+1","JustLucky"],"picked":"Beam Cell+1","floor":24.0},{"not_picked":["Deflect+1","Rupture"],"picked":"Metallicize","floor":25.0},{"not_picked":["Blood for Blood","Vengeance+1","EmptyFist"],"picked":"SKIP","floor":29.0},{"not_picked":["CarveReality+1","Power Through+1"],"picked":"Well Laid Plans","floor":31},{"not_picked":["Uppercut","Masterful Stab"],"picked":"Armaments+1","floor":32},{"not_picked":["Establishment","Storm of Steel+1"],"picked":"Wish+1","floor":33},{"not_picked":["Calculated Gamble+1","Cloak And Dagger+1"],"picked":"Defragment+1","floor":35},{"not_picked":["Redo+1","Chaos+1","Thunderclap"],"picked":"SKIP","floor":38},{"not_picked":["Poisoned Stab","Flex+1"],"picked":"Shrug It Off+1","floor":39},{"not_picked":["SashWhip+1","SandsOfTime+1","Beam Cell+1"],"picked":"SKIP","floor":40},{"not_picked":["Genetic Algorithm+1","Shockwave+1"],"picked":"Bullet Time+1","floor":47},{"not_picked":["Calculated Gamble+1","Crescendo+1"],"picked":"Conserve Battery+1","floor":48}],"player_experience":871446,"relics_obtained":[{"floor":6.0,"key":"Happy Flower"},{"floor":9.0,"key":"Toxic Egg 2"},{"floor":14.0,"key":"Thread and Needle"},{"floor":23.0,"key":"Oddly Smooth Stone"},{"floor":23.0,"key":"Dream Catcher"},{"floor":25.0,"key":"CeramicFish"},{"floor":25.0,"key":"Darkstone Periapt"},{"floor":26.0,"key":"Matryoshka"},{"floor":29.0,"key":"Blue Candle"},{"floor":29.0,"key":"Boot"},{"floor":34,"key":"Akabeko"},{"floor":34,"key":"InkBottle"},{"floor":34,"key":"Old Coin"},{"floor":40,"key":"Pen Nib"},{"floor":40,"key":"Sundial"},{"floor":43,"key":"MawBank"},{"floor":43,"key":"Toy Ornithopter"},{"floor":46,"key":"Bag of Marbles"},{"floor":46,"key":"Kunai"}],"event_choices":[{"cards_removed":["Eruption"],"damage_healed":0.0,"max_hp_gain":0.0,"max_hp_loss":0.0,"gold_gain":0.0,"event_name":"The Cleric","player_choice":"Card Removal","floor":3.0,"gold_loss":50.0,"damage_taken":0.0},{"damage_healed":0.0,"max_hp_gain":0.0,"max_hp_loss":0.0,"gold_gain":75.0,"event_name":"World of Goop","player_choice":"Gather Gold","floor":4.0,"gold_loss":0.0,"damage_taken":11.0},{"damage_healed":0.0,"max_hp_gain":0.0,"max_hp_loss":0.0,"gold_gain":275.0,"event_name":"Golden Shrine","player_choice":"Desecrate","floor":7.0,"gold_loss":0.0,"damage_taken":0.0,"cards_obtained":["Regret"]},{"damage_healed":0.0,"max_hp_gain":0.0,"max_hp_loss":0.0,"gold_gain":0.0,"event_name":"Ghosts","player_choice":"Ignored","floor":21.0,"gold_loss":0.0,"damage_taken":0.0},{"damage_healed":27.0,"max_hp_gain":0.0,"max_hp_loss":0.0,"gold_gain":0.0,"event_name":"The Library","player_choice":"Heal","floor":27.0,"gold_loss":0.0,"damage_taken":0.0},{"damage_healed":0.0,"max_hp_gain":0.0,"max_hp_loss":25.0,"gold_gain":0.0,"event_name":"Vampires","player_choice":"Became a vampire","floor":28.0,"gold_loss":0.0,"damage_taken":0.0,"cards_obtained":["Bite","Bite","Bite","Bite","Bite"]},{"damage_healed":0,"gold_gain":0,"player_choice":"Forge","damage_taken":0,"max_hp_gain":0,"max_hp_loss":0,"event_name":"Accursed Blacksmith","floor":37,"gold_loss":0,"cards_upgraded":["Mayhem"]},{"damage_healed":0,"gold_gain":0,"player_choice":"Ignored","damage_taken":0,"max_hp_gain":0,"max_hp_loss":0,"event_name":"Tomb of Lord Red Mask","floor":42,"gold_loss":0},{"cards_removed":["Bite"],"damage_healed":0,"gold_gain":0,"player_choice":"Removed Attack","damage_taken":0,"max_hp_gain":0,"max_hp_loss":0,"event_name":"Falling","floor":45,"gold_loss":0}],"is_beta":false,"boss_relics":[{"not_picked":["Cursed Key","Inserter"],"picked":"Black Star"},{"not_picked":["Tiny House","Velvet Choker"],"picked":"Calling Bell"}],"items_purged_floors":[13,19,22,36,44],"is_endless":false,"potions_floor_spawned":[6,8,10,11,23,25,29,33,40,48],"ascension_level":0}}