{"host":"xcuflocadasoaqda","time":1609739654,"event":{"mods":["BaseMod","Bestiary","Filter the Spire","Minty Spire (QoL Compilation)","Relic Stats"],"gold_per_floor":[118,118,135,148,159,159,176,176,199,199,199,179,179,204,204,304,304,324,324,118,43,58,58,87,102,127,227,227,247,247,267,267,363,363,375,389,439,458,472,502,502,513,513,513,525,525,545,580,580,580,580,580,193,220,220],"floor_reached":56,"playtime":2717,"items_purged":["Hologram","Sunder+1"],"score":1306,"play_id":"bc92ec2c-ede5-4794-80ef-d1889dc4cb9f","local_time":"20210103235414","is_ascension_mode":false,"campfire_choices":[{"data":"Reinforced Body","floor":6.0,"key":"SMITH"},{"data":"Dualcast","floor":8.0,"key":"SMITH"},{"data":"Consume","floor":11.0,"key":"SMITH"},{"data":"Darkness","floor":15.0,"key":"SMITH"},{"data":"Redo","floor":23.0,"key":"SMITH"},{"data":"Loop","floor":28.0,"key":"SMITH"},{"data":"Sunder","floor":32.0,"key":"SMITH"},{"data":"Genetic Algorithm","floor":41.0,"key":"SMITH"},{"floor":46.0,"key":"RECALL"},{"data":"Seek","floor":49.0,"key":"SMITH"},{"data":"Machine Learning","floor":52.0,"key":"SMITH"}],"circlet_count":0,"master_deck":["Consume+1","Darkness+1","Reinforced Body+1","Machine Learning+1","Genetic Algorithm+1","Loop+1","Redo+1","Genetic Algorithm+1","Seek+1","Capacitor+1","BootSequence"],"relics":["Pandora\u0027s Box","Bag of Preparation","Strawberry","Black Star","Toy Ornithopter","Juzu Bracelet","Sozu","Incense Burner","Centennial Puzzle","Bottled Lightning","Turnip","Sundial","Happy Flower","Orrery","Bronze Scales","Vajra","Ginger"],"acts_visited":["Exordium","TheCity","TheBeyond","TheEnding"],"potions_floor_usage":[55,55,55],"damage_taken":[{"damage":6.0,"enemies":"2 Louse","floor":1.0,"turns":2.0},{"damage":6.0,"enemies":"Cultist","floor":3.0,"turns":3.0},{"damage":11.0,"enemies":"Jaw Worm","floor":4.0,"turns":3.0},{"damage":2.0,"enemies":"Large Slime","floor":5.0,"turns":5.0},{"damage":0.0,"enemies":"3 Louse","floor":7.0,"turns":4.0},{"damage":0.0,"enemies":"Exordium Thugs","floor":12.0,"turns":4.0},{"damage":36.0,"enemies":"3 Sentries","floor":14.0,"turns":5.0},{"damage":0.0,"enemies":"Hexaghost","floor":16.0,"turns":6.0},{"damage":4.0,"enemies":"2 Thieves","floor":18.0,"turns":3.0},{"damage":1.0,"enemies":"Chosen","floor":22.0,"turns":6.0},{"damage":15.0,"enemies":"Gremlin Leader","floor":24.0,"turns":5.0},{"damage":9.0,"enemies":"Centurion and Healer","floor":25.0,"turns":6.0},{"damage":14.0,"enemies":"Chosen and Byrds","floor":29.0,"turns":6.0},{"damage":4.0,"enemies":"Sentry and Sphere","floor":31.0,"turns":6.0},{"damage":18.0,"enemies":"Collector","floor":33.0,"turns":7.0},{"damage":0.0,"enemies":"3 Shapes","floor":35.0,"turns":4.0},{"damage":0.0,"enemies":"Orb Walker","floor":36.0,"turns":4.0},{"damage":0.0,"enemies":"Mind Bloom Boss Battle","floor":37.0,"turns":4.0},{"damage":3.0,"enemies":"Jaw Worm Horde","floor":38.0,"turns":5.0},{"damage":12.0,"enemies":"Writhing Mass","floor":39.0,"turns":5.0},{"damage":0.0,"enemies":"Giant Head","floor":40.0,"turns":6.0},{"damage":0.0,"enemies":"Sphere and 2 Shapes","floor":42.0,"turns":3.0},{"damage":0.0,"enemies":"Jaw Worm Horde","floor":45.0,"turns":3.0},{"damage":0.0,"enemies":"Spire Growth","floor":47.0,"turns":5.0},{"damage":0.0,"enemies":"Reptomancer","floor":48.0,"turns":4.0},{"damage":2.0,"enemies":"Donu and Deca","floor":50.0,"turns":7.0},{"damage":19,"enemies":"Shield and Spear","floor":54,"turns":7},{"damage":34,"enemies":"The Heart","floor":55,"turns":7}],"seed_played":"327226897390637610","potions_obtained":[{"floor":1.0,"key":"BlessingOfTheForge"},{"floor":2.0,"key":"FocusPotion"},{"floor":2.0,"key":"Dexterity Potion"},{"floor":2.0,"key":"EssenceOfDarkness"},{"floor":7.0,"key":"Energy Potion"},{"floor":12.0,"key":"SkillPotion"},{"floor":18.0,"key":"Energy Potion"},{"floor":33.0,"key":"Swift Potion"}],"is_trial":false,"path_per_floor":["M","?","M","M","M","R","M","R","T","?","R","M","?","E","R","B",null,"M","?","$","?","M","R","E","M","T","?","R","M","$","M","R","B",null,"M","M","?","M","M","E","R","M","T","?","M","R","M","E","R","B",null,"R","$","E","B",null],"character_chosen":"DEFECT","items_purchased":["Loop","Redo","Orrery","Bronze Scales"],"campfire_rested":0,"item_purchase_floors":[20,20,53,53],"current_hp_per_floor":[69,69,63,52,50,50,50,50,50,50,50,50,55,26,26,26,87,83,83,83,83,82,82,67,58,58,58,58,44,44,40,40,27,87,87,87,87,84,72,72,72,72,72,72,72,72,72,72,72,70,87,87,87,68,49],"gold":220,"neow_bonus":"BOSS_RELIC","is_daily":false,"chose_seed":false,"campfire_upgraded":10,"win_rate":0.0,"timestamp":1609739654,"path_taken":["M","?","M","?","M","R","M","R","T","?","R","M","?","E","R","BOSS","M","?","$","?","M","R","E","M","T","?","R","M","?","M","R","BOSS","M","M","?","M","M","E","R","M","T","?","M","R","M","E","R","BOSS","R","$","E","BOSS"],"items_purchased_type":["Card","Card","Relic","Relic"],"build_version":"2020-12-22","purchased_purges":2,"victory":true,"max_hp_per_floor":[75,75,75,75,75,75,75,75,75,75,75,75,80,87,87,87,87,87,87,87,87,87,87,87,87,87,87,87,87,87,87,87,87,87,87,87,87,87,87,87,87,87,87,87,87,87,87,87,87,87,87,87,87,87,87],"relic_stats":{"Happy Flower":[7],"counters":[28,135],"Bag of Preparation":[41],"Juzu Bracelet":1,"Ginger":[2],"Sozu":5,"Centennial Puzzle":[9],"Sundial":[14],"Bronze Scales":[108],"Pandora\u0027s Box":["Skim","Beam Cell","Reprogram","Storm","Multi-Cast","Blizzard","Core Surge","Electrodynamics"],"Turnip":[2],"Black Star":4,"obtain_stats":[{"Happy Flower":48,"Vajra":54,"Bag of Preparation":9,"Juzu Bracelet":24,"Incense Burner":37,"Ginger":54,"Sozu":34,"Centennial Puzzle":40,"Sundial":48,"Strawberry":14,"Bronze Scales":53,"Orrery":53,"Pandora\u0027s Box":0,"Turnip":43,"Black Star":17,"Bottled Lightning":40,"Cracked Core":0,"Toy Ornithopter":24},{"Happy Flower":25,"Vajra":27,"Bag of Preparation":5,"Juzu Bracelet":11,"Incense Burner":18,"Ginger":27,"Sozu":15,"Centennial Puzzle":21,"Sundial":25,"Strawberry":7,"Bronze Scales":26,"Orrery":26,"Pandora\u0027s Box":0,"Turnip":22,"Black Star":8,"Bottled Lightning":21,"Cracked Core":0,"Toy Ornithopter":11},{"Happy Flower":114,"Vajra":128,"Bag of Preparation":17,"Juzu Bracelet":46,"Incense Burner":83,"Ginger":128,"Sozu":71,"Centennial Puzzle":99,"Sundial":114,"Strawberry":26,"Bronze Scales":121,"Orrery":121,"Pandora\u0027s Box":0,"Turnip":102,"Black Star":32,"Bottled Lightning":99,"Cracked Core":0,"Toy Ornithopter":46}],"Toy Ornithopter":20},"card_choices":[{"not_picked":["Rebound","Recycle"],"picked":"Consume","floor":1.0},{"not_picked":["Hologram","Turbo"],"picked":"Darkness","floor":3.0},{"not_picked":["Hologram","Double Energy"],"picked":"Reinforced Body","floor":4.0},{"not_picked":["Barrage","Hello World","Beam Cell"],"picked":"SKIP","floor":5.0},{"not_picked":["Go for the Eyes","Ball Lightning","Darkness"],"picked":"SKIP","floor":7.0},{"not_picked":["Skim","Sweeping Beam"],"picked":"Gash","floor":12.0},{"not_picked":["Hologram","Auto Shields"],"picked":"Gash","floor":14.0},{"not_picked":["Fission","Multi-Cast"],"picked":"Machine Learning","floor":16.0},{"not_picked":["Rebound+1","Conserve Battery"],"picked":"Genetic Algorithm","floor":18.0},{"not_picked":["Self Repair+1","Sunder","Conserve Battery+1"],"picked":"SKIP","floor":22.0},{"not_picked":["Coolheaded+1","Ball Lightning","Leap"],"picked":"SKIP","floor":24.0},{"not_picked":["Static Discharge","Beam Cell","Rip and Tear"],"picked":"SKIP","floor":25.0},{"not_picked":["Steam","Sweeping Beam"],"picked":"Genetic Algorithm+1","floor":29.0},{"not_picked":["Skim","Cold Snap","Chaos"],"picked":"SKIP","floor":31.0},{"not_picked":["Compile Driver+1","Sweeping Beam+1","Beam Cell"],"picked":"SKIP","floor":35.0},{"not_picked":["Skim+1","Consume","Go for the Eyes+1"],"picked":"SKIP","floor":36.0},{"not_picked":["Beam Cell","Streamline+1","Sweeping Beam"],"picked":"SKIP","floor":38.0},{"not_picked":["Steam","Barrage+1","Beam Cell+1"],"picked":"SKIP","floor":39.0},{"not_picked":["Meteor Strike","Beam Cell+1"],"picked":"Seek","floor":40.0},{"not_picked":["Coolheaded+1","Skim+1","Ball Lightning+1"],"picked":"SKIP","floor":42.0},{"not_picked":["Beam Cell","Cold Snap+1","Coolheaded"],"picked":"SKIP","floor":45.0},{"not_picked":["Cold Snap","Barrage+1","Compile Driver+1"],"picked":"SKIP","floor":47.0},{"not_picked":["Ball Lightning","Cold Snap+1","Doom and Gloom"],"picked":"SKIP","floor":48.0},{"not_picked":["Gash+1","Turbo+1"],"picked":"Capacitor+1","floor":53},{"not_picked":["Streamline","Meteor Strike"],"picked":"BootSequence","floor":53},{"not_picked":["Compile Driver+1","Sweeping Beam+1","Fission"],"picked":"SKIP","floor":54}],"player_experience":1874125,"relics_obtained":[{"floor":9.0,"key":"Bag of Preparation"},{"floor":14.0,"key":"Strawberry"},{"floor":24.0,"key":"Toy Ornithopter"},{"floor":24.0,"key":"Juzu Bracelet"},{"floor":37.0,"key":"Incense Burner"},{"floor":40.0,"key":"Centennial Puzzle"},{"floor":40.0,"key":"Bottled Lightning"},{"floor":43.0,"key":"Turnip"},{"floor":48.0,"key":"Sundial"},{"floor":48.0,"key":"Happy Flower"},{"floor":54,"key":"Vajra"},{"floor":54,"key":"Ginger"}],"event_choices":[{"damage_healed":0.0,"max_hp_gain":0.0,"max_hp_loss":0.0,"gold_gain":0.0,"event_name":"Lab","player_choice":"Got Potions","floor":2.0,"gold_loss":0.0,"damage_taken":0.0},{"cards_removed":["Zap"],"damage_healed":0.0,"max_hp_gain":0.0,"max_hp_loss":0.0,"gold_gain":0.0,"event_name":"Living Wall","player_choice":"Forget","floor":10.0,"gold_loss":0.0,"damage_taken":0.0},{"damage_healed":0.0,"max_hp_gain":5.0,"max_hp_loss":0.0,"gold_gain":0.0,"event_name":"Big Fish","player_choice":"Donut","floor":13.0,"gold_loss":0.0,"damage_taken":0.0},{"damage_healed":0.0,"max_hp_gain":0.0,"max_hp_loss":0.0,"gold_gain":0.0,"cards_transformed":["Gash","Gash"],"event_name":"Drug Dealer","player_choice":"Became Test Subject","floor":19.0,"gold_loss":0.0,"damage_taken":0.0,"cards_obtained":["Sunder","Hologram"]},{"cards_removed":["Dualcast"],"damage_healed":0.0,"max_hp_gain":0.0,"max_hp_loss":0.0,"gold_gain":0.0,"event_name":"Beggar","player_choice":"Gave Gold","floor":21.0,"gold_loss":75.0,"damage_taken":0.0},{"damage_healed":0.0,"max_hp_gain":0.0,"max_hp_loss":0.0,"gold_gain":100.0,"event_name":"Golden Shrine","player_choice":"Pray","floor":27.0,"gold_loss":0.0,"damage_taken":0.0},{"damage_healed":0.0,"max_hp_gain":0.0,"max_hp_loss":0.0,"gold_gain":0.0,"event_name":"MindBloom","player_choice":"Fight","floor":37.0,"gold_loss":0.0,"damage_taken":0.0},{"damage_healed":0.0,"max_hp_gain":0.0,"max_hp_loss":0.0,"gold_gain":0.0,"event_name":"Tomb of Lord Red Mask","player_choice":"Ignored","floor":44.0,"gold_loss":0.0,"damage_taken":0.0}],"is_beta":false,"boss_relics":[{"not_picked":["Empty Cage","Calling Bell"],"picked":"Black Star"},{"not_picked":["SacredBark","Velvet Choker"],"picked":"Sozu"}],"items_purged_floors":[20,53],"is_endless":false,"potions_floor_spawned":[1,7,12,18,24,33,35,37,47,48,54],"ascension_level":0}}