{"host":"hn99riirbf0lv0ml","time":1609789186,"event":{"mods":["AchievementEnabler","Act Like it!","BaseMod","Colored Map","Colored Powertips","Downfall","Duelist Mod","Friendly Minions","Gensokyo","GifTheSpireLib","Jorbs\u0027s Wanderer Trilogy","Marisa????????","Minty Spire (QoL Compilation)","Rare Cards Sparkle","StSLib","The Animator","The Bug Knight","The Cursed","The Runesmith","The Servant 0.9.4"],"gold_per_floor":[114,124,140,140,156,156,170,170,251,267,342,352,352,378,378,476,476,465,479,64,74,86,86,86,86,86,99,23,23,23,23],"floor_reached":30,"playtime":3849,"items_purged":["Strike_B"],"score":234,"play_id":"f39bc83e-45f5-480f-8713-3ccc6033385e","local_time":"20210104143946","is_ascension_mode":false,"campfire_choices":[{"data":"Conserve Battery","floor":6,"key":"SMITH"},{"data":"Go for the Eyes","floor":8,"key":"SMITH"},{"floor":13,"key":"REST"},{"floor":15,"key":"REST"},{"floor":23,"key":"REST"},{"floor":25,"key":"REST"}],"circlet_count":0,"master_deck":["Strike_B","Strike_B","Strike_B","Defend_B","Defend_B","Defend_B","Zap","Dualcast","Leap","Conserve Battery+1","Chaos","Sweeping Beam","White Noise","Go for the Eyes+1","Barrage","Go for the Eyes","Fission","Fission","Cold Snap","Biased Cognition","Rip and Tear","Stack","Chaos+1","Self Repair","Cold Snap","Discovery"],"relics":["Cracked Core","Mummified Hand","Ice Cream","Busted Crown","Matryoshka"],"acts_visited":["Exordium","TheCity"],"potions_floor_usage":[16,16,16],"damage_taken":[{"damage":1,"enemies":"Cultist","floor":1,"turns":3},{"damage":0,"enemies":"2 Louse","floor":2,"turns":2},{"damage":0,"enemies":"Small Slimes","floor":3,"turns":4},{"damage":4,"enemies":"3 Louse","floor":5,"turns":4},{"damage":6,"enemies":"2 Fungi Beasts","floor":7,"turns":3},{"damage":4,"enemies":"Red Slaver","floor":10,"turns":4},{"damage":7,"enemies":"Blue Slaver","floor":12,"turns":4},{"damage":25,"enemies":"Lagavulin","floor":14,"turns":7},{"damage":52,"enemies":"The Guardian","floor":16,"turns":11},{"damage":7,"enemies":"2 Thieves","floor":18,"turns":4},{"damage":2,"enemies":"Shell Parasite","floor":19,"turns":7},{"damage":5,"enemies":"Chosen and Byrds","floor":21,"turns":7},{"damage":22,"enemies":"Centurion and Healer","floor":22,"turns":5},{"damage":50,"enemies":"Cultist and Chosen","floor":27,"turns":8},{"damage":18,"enemies":"Book of Stabbing","floor":30,"turns":2}],"seed_played":"-4422951775597375654","potions_obtained":[{"floor":2,"key":"FearPotion"},{"floor":5,"key":"GamblersBrew"},{"floor":10,"key":"DistilledChaos"},{"floor":16,"key":"FocusPotion"},{"floor":18,"key":"PowerPotion"},{"floor":21,"key":"sneckomod:MuddlingPotion"}],"is_trial":false,"path_per_floor":["M","M","M","?","M","R","M","R","T","M","?","M","R","E","R","B",null,"M","M","$","M","M","R","?","R","T","M","$","?","E"],"character_chosen":"DEFECT","items_purchased":["Chrysalis","Biased Cognition","Self Repair"],"campfire_rested":4,"item_purchase_floors":[20,20,28],"current_hp_per_floor":[74,74,74,74,70,70,64,64,64,60,49,42,64,39,61,9,75,68,66,66,61,39,61,45,67,67,17,17,17,0,0],"gold":23,"neow_bonus":"TRANSFORM_CARD","is_daily":false,"chose_seed":false,"campfire_upgraded":2,"win_rate":0.0,"timestamp":1609789186,"path_taken":["M","M","M","?","M","R","M","R","T","M","?","M","R","E","R","BOSS","M","M","$","M","M","R","?","R","T","M","$","?","E"],"items_purchased_type":["Card","Card","Card"],"build_version":"2020-12-22","purchased_purges":1,"victory":false,"max_hp_per_floor":[75,75,75,75,75,75,75,75,75,75,75,75,75,75,75,75,75,75,75,75,75,75,75,75,75,75,75,75,75,75,75],"card_choices":[{"not_picked":["Sweeping Beam","Glacier"],"picked":"Conserve Battery","floor":1},{"not_picked":["Rebound","Barrage"],"picked":"Chaos","floor":2},{"not_picked":["Tempest","Compile Driver"],"picked":"Sweeping Beam","floor":3},{"not_picked":["Steam","Leap"],"picked":"White Noise","floor":5},{"not_picked":["Consume","Scrape"],"picked":"Go for the Eyes","floor":7},{"not_picked":["Skim","Redo"],"picked":"Barrage","floor":10},{"not_picked":["Leap","Redo"],"picked":"Go for the Eyes","floor":12},{"not_picked":["Leap","Barrage"],"picked":"Machine Learning","floor":14},{"not_picked":["Buffer","Seek"],"picked":"Fission","floor":16},{"not_picked":[],"picked":"Fission","floor":18},{"not_picked":[],"picked":"Cold Snap","floor":19},{"not_picked":[],"picked":"Rip and Tear","floor":21},{"not_picked":[],"picked":"Stack","floor":22},{"not_picked":[],"picked":"Chaos+1","floor":27}],"player_experience":102801,"relics_obtained":[{"floor":9,"key":"Mummified Hand"},{"floor":14,"key":"Ice Cream"},{"floor":26,"key":"Matryoshka"}],"event_choices":[{"damage_healed":0,"gold_gain":0,"player_choice":"Ignored","damage_taken":0,"max_hp_gain":0,"max_hp_loss":0,"event_name":"Liars Game","floor":4,"gold_loss":0},{"damage_healed":0,"gold_gain":75,"player_choice":"Gather Gold","damage_taken":11,"max_hp_gain":0,"max_hp_loss":0,"event_name":"World of Goop","floor":11,"gold_loss":0},{"damage_healed":0,"gold_gain":0,"player_choice":"Obtained Book","damage_taken":16,"max_hp_gain":0,"max_hp_loss":0,"event_name":"Cursed Tome","floor":24,"gold_loss":0},{"damage_healed":0,"gold_gain":0,"cards_transformed":["Machine Learning","Chrysalis"],"player_choice":"Became Test Subject","damage_taken":0,"max_hp_gain":0,"max_hp_loss":0,"event_name":"Drug Dealer","floor":29,"gold_loss":0,"cards_obtained":["Cold Snap","Discovery"]}],"is_beta":false,"boss_relics":[{"not_picked":["Runic Pyramid","Calling Bell"],"picked":"Busted Crown"}],"items_purged_floors":[20],"is_endless":false,"potions_floor_spawned":[2,5,10,16,18,21],"killed_by":"Book of Stabbing","ascension_level":0}}