{"host":"ryuep8ewa00k39z9","time":1609788620,"event":{"mods":["AchievementEnabler","BaseMod","Best Route Mod","Colored Map","Colored Powertips","Displayed Cursed Tome","Highlight Path","Minty Spire (QoL Compilation)","Quick Restart","SuperFastMode"],"gold_per_floor":[109,109,384,407,184,184,215,246,246,246,246,259,259,273,273,394,394,413,268,268,268,268,268,291,291,291,166,186,210,231,252,252,252,252],"floor_reached":33,"playtime":1200,"items_purged":["Regret","Defend_B","Defend_B"],"score":343,"play_id":"d44097db-241a-4fc5-bc6a-878f6d4028e2","local_time":"20210104133020","is_ascension_mode":true,"campfire_choices":[{"data":"Conserve Battery","floor":6.0,"key":"SMITH"},{"floor":10.0,"key":"REST"},{"data":"Dualcast","floor":13.0,"key":"SMITH"},{"data":"Darkness","floor":15.0,"key":"SMITH"},{"data":"Meteor Strike","floor":23.0,"key":"SMITH"},{"data":"Creative AI","floor":25.0,"key":"SMITH"},{"floor":32,"key":"REST"}],"circlet_count":0,"master_deck":["Zap","Dualcast+1","Conserve Battery+1","Darkness+1","Meteor Strike+1","Conserve Battery","Thunder Strike","Creative AI+1","Capacitor","Barrage+1"],"relics":["Cracked Core","NeowsBlessing","Golden Idol","MealTicket","Odd Mushroom","Gremlin Horn","TungstenRod","Empty Cage"],"acts_visited":["Exordium","TheCity"],"potions_floor_usage":[31],"damage_taken":[{"damage":0.0,"enemies":"Jaw Worm","floor":1.0,"turns":1.0},{"damage":0.0,"enemies":"2 Louse","floor":4.0,"turns":1.0},{"damage":0.0,"enemies":"The Mushroom Lair","floor":7.0,"turns":1.0},{"damage":18.0,"enemies":"Gremlin Nob","floor":8.0,"turns":4.0},{"damage":0.0,"enemies":"Cultist","floor":12.0,"turns":3.0},{"damage":0.0,"enemies":"Large Slime","floor":14.0,"turns":5.0},{"damage":13.0,"enemies":"The Guardian","floor":16.0,"turns":7.0},{"damage":16.0,"enemies":"2 Thieves","floor":18.0,"turns":3.0},{"damage":16.0,"enemies":"3 Byrds","floor":24.0,"turns":5.0},{"damage":6.0,"enemies":"Snake Plant","floor":28.0,"turns":3.0},{"damage":3.0,"enemies":"Sentry and Sphere","floor":29.0,"turns":3.0},{"damage":13.0,"enemies":"Centurion and Healer","floor":30.0,"turns":4.0},{"damage":26,"enemies":"Shelled Parasite and Fungi","floor":31,"turns":5},{"damage":30,"enemies":"Collector","floor":33,"turns":7}],"seed_played":"-6009836536791747676","potions_obtained":[{"floor":7.0,"key":"ColorlessPotion"},{"floor":8.0,"key":"Energy Potion"},{"floor":14.0,"key":"AttackPotion"},{"floor":24.0,"key":"AttackPotion"},{"floor":30.0,"key":"Dexterity Potion"}],"is_trial":false,"path_per_floor":["M","?","?","M","$","R","?","E","T","R","?","M","R","M","R","B",null,"M","$","?","?","?","R","M","R","T","$","M","M","M","M","R","B"],"character_chosen":"DEFECT","items_purchased":["MealTicket","Conserve Battery"],"campfire_rested":2,"item_purchase_floors":[5,19],"current_hp_per_floor":[68,50,50,50,50,50,50,32,32,54,48,48,48,48,48,35,65,49,64,64,64,64,64,48,48,48,63,57,54,41,15,37,7,7],"gold":252,"neow_bonus":"THREE_ENEMY_KILL","is_daily":false,"chose_seed":false,"campfire_upgraded":5,"win_rate":0.0,"timestamp":1609788620,"path_taken":["M","?","?","?","$","R","?","E","T","R","?","M","R","M","R","BOSS","M","$","?","?","?","R","M","R","T","$","M","M","M","M","R","BOSS"],"items_purchased_type":["Relic","Card"],"build_version":"2020-12-22","purchased_purges":3,"victory":false,"max_hp_per_floor":[75,75,75,75,75,75,75,75,75,75,75,75,75,75,75,75,75,75,75,75,75,75,75,75,75,75,75,75,75,75,75,75,75,75],"card_choices":[{"not_picked":["Gash","Hologram","Coolheaded"],"picked":"SKIP","floor":1.0},{"not_picked":["Doom and Gloom","Steam Power"],"picked":"Conserve Battery","floor":4.0},{"not_picked":["Streamline","Barrage","Sweeping Beam"],"picked":"SKIP","floor":8.0},{"not_picked":["Hello World","Steam","Coolheaded"],"picked":"SKIP","floor":12.0},{"not_picked":["Coolheaded","Rebound"],"picked":"Darkness","floor":14.0},{"not_picked":["Creative AI","All For One"],"picked":"Meteor Strike","floor":16.0},{"not_picked":["Force Field","Barrage+1","Compile Driver"],"picked":"SKIP","floor":18.0},{"not_picked":["Double Energy","Sweeping Beam"],"picked":"Barrage+1","floor":24.0},{"not_picked":["Rip and Tear","Darkness","Go for the Eyes"],"picked":"SKIP","floor":28.0},{"not_picked":["White Noise","Cold Snap","Steam"],"picked":"SKIP","floor":29.0},{"not_picked":["Stack","Heatsinks","Ball Lightning"],"picked":"SKIP","floor":30.0},{"not_picked":["Chill+1","Turbo","Loop"],"picked":"SKIP","floor":31}],"player_experience":3898365,"relics_obtained":[{"floor":7.0,"key":"Odd Mushroom"},{"floor":8.0,"key":"Gremlin Horn"},{"floor":9.0,"key":"TungstenRod"}],"event_choices":[{"damage_healed":0.0,"max_hp_gain":0.0,"max_hp_loss":0.0,"gold_gain":0.0,"event_name":"Golden Idol","player_choice":"Take Damage","floor":2.0,"gold_loss":0.0,"damage_taken":18.0,"relics_obtained":["Golden Idol"]},{"damage_healed":0.0,"max_hp_gain":0.0,"max_hp_loss":0.0,"gold_gain":275.0,"event_name":"Golden Shrine","player_choice":"Desecrate","floor":3.0,"gold_loss":0.0,"damage_taken":0.0,"cards_obtained":["Regret"]},{"damage_healed":0.0,"max_hp_gain":0.0,"max_hp_loss":0.0,"gold_gain":0.0,"event_name":"Mushrooms","player_choice":"Fought Mushrooms","floor":7.0,"gold_loss":0.0,"damage_taken":0.0},{"cards_removed":["Defend_B"],"damage_healed":0.0,"max_hp_gain":0.0,"max_hp_loss":0.0,"gold_gain":0.0,"event_name":"Golden Wing","player_choice":"Card Removal","floor":11.0,"gold_loss":0.0,"damage_taken":7.0},{"damage_healed":0.0,"max_hp_gain":0.0,"max_hp_loss":0.0,"gold_gain":0.0,"cards_transformed":["Strike_B","Defend_B"],"event_name":"Drug Dealer","player_choice":"Became Test Subject","floor":20.0,"gold_loss":0.0,"damage_taken":0.0,"cards_obtained":["Thunder Strike","Creative AI"]},{"damage_healed":0.0,"max_hp_gain":0.0,"max_hp_loss":0.0,"gold_gain":0.0,"event_name":"The Library","player_choice":"Read","floor":21.0,"gold_loss":0.0,"damage_taken":0.0,"cards_obtained":["Capacitor"]},{"cards_removed":["Strike_B"],"damage_healed":0.0,"max_hp_gain":0.0,"max_hp_loss":0.0,"gold_gain":0.0,"event_name":"Back to Basics","player_choice":"Elegance","floor":22.0,"gold_loss":0.0,"damage_taken":0.0}],"is_beta":false,"boss_relics":[{"not_picked":["Fusion Hammer","FrozenCore"],"picked":"Empty Cage"}],"items_purged_floors":[5,19,27],"is_endless":false,"potions_floor_spawned":[7,8,14,24,30],"killed_by":"Collector","ascension_level":8}}