{"host":"d7qmn60fs48wu5y6","time":1609800120,"event":{"mods":["BaseMod","Downfall","Marisa????????","Minty Spire (QoL Compilation)","Shade Mod","StSLib","The Bug Knight","The Cursed","The Necromancer","The Servant 0.9.4"],"gold_per_floor":[109,184,184,184,198,226,226,253,253,283,283,283,283,294,294,392,392,410,420,218,218,230,230,145,191,203,233,272,284,296,338,350,459,471,499,308,308,326,346,372,372,384,384,125,456,456,456,456,456,456,456,456,9,43,43],"floor_reached":56,"playtime":2707,"items_purged":["Strike_W","Strike_W","Strike_W","Strike_W"],"score":1376,"play_id":"071bf2ae-dfa4-49fc-b58d-65660ef6168c","local_time":"20210104144200","is_ascension_mode":true,"campfire_choices":[{"floor":7,"key":"REST"},{"floor":11,"key":"REST"},{"data":"Summon_Vampire_Lady","floor":13,"key":"SMITH"},{"data":"Spectral_Walk","floor":15,"key":"SMITH"},{"data":"Summon_Vampire_Lady","floor":23,"key":"SMITH"},{"floor":29,"key":"RECALL"},{"data":"Siphon_Strength","floor":32,"key":"SMITH"},{"floor":41,"key":"DIG"},{"data":"Summon_Death_Knight","floor":47,"key":"SMITH"},{"floor":49,"key":"DIG"},{"floor":52,"key":"DIG"}],"circlet_count":0,"master_deck":["Defend_W","Defend_W","Defend_W","Defend_W","Negative_Energy_Arrows","Bone_Wall","expansioncontent:DarkVoid","Negative_Energy_Javelin","Negative_Energy_Shield","Spectral_Armor","Summon_Vampire_Lady+1","Spectral_Walk+1","Summon_Vampire_Lady+1","Siphon_Strength+1","Negative_Energy_Mist+1","Summon_Lich","J.A.X.","Spectral_Armor","Summon_Lich","Summon_Death_Knight+1","Siphon_Strength+1","Summon_Vampire_Lady+1","Necromantic_Selection","Mayhem","Summon_Death_Knight+1","Panache","Summon_Lich","Slay_Living"],"relics":["Vampire_Amulet","Regal Pillow","MealTicket","Question Card","Gremlin Horn","SlaversCollar","Membership Card","MawBank","Shovel","Bottled Lightning","Mummified Hand","HornCleat","SacredBark","Gambling Chip","Letter Opener","Smiling Mask","Singing Bowl","DollysMirror","Old Coin","Girya","StrikeDummy","Kunai","Lizard Tail","Lantern","Shuriken"],"acts_visited":["Exordium","TheCity","TheBeyond","TheEnding"],"potions_floor_usage":[6,10,28,55,55,55],"damage_taken":[{"damage":2,"enemies":"Jaw Worm","floor":1,"turns":5},{"damage":10,"enemies":"Small Slimes","floor":5,"turns":2},{"damage":49,"enemies":"Lagavulin","floor":6,"turns":10},{"damage":15,"enemies":"3 Sentries","floor":8,"turns":12},{"damage":7,"enemies":"Gremlin Nob","floor":10,"turns":6},{"damage":0,"enemies":"Cultist","floor":14,"turns":3},{"damage":32,"enemies":"Slime Boss","floor":16,"turns":14},{"damage":21,"enemies":"3 Byrds","floor":18,"turns":6},{"damage":24,"enemies":"Spheric Guardian","floor":19,"turns":7},{"damage":22,"enemies":"Snake Plant","floor":22,"turns":6},{"damage":11,"enemies":"Book of Stabbing","floor":25,"turns":9},{"damage":30,"enemies":"Snecko","floor":27,"turns":7},{"damage":37,"enemies":"Gremlin Leader","floor":28,"turns":7},{"damage":10,"enemies":"Book of Stabbing","floor":31,"turns":7},{"damage":35,"enemies":"Collector","floor":33,"turns":12},{"damage":13,"enemies":"3 Darklings","floor":35,"turns":6},{"damage":22,"enemies":"3 Shapes","floor":38,"turns":6},{"damage":12,"enemies":"Maw","floor":39,"turns":10},{"damage":27,"enemies":"Giant Head","floor":40,"turns":12},{"damage":17,"enemies":"Jaw Worm Horde","floor":42,"turns":5},{"damage":4,"enemies":"Nemesis","floor":45,"turns":7},{"damage":50,"enemies":"Awakened One","floor":50,"turns":13},{"damage":5,"enemies":"Shield and Spear","floor":54,"turns":6},{"damage":65,"enemies":"The Heart","floor":55,"turns":10}],"seed_played":"13779070961745964","potions_obtained":[{"floor":5,"key":"Explosive Potion"},{"floor":8,"key":"EssenceOfSteel"},{"floor":10,"key":"SmokeBomb"},{"floor":14,"key":"SneckoOil"},{"floor":25,"key":"ColorlessPotion"},{"floor":27,"key":"LiquidBronze"},{"floor":28,"key":"Fruit Juice"},{"floor":31,"key":"CultistPotion"},{"floor":37,"key":"Dexterity Potion"}],"is_trial":false,"path_per_floor":["M","?","?","?","M","E","R","E","T","E","R","?","R","M","R","B",null,"M","M","$","?","M","R","?","E","T","M","E","R","?","E","R","B",null,"M","$","?","M","M","E","R","M","T","$","E","T","R","?","R","B",null,"R","$","E","B",null],"character_chosen":"NECROMANCER","items_purchased":["Membership Card","Summon_Lich","Gambling Chip","DollysMirror","Necromantic_Selection","Mayhem","Panache","Lizard Tail","Summon_Lich","Slay_Living","Lantern"],"campfire_rested":2,"item_purchase_floors":[20,20,36,44,44,44,53,53,53,53,53],"current_hp_per_floor":[75,64,61,61,55,8,45,36,36,31,68,68,68,75,75,75,75,75,75,75,75,75,75,75,75,75,74,71,71,71,80,80,80,80,80,80,80,77,80,77,77,80,80,80,82,82,82,82,82,82,82,82,82,84,78],"gold":43,"neow_bonus":"RANDOM_COLORLESS","is_daily":false,"chose_seed":false,"campfire_upgraded":5,"win_rate":0.0,"timestamp":1609800120,"path_taken":["M","?","?","?","?","E","R","E","T","E","R","?","R","M","R","BOSS","M","M","$","?","M","R","?","E","T","M","E","R","?","E","R","BOSS","M","$","?","M","M","E","R","?","T","$","E","?","R","?","R","BOSS","R","$","E","BOSS"],"items_purchased_type":["Relic","Card","Relic","Relic","Card","Card","Card","Relic","Card","Card","Relic"],"build_version":"2020-12-22","purchased_purges":4,"victory":true,"max_hp_per_floor":[75,75,75,75,75,75,75,75,75,75,75,75,75,75,75,75,75,75,75,75,75,75,75,75,75,75,75,80,80,80,80,80,80,80,80,80,80,80,80,80,80,80,80,80,82,82,82,82,82,82,82,82,82,84,84],"card_choices":[{"not_picked":["Panacea","Dramatic Entrance"],"picked":"expansioncontent:DarkVoid","floor":0},{"not_picked":["Bone_Spikes","Blood_Whip","Death_Coil"],"picked":"SKIP","floor":1},{"not_picked":["Chill_Blood","Death_Knell"],"picked":"Negative_Energy_Javelin","floor":5},{"not_picked":["Toxic_Smoke_Screen","Shackles_Of_Pain"],"picked":"Negative_Energy_Shield","floor":6},{"not_picked":["Blood_Whip","Whirlwind_of_Bones"],"picked":"Spectral_Armor","floor":8},{"not_picked":["Blood_Is_Power","Negative_Energy_Shield","Blood_for_Blood"],"picked":"Summon_Vampire_Lady","floor":10},{"not_picked":["Blood_Shield","Bone_Armor","Bone_Shift"],"picked":"Spectral_Walk","floor":14},{"not_picked":["Grasp_Heart","Summon_Death_Knight","Blood_Wake"],"picked":"Summon_Vampire_Lady","floor":16},{"not_picked":["Thousand_Bone_Knives","Finger_Of_Death+1","Negative_Energy_Shield"],"picked":"Siphon_Strength","floor":18},{"not_picked":["Necrotic_Claws","Bone_Spikes","Deaths_Shadow"],"picked":"Negative_Energy_Mist+1","floor":19},{"not_picked":["Bone_Armor","Scare","Epidemic","Toxic_Smoke_Screen"],"picked":"SKIP","floor":22},{"not_picked":["Bone_Armor","Scare","Epidemic","Toxic_Smoke_Screen"],"picked":"SKIP","floor":22},{"not_picked":["Blood_Whip","Summon_Lich+1","Cloudkill"],"picked":"Spectral_Armor","floor":25},{"not_picked":["Pandemic","Necrotic_Claws","Negative_Energy_Sphere"],"picked":"Summon_Lich","floor":27},{"not_picked":["Bone_Bullets","Toxic_Smoke_Screen","Flesh_Made_Foul+1","Pandemic+1"],"picked":"SKIP","floor":28},{"not_picked":["Summon_Undead_Army","Strike_from_Beyond","Negative_Energy_Shield","Finger_Of_Death"],"picked":"SKIP","floor":31},{"not_picked":["Skeleton_Dragon","Detonate_Bones","Hellfire"],"picked":"Summon_Death_Knight","floor":33},{"not_picked":["Bone_Bullets+1","Bone_Shift","Consume_Illness+1","Vampiric_Strike+1"],"picked":"SKIP","floor":35},{"not_picked":["Bone_Spikes+1","Toxic_Smoke_Screen","Scare","Exploit+1"],"picked":"SKIP","floor":38},{"not_picked":["Bone_Shift+1","Negative_Energy_Javelin","Scare+1","Death_Coil"],"picked":"SKIP","floor":39},{"not_picked":["Toxic_Smoke_Screen+1","Hellfire","Bone_Prison+1"],"picked":"Siphon_Strength+1","floor":40},{"not_picked":["Death_March_Dance+1","Negative_Energy_Sphere+1","Blood_Curse","Life_Drain+1"],"picked":"SKIP","floor":42},{"not_picked":["Negative_Energy_Javelin","Thousand_Bone_Knives","Death_Coil+1","Life_Drain+1"],"picked":"Singing Bowl","floor":45},{"not_picked":["Epidemic+1","Scare","Bones_to_Steel","Death_Knell"],"picked":"Singing Bowl","floor":54}],"player_experience":914777,"relics_obtained":[{"floor":6,"key":"MealTicket"},{"floor":8,"key":"Question Card"},{"floor":10,"key":"Gremlin Horn"},{"floor":25,"key":"Shovel"},{"floor":26,"key":"Bottled Lightning"},{"floor":28,"key":"Mummified Hand"},{"floor":31,"key":"HornCleat"},{"floor":40,"key":"Letter Opener"},{"floor":41,"key":"Smiling Mask"},{"floor":43,"key":"Singing Bowl"},{"floor":45,"key":"Old Coin"},{"floor":46,"key":"Girya"},{"floor":49,"key":"StrikeDummy"},{"floor":52,"key":"Kunai"},{"floor":54,"key":"Shuriken"}],"event_choices":[{"damage_healed":0,"gold_gain":75,"player_choice":"Gather Gold","damage_taken":11,"max_hp_gain":0,"max_hp_loss":0,"event_name":"World of Goop","floor":2,"gold_loss":0},{"damage_healed":0,"gold_gain":0,"player_choice":"Success","damage_taken":3,"relics_obtained":["Regal Pillow"],"max_hp_gain":0,"max_hp_loss":0,"event_name":"Scrap Ooze","floor":3,"gold_loss":0},{"damage_healed":0,"gold_gain":0,"player_choice":"Bought 0 Potions","damage_taken":0,"max_hp_gain":0,"max_hp_loss":0,"event_name":"The Woman in Blue","floor":4,"gold_loss":0},{"damage_healed":0,"gold_gain":0,"player_choice":"Ignored","damage_taken":0,"max_hp_gain":0,"max_hp_loss":0,"event_name":"Golden Idol","floor":12,"gold_loss":0},{"damage_healed":0,"gold_gain":0,"player_choice":"Obtain J.A.X.","damage_taken":0,"max_hp_gain":0,"max_hp_loss":0,"event_name":"Drug Dealer","floor":21,"gold_loss":0,"cards_obtained":["J.A.X."]},{"damage_healed":0,"gold_gain":0,"player_choice":"Obtained Relic","damage_taken":0,"relics_obtained":["MawBank"],"max_hp_gain":0,"max_hp_loss":0,"event_name":"Addict","floor":24,"gold_loss":85},{"damage_healed":0,"gold_gain":0,"player_choice":"Got Potions","damage_taken":0,"max_hp_gain":0,"max_hp_loss":0,"event_name":"Lab","floor":37,"gold_loss":0},{"damage_healed":0,"gold_gain":0,"player_choice":"Copied","damage_taken":0,"max_hp_gain":0,"max_hp_loss":0,"event_name":"Duplicator","floor":48,"gold_loss":0,"cards_obtained":["Summon_Death_Knight"]}],"is_beta":false,"boss_relics":[{"not_picked":["Calling Bell","Snecko Eye"],"picked":"SlaversCollar"},{"not_picked":["Runic Pyramid","Philosopher\u0027s Stone"],"picked":"SacredBark"}],"items_purged_floors":[20,36,44,53],"is_endless":false,"potions_floor_spawned":[5,8,10,14,25,27,28,31,33,35,40],"ascension_level":1}}