{"host":"mgc7o2tpy0ck407l","time":1609726127,"event":{"mods":["Alarm Clock","AlwaysNeverKeys","BaseMod","Better Altar","Better Match","Better Note","Better Sensory Stone","Better Skull","Better Third Choice","Better Vampires","Block Reminder","Booster Modes","Challenge The Spire","Colored Map","Colored Powertips","Disable Question Mark Monsters","Emptier Cage","Infinite Spire","Minty Spire (QoL Compilation)","Permanent Neow","Quick Restart","Rare Cards Sparkle","Reorder Act Four","Replay The Spire","Spicy Shops","StSLib","Transform Curses","Unceasing Turn Reminder"],"gold_per_floor":[116,43,43,53,63,63,74,74,74,84,117,42,42,57,57,57,57],"floor_reached":16,"playtime":2160,"items_purged":["Strike_B"],"score":107,"play_id":"9ca02bfa-c58c-44fc-9e0e-9d1728459dae","local_time":"20210103210847","is_ascension_mode":true,"campfire_choices":[{"data":"BasicCrystalCard","floor":6.0,"key":"SMITH"},{"data":"Loop","floor":8.0,"key":"SMITH"},{"floor":15.0,"key":"REST"}],"circlet_count":0,"master_deck":["Strike_B","Defend_B","Defend_B","Defend_B","Defend_B","Zap","Dualcast","ReplayGash","Gash","BasicCrystalCard+1","Force Field","Loop+1","Leap","Storm","Coolheaded"],"relics":["Cracked Core","Strange Spoon","Mummified Hand","Snack Pack","Replay:Accelerometer"],"acts_visited":["Exordium"],"potions_floor_usage":[],"damage_taken":[{"damage":0.0,"enemies":"2 Louse","floor":1.0,"turns":2.0},{"damage":0.0,"enemies":"Cultist","floor":4.0,"turns":3.0},{"damage":15.0,"enemies":"Jaw Worm","floor":5.0,"turns":4.0},{"damage":29.0,"enemies":"Gremlin Gang","floor":7.0,"turns":5.0},{"damage":8.0,"enemies":"2 Fungi Beasts","floor":10.0,"turns":3.0},{"damage":14.0,"enemies":"3 Sentries","floor":11.0,"turns":9.0},{"damage":6.0,"enemies":"3 Louse","floor":14.0,"turns":3.0},{"damage":11,"enemies":"Fading Forest","floor":16,"turns":7}],"seed_played":"-6622871378219762851","potions_obtained":[{"floor":4.0,"key":"Milkshake"},{"floor":11.0,"key":"Milkshake"}],"is_trial":false,"path_per_floor":["M","$","?","M","M","R","M","R","T","M","E","$","?","M","R","B"],"character_chosen":"DEFECT","items_purchased":["Strange Spoon"],"campfire_rested":1,"item_purchase_floors":[2],"current_hp_per_floor":[75,75,75,75,60,60,31,31,31,23,9,9,9,3,25,24,24],"gold":57,"neow_bonus":"TRANSFORM_CARD","is_daily":false,"chose_seed":false,"campfire_upgraded":2,"win_rate":0.0,"timestamp":1609726127,"path_taken":["M","$","?","M","M","R","M","R","T","M","E","$","?","M","R","BOSS"],"items_purchased_type":["Relic"],"build_version":"2020-12-22","purchased_purges":1,"victory":false,"max_hp_per_floor":[75,75,75,75,75,75,75,75,75,75,75,75,75,75,75,75,75],"card_choices":[{"not_picked":["Turbo","Sweeping Beam"],"picked":"Gash","floor":1.0},{"not_picked":["ReplayTheSpireMod:GoodbyeWorld","Ball Lightning"],"picked":"BasicCrystalCard","floor":4.0},{"not_picked":["Turbo","Rip and Tear"],"picked":"Force Field","floor":5.0},{"not_picked":["Darkness","Blizzard"],"picked":"Loop","floor":7.0},{"not_picked":["Streamline","ReplayTheSpireMod:System Scan"],"picked":"Leap","floor":10.0},{"not_picked":["Streamline","Rebound","Amplify"],"picked":"SKIP","floor":11.0},{"not_picked":["Steam","Stack"],"picked":"Coolheaded","floor":14.0}],"player_experience":720457,"relics_obtained":[{"floor":3.0,"key":"Mummified Hand"},{"floor":9.0,"key":"Snack Pack"},{"floor":11.0,"key":"Replay:Accelerometer"}],"event_choices":[{"damage_healed":0.0,"max_hp_gain":0.0,"max_hp_loss":0.0,"gold_gain":0.0,"cards_transformed":["Strike_B"],"event_name":"Transmorgrifier","player_choice":"Transformed","floor":13.0,"gold_loss":0.0,"damage_taken":0.0,"cards_obtained":["Storm"]}],"is_beta":false,"boss_relics":[],"items_purged_floors":[12],"is_endless":false,"potions_floor_spawned":[4,11],"killed_by":"Fading Forest","ascension_level":1}}