{"host":"gx7yyrn1gkym3qpb","time":1609742094,"event":{"mods":["AchievementEnabler","BaseMod","Better Altar","Better Match","Better Note","Better Sensory Stone","Better Skull","Better Third Choice","Highlight Path","Minty Spire (QoL Compilation)","Permanent Neow","Quick Restart","StSLib","Unceasing Turn Reminder"],"gold_per_floor":[119,119,132,146,146,175,190,222,273,273,295,295,307,336,336,336,336],"floor_reached":16,"playtime":582,"items_purged":[],"score":261,"play_id":"98b6b05e-d77e-4b4c-8de1-a37956a21213","local_time":"20210104013454","is_ascension_mode":true,"campfire_choices":[{"data":"Defragment","floor":10,"key":"SMITH"},{"data":"Auto Shields","floor":15,"key":"SMITH"}],"circlet_count":0,"master_deck":["AscendersBane","Strike_B","Strike_B","Defend_B","Defend_B","Zap","Dualcast","Ball Lightning","Auto Shields+1","Sweeping Beam","Defragment+1","Conserve Battery","Glacier","Darkness"],"relics":["Cracked Core","Centennial Puzzle","Ornamental Fan","Strawberry","Odd Mushroom","Nunchaku"],"acts_visited":["Exordium"],"potions_floor_usage":[8,11,14,16],"damage_taken":[{"damage":2,"enemies":"Jaw Worm","floor":1,"turns":4},{"damage":1,"enemies":"2 Louse","floor":3,"turns":2},{"damage":0,"enemies":"Cultist","floor":4,"turns":3},{"damage":35,"enemies":"3 Sentries","floor":6,"turns":8},{"damage":0,"enemies":"Large Slime","floor":7,"turns":4},{"damage":0,"enemies":"Lagavulin","floor":8,"turns":7},{"damage":1,"enemies":"The Mushroom Lair","floor":11,"turns":3},{"damage":1,"enemies":"2 Fungi Beasts","floor":13,"turns":2},{"damage":7,"enemies":"Gremlin Nob","floor":14,"turns":4},{"damage":38,"enemies":"Slime Boss","floor":16,"turns":3}],"seed_played":"252752158251512703","potions_obtained":[{"floor":4,"key":"Block Potion"},{"floor":7,"key":"AttackPotion"},{"floor":8,"key":"LiquidMemories"},{"floor":11,"key":"SkillPotion"},{"floor":13,"key":"Strength Potion"},{"floor":14,"key":"SkillPotion"}],"is_trial":false,"path_per_floor":["M","?","M","M","?","E","M","E","T","R","?","?","M","E","R","B"],"character_chosen":"DEFECT","items_purchased":[],"campfire_rested":0,"item_purchase_floors":[],"current_hp_per_floor":[44,37,36,36,36,1,1,1,8,8,7,12,11,4,4,0,0],"gold":336,"neow_bonus":"REMOVE_TWO","is_daily":false,"chose_seed":false,"campfire_upgraded":2,"win_rate":0.0,"timestamp":1609742094,"path_taken":["M","?","M","M","?","E","?","E","T","R","?","?","M","E","R","BOSS"],"items_purchased_type":[],"build_version":"2020-12-22","purchased_purges":0,"victory":false,"max_hp_per_floor":[71,71,71,71,71,71,71,71,78,78,78,83,83,83,83,83,83],"card_choices":[{"not_picked":["Streamline","Auto Shields"],"picked":"Ball Lightning","floor":1},{"not_picked":["Streamline","Force Field"],"picked":"Auto Shields","floor":3},{"not_picked":["Chill","FTL"],"picked":"Sweeping Beam","floor":4},{"not_picked":["Melter","Capacitor"],"picked":"Defragment","floor":6},{"not_picked":["Auto Shields","Doom and Gloom"],"picked":"Conserve Battery","floor":7},{"not_picked":["Cold Snap","Skim"],"picked":"Glacier","floor":8},{"not_picked":["Auto Shields","Turbo"],"picked":"Darkness","floor":13},{"not_picked":["Beam Cell","Heatsinks","Static Discharge"],"picked":"SKIP","floor":14}],"player_experience":386035,"relics_obtained":[{"floor":6,"key":"Centennial Puzzle"},{"floor":8,"key":"Ornamental Fan"},{"floor":9,"key":"Strawberry"},{"floor":11,"key":"Odd Mushroom"},{"floor":14,"key":"Nunchaku"}],"event_choices":[{"cards_removed":["Strike_B"],"damage_healed":0,"gold_gain":0,"player_choice":"Card Removal","damage_taken":7,"max_hp_gain":0,"max_hp_loss":0,"event_name":"Golden Wing","floor":2,"gold_loss":0},{"cards_removed":["Defend_B"],"damage_healed":0,"gold_gain":0,"player_choice":"Offered Basic","damage_taken":0,"max_hp_gain":0,"max_hp_loss":0,"event_name":"Bonfire Elementals","floor":5,"gold_loss":0},{"damage_healed":0,"gold_gain":0,"player_choice":"Fought Mushrooms","damage_taken":0,"max_hp_gain":0,"max_hp_loss":0,"event_name":"Mushrooms","floor":11,"gold_loss":0},{"damage_healed":0,"gold_gain":0,"player_choice":"Donut","damage_taken":0,"max_hp_gain":5,"max_hp_loss":0,"event_name":"Big Fish","floor":12,"gold_loss":0}],"is_beta":false,"boss_relics":[],"items_purged_floors":[],"is_endless":false,"potions_floor_spawned":[4,7,8,11,13,14],"killed_by":"Slime Boss","ascension_level":16}}