{"host":"c7ste7wj722ux05l","time":1609780592,"event":{"mods":["Act Like it!","BaseMod","BetterRewards","Colored Map","Colored Powertips","Custom Start","GifTheSpireLib","Googly Eyes","Minty Spire (QoL Compilation)","Rare Cards Sparkle","StSLib","The Jungle"],"gold_per_floor":[118,118,118,132,150,175,175,187,212,226,240,269,284,297,297,400,450,468,17,29,42,56,56,82,7,7,7,7,7,7,27,27,122,122,132,142,142,152,203,253,0,17,17,37,37,71,71,114,114,114,114,114,14,48,48,48],"floor_reached":55,"playtime":5619,"items_purged":["Strike_P","Parasite"],"score":958,"play_id":"cb7cbe2c-ef7b-4738-be4b-166686ca79bb","local_time":"20210104181632","is_ascension_mode":false,"campfire_choices":[{"data":"Judgement","floor":7.0,"key":"SMITH"},{"floor":15.0,"key":"RECALL"},{"data":"Wish","floor":23.0,"key":"SMITH"},{"data":"Brilliance","floor":28.0,"key":"SMITH"},{"data":"Eruption","floor":30.0,"key":"SMITH"},{"floor":32.0,"key":"REST"},{"floor":45.0,"key":"REST"},{"floor":47.0,"key":"REST"},{"floor":49.0,"key":"REST"},{"data":"Evaluate","floor":52.0,"key":"SMITH"}],"circlet_count":0,"master_deck":["Strike_P+1","Strike_P+1","Defend_P+1","Defend_P+1","Defend_P+1","Defend_P+1","Eruption+1","Vigilance","ThirdEye","WindmillStrike+1","ClearTheMind+1","Pray+1","Judgement+1","LikeWater+1","Meditate","Weave","Brilliance+1","FearNoEvil","Prostrate+1","Wish+1","FollowUp","Adaptation+1","LikeWater+1","JustLucky","Halt","DeceiveReality+1","JustLucky","Wireheading+1","Devotion+1","ClearTheMind+1","FlyingSleeves+1","FollowUp+1","Evaluate+1","Study+1","Collect+1","MentalFortress+1"],"relics":["HolyWater","Frozen Egg 2","Nunchaku","Juzu Bracelet","Oddly Smooth Stone","Tiny House","Thread and Needle","War Paint","Nilry\u0027s Codex","StoneCalendar","Incense Burner","Red Mask","Ginger","Toxic Egg 2","Bottled Flame"],"acts_visited":["Exordium","TheCity","TheBeyond","TheEnding"],"potions_floor_usage":[55],"damage_taken":[{"damage":4.0,"enemies":"Jaw Worm","floor":1.0,"turns":6.0},{"damage":0.0,"enemies":"Small Slimes","floor":4.0,"turns":3.0},{"damage":0.0,"enemies":"Cultist","floor":5.0,"turns":3.0},{"damage":31.0,"enemies":"3 Sentries","floor":6.0,"turns":8.0},{"damage":7.0,"enemies":"Blue Slaver","floor":8.0,"turns":2.0},{"damage":0.0,"enemies":"Exordium Wildlife","floor":10.0,"turns":4.0},{"damage":0.0,"enemies":"Looter","floor":11.0,"turns":3.0},{"damage":6.0,"enemies":"Lagavulin","floor":12.0,"turns":5.0},{"damage":4.0,"enemies":"2 Fungi Beasts","floor":13.0,"turns":3.0},{"damage":0.0,"enemies":"Blue Slaver","floor":14.0,"turns":4.0},{"damage":7.0,"enemies":"The Guardian","floor":16.0,"turns":8.0},{"damage":7.0,"enemies":"Spheric Guardian","floor":18.0,"turns":4.0},{"damage":3.0,"enemies":"2 Thieves","floor":20.0,"turns":4.0},{"damage":12.0,"enemies":"Cultist and Chosen","floor":21.0,"turns":10.0},{"damage":4.0,"enemies":"Snake Plant","floor":22.0,"turns":4.0},{"damage":16.0,"enemies":"Slavers","floor":24.0,"turns":10.0},{"damage":0.0,"enemies":"3 Cultists","floor":31.0,"turns":6.0},{"damage":37.0,"enemies":"Automaton","floor":33.0,"turns":13.0},{"damage":1.0,"enemies":"3 Shapes","floor":35.0,"turns":6.0},{"damage":9.0,"enemies":"3 Darklings","floor":36.0,"turns":6.0},{"damage":0.0,"enemies":"Writhing Mass","floor":38.0,"turns":8.0},{"damage":46.0,"enemies":"2 Orb Walkers","floor":39.0,"turns":5.0},{"damage":0.0,"enemies":"Mind Bloom Boss Battle","floor":40.0,"turns":8.0},{"damage":0.0,"enemies":"Maw","floor":42.0,"turns":8.0},{"damage":0.0,"enemies":"4 Shapes","floor":44.0,"turns":7.0},{"damage":10.0,"enemies":"Reptomancer","floor":46.0,"turns":8.0},{"damage":30.0,"enemies":"3 Darklings","floor":48.0,"turns":5.0},{"damage":27.0,"enemies":"Donu and Deca","floor":50.0,"turns":12.0},{"damage":38.0,"enemies":"Shield and Spear","floor":54.0,"turns":10.0},{"damage":37,"enemies":"The Heart","floor":55,"turns":2}],"seed_played":"-5058212492478979603","potions_obtained":[{"floor":4.0,"key":"Energy Potion"},{"floor":10.0,"key":"SteroidPotion"},{"floor":13.0,"key":"DistilledChaos"},{"floor":16.0,"key":"Energy Potion"},{"floor":17.0,"key":"BlessingOfTheForge"},{"floor":33.0,"key":"Energy Potion"},{"floor":44.0,"key":"SkillPotion"},{"floor":46.0,"key":"LiquidMemories"},{"floor":48.0,"key":"BlessingOfTheForge"},{"floor":54.0,"key":"GamblersBrew"}],"is_trial":false,"path_per_floor":["M","?","?","M","M","E","R","M","T","M","M","E","M","M","R","B",null,"M","$","M","M","M","R","E","?","T","?","R","?","R","M","R","B",null,"M","M","?","M","?","?","?","M","T","M","R","E","R","M","R","B",null,"R","$","E","B"],"character_chosen":"WATCHER","items_purchased":["Frozen Egg 2","ThirdEye","Thread and Needle","LikeWater+1","JustLucky"],"campfire_rested":4,"item_purchase_floors":[0,0,19,19,19],"current_hp_per_floor":[58,58,58,58,58,27,27,20,20,20,20,14,10,10,10,3,77,70,70,67,55,51,51,35,35,35,35,35,19,19,19,42,5,77,76,67,67,67,21,21,21,21,21,21,44,34,57,27,50,23,77,77,74,36,0,0],"gold":48,"neow_bonus":"","is_daily":false,"chose_seed":false,"campfire_upgraded":5,"win_rate":0.0,"timestamp":1609780592,"path_taken":["M","?","?","?","M","E","R","M","T","M","M","E","M","M","R","BOSS","M","$","M","M","M","R","E","?","T","?","R","?","R","M","R","BOSS","M","M","?","M","?","?","?","M","T","M","R","E","R","M","R","BOSS","R","$","E","BOSS"],"items_purchased_type":["Relic","Card","Relic","Card","Card"],"build_version":"2020-12-22","purchased_purges":2,"victory":false,"max_hp_per_floor":[72,72,72,72,72,72,72,72,72,72,72,72,72,72,72,72,77,77,77,77,77,77,77,77,77,77,77,77,77,77,77,77,77,77,77,77,77,77,77,77,77,77,77,77,77,77,77,77,77,77,77,77,74,74,74,74],"card_choices":[{"not_picked":["ThirdEye","FlyingSleeves"],"picked":"WindmillStrike","floor":1.0},{"not_picked":["Protect","ThirdEye"],"picked":"ClearTheMind","floor":4.0},{"not_picked":["WreathOfFlame","BowlingBash"],"picked":"Pray","floor":5.0},{"not_picked":["Halt","ForeignInfluence"],"picked":"Judgement","floor":6.0},{"not_picked":["PathToVictory","EmptyBody"],"picked":"LikeWater+1","floor":8.0},{"not_picked":["FlyingSleeves","JustLucky"],"picked":"Meditate","floor":10.0},{"not_picked":["SashWhip","Pray"],"picked":"Weave","floor":11.0},{"not_picked":["WindmillStrike","WreathOfFlame"],"picked":"Brilliance","floor":12.0},{"not_picked":["PathToVictory","CutThroughFate"],"picked":"FearNoEvil","floor":13.0},{"not_picked":["ClearTheMind","ForeignInfluence"],"picked":"Prostrate","floor":14.0},{"not_picked":["DeusExMachina","Vault"],"picked":"Wish","floor":16.0},{"not_picked":["WreathOfFlame","DeceiveReality"],"picked":"FollowUp","floor":17.0},{"not_picked":["PathToVictory","ClearTheMind"],"picked":"Adaptation+1","floor":18.0},{"not_picked":["BattleHymn+1","EmptyFist"],"picked":"SashWhip","floor":20.0},{"not_picked":["SashWhip","Wallop"],"picked":"Halt","floor":21.0},{"not_picked":["EmptyFist+1","Worship"],"picked":"DeceiveReality+1","floor":22.0},{"not_picked":["Judgement","EmptyBody"],"picked":"JustLucky","floor":24.0},{"not_picked":["EmptyMind","FlyingSleeves+1"],"picked":"Wireheading+1","floor":31.0},{"not_picked":["Vault","Establishment+1"],"picked":"Devotion+1","floor":33.0},{"not_picked":["EmptyFist","CrushJoints+1"],"picked":"ClearTheMind+1","floor":35.0},{"not_picked":["Consecrate","ClearTheMind","EmptyFist+1"],"picked":"SKIP","floor":36.0},{"not_picked":["CrushJoints+1","Crescendo","Adaptation+1"],"picked":"SKIP","floor":38.0},{"not_picked":["ThirdEye","BattleHymn+1"],"picked":"FlyingSleeves+1","floor":39.0},{"not_picked":["ForeignInfluence+1","Consecrate"],"picked":"FollowUp+1","floor":42.0},{"not_picked":["EmptyBody+1","Worship"],"picked":"Evaluate","floor":44.0},{"not_picked":["Adaptation+1","Halt+1"],"picked":"Study+1","floor":46.0},{"not_picked":["WheelKick+1","JustLucky+1"],"picked":"Collect+1","floor":48.0},{"not_picked":["FlyingSleeves","Scrawl+1"],"picked":"MentalFortress+1","floor":54.0}],"player_experience":571552,"relics_obtained":[{"floor":6.0,"key":"Nunchaku"},{"floor":9.0,"key":"Juzu Bracelet"},{"floor":12.0,"key":"Oddly Smooth Stone"},{"floor":24.0,"key":"War Paint"},{"floor":29.0,"key":"Nilry\u0027s Codex"},{"floor":39.0,"key":"StoneCalendar"},{"floor":40.0,"key":"Incense Burner"},{"floor":43.0,"key":"Ginger"},{"floor":46.0,"key":"Toxic Egg 2"},{"floor":54.0,"key":"Bottled Flame"}],"event_choices":[{"damage_healed":0.0,"max_hp_gain":0.0,"max_hp_loss":0.0,"gold_gain":0.0,"event_name":"Shining Light","player_choice":"Ignored","floor":2.0,"gold_loss":0.0,"damage_taken":0.0},{"damage_healed":0.0,"max_hp_gain":0.0,"max_hp_loss":0.0,"gold_gain":0.0,"event_name":"Upgrade Shrine","player_choice":"Upgraded","floor":3.0,"gold_loss":0.0,"damage_taken":0.0,"cards_upgraded":["WindmillStrike"]},{"cards_removed":["Strike_P"],"damage_healed":0.0,"max_hp_gain":0.0,"max_hp_loss":0.0,"gold_gain":0.0,"event_name":"Beggar","player_choice":"Gave Gold","floor":25.0,"gold_loss":75.0,"damage_taken":0.0},{"damage_healed":0.0,"max_hp_gain":0.0,"max_hp_loss":0.0,"gold_gain":0.0,"event_name":"Back to Basics","player_choice":"Simplicity","floor":27.0,"gold_loss":0.0,"damage_taken":0.0,"cards_upgraded":["Strike_P","Strike_P","Defend_P","Defend_P","Defend_P","Defend_P"]},{"damage_healed":0.0,"max_hp_gain":0.0,"max_hp_loss":0.0,"gold_gain":0.0,"event_name":"Cursed Tome","player_choice":"Obtained Book","floor":29.0,"gold_loss":0.0,"damage_taken":16.0},{"cards_removed":["SashWhip"],"damage_healed":0.0,"max_hp_gain":0.0,"max_hp_loss":0.0,"gold_gain":0.0,"event_name":"Falling","player_choice":"Removed Attack","floor":37.0,"gold_loss":0.0,"damage_taken":0.0},{"damage_healed":0.0,"max_hp_gain":0.0,"max_hp_loss":0.0,"gold_gain":0.0,"event_name":"Mysterious Sphere","player_choice":"Fight","floor":39.0,"gold_loss":0.0,"damage_taken":0.0},{"damage_healed":0.0,"max_hp_gain":0.0,"max_hp_loss":0.0,"gold_gain":0.0,"event_name":"MindBloom","player_choice":"Fight","floor":40.0,"gold_loss":0.0,"damage_taken":0.0},{"damage_healed":0.0,"max_hp_gain":0.0,"max_hp_loss":0.0,"gold_gain":0.0,"event_name":"Tomb of Lord Red Mask","player_choice":"Paid","floor":41.0,"gold_loss":253.0,"damage_taken":0.0,"relics_obtained":["Red Mask"]}],"is_beta":false,"boss_relics":[{"not_picked":["Velvet Choker","Runic Dome"],"picked":"Tiny House"},{"not_picked":["Busted Crown","VioletLotus"],"picked":"HolyWater"}],"items_purged_floors":[19,53],"is_endless":false,"potions_floor_spawned":[4,10,13,14,16,20,22,33,35,44,46,48,54],"killed_by":"The Heart","ascension_level":0}}