{"host":"x3lqeik2a5qeoft8","time":1609788174,"event":{"mods":["AchievementEnabler","BaseMod","Minty Spire (QoL Compilation)","SuperFastMode"],"gold_per_floor":[113,133,150,150,162,189,189,220,292,311,327,56,56,68,68,68,68],"floor_reached":16,"playtime":551,"items_purged":["Strike_R"],"score":143,"play_id":"cddfd59d-bf8f-429a-8164-b5a10ca3ff7b","local_time":"20210104202254","is_ascension_mode":true,"campfire_choices":[{"floor":7,"key":"REST"},{"floor":15,"key":"REST"}],"circlet_count":0,"master_deck":["Strike_R","Strike_R","Strike_R","Strike_R","Defend_R","Defend_R","Defend_R","Defend_R","Bash","Fire Breathing+1","Heavy Blade","Pommel Strike","Whirlwind","Cleave","Reckless Charge","Headbutt","Cleave","Immolate","Thunderclap","Armaments","Seeing Red","Reckless Charge","Dark Embrace","Shrug It Off"],"relics":["Burning Blood","Happy Flower","Regal Pillow","WingedGreaves","Smiling Mask","Meat on the Bone","Orrery"],"acts_visited":["Exordium"],"potions_floor_usage":[6,6,8,8,14],"damage_taken":[{"damage":6,"enemies":"Cultist","floor":1,"turns":4},{"damage":13,"enemies":"Jaw Worm","floor":2,"turns":5},{"damage":7,"enemies":"2 Louse","floor":3,"turns":3},{"damage":45,"enemies":"Lots of Slimes","floor":5,"turns":7},{"damage":16,"enemies":"Gremlin Nob","floor":6,"turns":3},{"damage":40,"enemies":"Lagavulin","floor":8,"turns":5},{"damage":14,"enemies":"Blue Slaver","floor":10,"turns":4},{"damage":11,"enemies":"Exordium Wildlife","floor":11,"turns":2},{"damage":22,"enemies":"Exordium Thugs","floor":14,"turns":3},{"damage":68,"enemies":"The Guardian","floor":16,"turns":7}],"seed_played":"5271674084908372629","potions_obtained":[{"floor":1,"key":"Fire Potion"},{"floor":5,"key":"EntropicBrew"},{"floor":8,"key":"Ancient Potion"}],"is_trial":false,"path_per_floor":["M","M","M","?","M","E","R","E","T","M","M","$","?","M","R","B"],"character_chosen":"IRONCLAD","items_purchased":["Orrery","Dark Embrace"],"campfire_rested":2,"item_purchase_floors":[12,12],"current_hp_per_floor":[80,73,72,65,26,16,55,21,21,25,32,32,32,28,67,0,0],"gold":68,"neow_bonus":"RANDOM_COMMON_RELIC","is_daily":false,"chose_seed":false,"campfire_upgraded":0,"win_rate":0.0,"timestamp":1609788174,"path_taken":["M","M","M","?","M","E","R","E","T","M","M","$","?","M","R","BOSS"],"items_purchased_type":["Relic","Card"],"build_version":"2020-12-22","purchased_purges":1,"victory":false,"max_hp_per_floor":[80,80,80,80,80,80,80,80,80,80,80,80,80,80,80,80,80],"card_choices":[{"not_picked":["Clash","Sword Boomerang"],"picked":"Fire Breathing","floor":1},{"not_picked":["Combust","Searing Blow"],"picked":"Heavy Blade","floor":2},{"not_picked":["Metallicize","Ghostly Armor"],"picked":"Pommel Strike","floor":3},{"not_picked":["Disarm","Iron Wave"],"picked":"Whirlwind","floor":5},{"not_picked":["Infernal Blade","Heavy Blade"],"picked":"Cleave","floor":6},{"not_picked":["Second Wind","Infernal Blade"],"picked":"Reckless Charge","floor":8},{"not_picked":["Rampage","Sword Boomerang"],"picked":"Headbutt","floor":10},{"not_picked":["Hemokinesis","Warcry"],"picked":"Cleave","floor":11},{"not_picked":["Thunderclap","Feel No Pain"],"picked":"Immolate","floor":12},{"not_picked":["Uppercut","Entrench"],"picked":"Thunderclap","floor":12},{"not_picked":["Brutality","Cleave"],"picked":"Armaments","floor":12},{"not_picked":["Sword Boomerang","Ghostly Armor"],"picked":"Seeing Red","floor":12},{"not_picked":["Battle Trance","Shrug It Off"],"picked":"Reckless Charge","floor":12},{"not_picked":["Dark Embrace","Perfected Strike"],"picked":"Shrug It Off","floor":14}],"player_experience":112258,"relics_obtained":[{"floor":6,"key":"WingedGreaves"},{"floor":8,"key":"Smiling Mask"},{"floor":9,"key":"Meat on the Bone"}],"event_choices":[{"damage_healed":0,"gold_gain":0,"player_choice":"Success","damage_taken":7,"relics_obtained":["Regal Pillow"],"max_hp_gain":0,"max_hp_loss":0,"event_name":"Scrap Ooze","floor":4,"gold_loss":0},{"damage_healed":0,"gold_gain":0,"player_choice":"Upgraded","damage_taken":0,"max_hp_gain":0,"max_hp_loss":0,"event_name":"Upgrade Shrine","floor":13,"gold_loss":0,"cards_upgraded":["Fire Breathing"]}],"is_beta":false,"boss_relics":[],"items_purged_floors":[12],"is_endless":false,"potions_floor_spawned":[1,5,8],"killed_by":"The Guardian","ascension_level":5}}