{"host":"6azrrw3tf7wb0f4b","time":1609754045,"event":{"mods":["BaseMod","DeckTracker","Minty Spire (QoL Compilation)","SuperFastMode"],"gold_per_floor":[115,130,149,27,37,37,37,56,356,60,60,60,86,36,36,136,136,136,66,66,17,17,17,17,17,17,0,0,0,0,0,0,0,0],"floor_reached":33,"playtime":1521,"items_purged":["Strike_G"],"score":439,"play_id":"d3aeade5-0fe6-4f84-9d74-343f43166bdb","local_time":"20210104185405","is_ascension_mode":true,"campfire_choices":[{"data":"Cloak And Dagger","floor":6,"key":"SMITH"},{"data":"Accuracy","floor":11,"key":"SMITH"},{"data":"Footwork","floor":15,"key":"SMITH"},{"data":"Cloak And Dagger","floor":23,"key":"SMITH"},{"floor":25,"key":"REST"},{"floor":32,"key":"REST"}],"circlet_count":0,"master_deck":["AscendersBane","Strike_G","Strike_G","Strike_G","Strike_G","Defend_G","Defend_G","Defend_G","Survivor","Neutralize","Deadly Poison","PiercingWail","Caltrops","Accuracy+1","Cloak And Dagger+1","Dodge and Roll","Footwork+1","Backflip","Grand Finale","Escape Plan","Cloak And Dagger+1","Dash+1","Adrenaline","Blur+1"],"relics":["Ring of the Snake","NeowsBlessing","Old Coin","PreservedInsect","FossilizedHelix","Torii","Ectoplasm","Calipers","InkBottle"],"acts_visited":["Exordium","TheCity"],"potions_floor_usage":[16,16,30,33],"damage_taken":[{"damage":0,"enemies":"Cultist","floor":1,"turns":1},{"damage":0,"enemies":"Jaw Worm","floor":2,"turns":1},{"damage":0,"enemies":"2 Louse","floor":3,"turns":1},{"damage":8,"enemies":"Blue Slaver","floor":5,"turns":4},{"damage":9,"enemies":"Looter","floor":8,"turns":4},{"damage":4,"enemies":"3 Sentries","floor":13,"turns":9},{"damage":8,"enemies":"Slime Boss","floor":16,"turns":13},{"damage":11,"enemies":"3 Byrds","floor":18,"turns":5},{"damage":22,"enemies":"Book of Stabbing","floor":24,"turns":7},{"damage":6,"enemies":"2 Thieves","floor":27,"turns":4},{"damage":0,"enemies":"Shelled Parasite and Fungi","floor":28,"turns":5},{"damage":20,"enemies":"Gremlin Leader","floor":30,"turns":6},{"damage":0,"enemies":"Sentry and Sphere","floor":31,"turns":6},{"damage":56,"enemies":"Champ","floor":33,"turns":22}],"seed_played":"-1247408622788458228","potions_obtained":[{"floor":5,"key":"DistilledChaos"},{"floor":13,"key":"AttackPotion"},{"floor":24,"key":"BlessingOfTheForge"},{"floor":28,"key":"Poison Potion"},{"floor":31,"key":"Poison Potion"}],"is_trial":false,"path_per_floor":["M","M","M","$","M","R","?","M","T","$","R","T","E","?","R","B",null,"M","$","?","$","?","R","E","R","T","M","M","?","E","M","R","B"],"character_chosen":"THE_SILENT","items_purchased":["Accuracy","Cloak And Dagger","PreservedInsect","Footwork","Escape Plan","Cloak And Dagger"],"campfire_rested":2,"item_purchase_floors":[4,4,10,10,19,21],"current_hp_per_floor":[63,63,63,63,55,55,60,51,51,51,51,51,47,47,47,39,66,55,55,55,55,55,55,33,55,55,49,49,49,29,29,51,0,0],"gold":0,"neow_bonus":"THREE_ENEMY_KILL","is_daily":false,"chose_seed":false,"campfire_upgraded":4,"win_rate":0.0,"timestamp":1609754045,"path_taken":["M","M","?","$","M","R","?","M","T","?","R","?","E","?","R","BOSS","M","$","?","$","?","R","E","R","T","M","?","?","E","M","R","BOSS"],"items_purchased_type":["Card","Card","Relic","Card","Card","Card"],"build_version":"2020-12-22","purchased_purges":1,"victory":false,"max_hp_per_floor":[70,70,70,70,70,70,75,75,75,75,75,75,75,75,75,75,75,75,75,75,75,75,75,75,75,75,75,75,75,75,75,75,75,75],"card_choices":[{"not_picked":["Prepared","Dodge and Roll"],"picked":"Deadly Poison","floor":1},{"not_picked":["Choke","Prepared"],"picked":"PiercingWail","floor":2},{"not_picked":["Flechettes","Flying Knee"],"picked":"Caltrops","floor":3},{"not_picked":["Quick Slash","Deadly Poison","Infinite Blades"],"picked":"SKIP","floor":5},{"not_picked":["Flying Knee","Underhanded Strike"],"picked":"Dodge and Roll","floor":8},{"not_picked":["Endless Agony","Poisoned Stab"],"picked":"Backflip","floor":13},{"not_picked":["Unload","Corpse Explosion"],"picked":"Grand Finale","floor":16},{"not_picked":["Quick Slash","Dagger Spray","Dodge and Roll"],"picked":"SKIP","floor":18},{"not_picked":["Dagger Spray+1","Quick Slash+1","Flying Knee+1"],"picked":"SKIP","floor":24},{"not_picked":["Crippling Poison","All Out Attack+1"],"picked":"Dash+1","floor":27},{"not_picked":["Dagger Throw","PiercingWail"],"picked":"Adrenaline","floor":28},{"not_picked":["Heel Hook","Infinite Blades+1"],"picked":"Blur+1","floor":30},{"not_picked":["Flying Knee","Caltrops","Choke"],"picked":"SKIP","floor":31}],"player_experience":667187,"relics_obtained":[{"floor":9,"key":"Old Coin"},{"floor":12,"key":"FossilizedHelix"},{"floor":13,"key":"Torii"},{"floor":24,"key":"Calipers"},{"floor":30,"key":"InkBottle"}],"event_choices":[{"damage_healed":0,"gold_gain":0,"player_choice":"Donut","damage_taken":0,"max_hp_gain":5,"max_hp_loss":0,"event_name":"Big Fish","floor":7,"gold_loss":0},{"cards_removed":["Defend_G"],"damage_healed":0,"gold_gain":0,"player_choice":"Card Removal","damage_taken":0,"max_hp_gain":0,"max_hp_loss":0,"event_name":"The Cleric","floor":14,"gold_loss":50},{"cards_removed":["Defend_G"],"damage_healed":0,"gold_gain":0,"player_choice":"Elegance","damage_taken":0,"max_hp_gain":0,"max_hp_loss":0,"event_name":"Back to Basics","floor":20,"gold_loss":0},{"damage_healed":0,"gold_gain":200,"player_choice":"Gold","damage_taken":0,"max_hp_gain":0,"max_hp_loss":0,"event_name":"Wheel of Change","floor":22,"gold_loss":0}],"is_beta":false,"boss_relics":[{"not_picked":["SacredBark","Velvet Choker"],"picked":"Ectoplasm"}],"items_purged_floors":[10],"is_endless":false,"potions_floor_spawned":[5,13,24,28,31],"killed_by":"Champ","ascension_level":11}}