{"host":"1vysks8ssvkrgxm9","time":1609765187,"event":{"mods":["Always Whale","BaseMod","Lobotomy","Minty Spire (QoL Compilation)","StSLib","SuperFastMode"],"gold_per_floor":[109,109,81,91,107,107,134,154,181,196,29476,29476,29476,28597,28597,28694,28694,28707,27815,27826,27844,27860,27887,27823,27823,27878,27898,27908,27035,27035,26950,26950,27045,27045,27055,27055,27065,27065,26430,26430,26461,26461,26531,26531,26566,26566,25826,25852,25852,25852],"floor_reached":51,"playtime":1499,"items_purged":["Strike_G","Regret","Predator+1","Wraith Form v2","Bouncing Flask","Dodge and Roll"],"score":1092,"play_id":"29e792c2-a146-40a7-aae3-dda6823a9fc4","local_time":"20210104215947","is_ascension_mode":true,"campfire_choices":[{"data":"Infinite Blades","floor":6,"key":"SMITH"},{"data":"Cloak And Dagger","floor":15,"key":"SMITH"},{"data":"Accuracy","floor":25,"key":"SMITH"},{"data":"A Thousand Cuts","floor":32,"key":"SMITH"},{"data":"Cloak And Dagger","floor":40,"key":"SMITH"},{"data":"Accuracy","floor":42,"key":"SMITH"},{"data":"Cloak And Dagger","floor":44,"key":"SMITH"},{"data":"Cloak And Dagger","floor":49,"key":"SMITH"}],"circlet_count":0,"master_deck":["Survivor","Neutralize","Accuracy+1","Infinite Blades+1","PiercingWail","Cloak And Dagger+1","Escape Plan","Storm of Steel","Accuracy+1","Cloak And Dagger","Choke+1","A Thousand Cuts+1","Die Die Die+1","PiercingWail","Acrobatics","Doppelganger","Sucker Punch+1","Dagger Throw+1","Infinite Blades+1","Dodge and Roll","Blade Dance","Cloak And Dagger+1","PiercingWail","Deflect+1","Accuracy+1","Die Die Die+1","Quick Slash+1","Cloak And Dagger+1","Blur+1","Setup","Cloak And Dagger+1","Deflect+1"],"relics":["HoveringKite","Anchor","PreservedInsect","Ancient Tea Set","Bag of Preparation","DollysMirror","Juzu Bracelet","Gremlin Horn","Molten Egg 2","Sling","Sundial","Pandora\u0027s Box","Frozen Egg 2","Medical Kit","Happy Flower","Centennial Puzzle","Snake Skull","Regal Pillow","Bottled Tornado","Bottled Lightning","HandDrill","Enchiridion","Smiling Mask","WristBlade","Mango","Turnip","Strawberry","Pear","Mummified Hand","Oddly Smooth Stone","InkBottle","Toolbox"],"acts_visited":["Exordium","TheCity","TheBeyond"],"potions_floor_usage":[7,16,16,33,51],"damage_taken":[{"damage":6,"enemies":"Jaw Worm","floor":1,"turns":4},{"damage":0,"enemies":"2 Louse","floor":4,"turns":3},{"damage":9,"enemies":"Cultist","floor":5,"turns":4},{"damage":23,"enemies":"Lagavulin","floor":7,"turns":8},{"damage":0,"enemies":"2 Fungi Beasts","floor":8,"turns":4},{"damage":0,"enemies":"3 Louse","floor":10,"turns":4},{"damage":2,"enemies":"Slime Boss","floor":16,"turns":6},{"damage":0,"enemies":"3 Byrds","floor":18,"turns":3},{"damage":0,"enemies":"Chosen","floor":20,"turns":4},{"damage":5,"enemies":"Snecko","floor":21,"turns":3},{"damage":17,"enemies":"Sentry and Sphere","floor":22,"turns":4},{"damage":0,"enemies":"Gremlin Leader","floor":23,"turns":3},{"damage":0,"enemies":"Cultist and Chosen","floor":27,"turns":3},{"damage":4,"enemies":"3 Cultists","floor":28,"turns":3},{"damage":0,"enemies":"Champ","floor":33,"turns":5},{"damage":9,"enemies":"3 Shapes","floor":35,"turns":3},{"damage":4,"enemies":"3 Darklings","floor":37,"turns":2},{"damage":3,"enemies":"Giant Head","floor":41,"turns":3},{"damage":13,"enemies":"Nemesis","floor":45,"turns":5},{"damage":0,"enemies":"Reptomancer","floor":48,"turns":2},{"damage":21,"enemies":"Donu and Deca","floor":50,"turns":3},{"damage":17,"enemies":"Malkuth","floor":51,"turns":5}],"seed_played":"6923092055416282557","potions_obtained":[{"floor":1,"key":"SpeedPotion"},{"floor":4,"key":"PowerPotion"},{"floor":7,"key":"Explosive Potion"},{"floor":27,"key":"Regen Potion"},{"floor":35,"key":"Fire Potion"}],"is_trial":false,"path_per_floor":["M","?","?","M","M","R","E","M","T","M","$","?","?","$","R","B",null,"M","$","M","M","M","E","?","R","T","M","M","$","?","?","R","B",null,"M","?","M","?","$","R","E","R","T","R","E","?","$","E","R","B",null],"character_chosen":"THE_SILENT","items_purchased":["Ancient Tea Set","Bag of Preparation","Storm of Steel","DollysMirror","FearPotion","Molten Egg 2","Cloak And Dagger","Sling","Sundial","Choke+1","Frozen Egg 2","Medical Kit","Happy Flower","Infinite Blades+1","Dodge and Roll","Block Potion","Strength Potion","Accuracy+1","Bottled Tornado","Bottled Lightning","HandDrill","Mango","Turnip","Oddly Smooth Stone","InkBottle","Toolbox","Cloak And Dagger","FairyPotion"],"campfire_rested":0,"item_purchase_floors":[11,11,11,11,11,14,14,14,14,14,19,19,19,19,19,19,19,29,29,29,29,39,39,47,47,47,47,47],"current_hp_per_floor":[64,64,64,64,55,55,32,32,32,32,32,29,29,29,29,27,70,70,70,70,65,48,48,48,48,48,48,44,44,28,28,28,42,70,61,61,57,57,71,71,75,75,85,85,72,72,72,72,72,51],"gold":25852,"neow_bonus":"BOSS_RELIC","is_daily":false,"chose_seed":false,"campfire_upgraded":8,"win_rate":0.0,"timestamp":1609765187,"path_taken":["M","?","?","M","M","R","E","M","T","?","$","?","?","$","R","BOSS","M","$","M","M","M","E","?","R","T","M","M","$","?","?","R","BOSS","M","?","M","?","$","R","E","R","T","R","E","?","$","E","R","BOSS"],"items_purchased_type":["Relic","Relic","Card","Relic","Potion","Relic","Card","Relic","Relic","Card","Relic","Relic","Relic","Card","Card","Potion","Potion","Card","Relic","Relic","Relic","Relic","Relic","Relic","Relic","Relic","Card","Potion"],"build_version":"2020-12-22","purchased_purges":6,"victory":true,"max_hp_per_floor":[70,70,70,70,70,70,70,70,70,70,70,70,70,70,70,70,70,70,70,70,70,70,70,70,70,70,70,70,70,70,70,70,70,70,70,66,66,66,80,80,87,87,97,97,97,97,97,97,97,97],"card_choices":[{"not_picked":["Deadly Poison","Caltrops"],"picked":"Accuracy","floor":1},{"not_picked":["Escape Plan","Flying Knee"],"picked":"Infinite Blades","floor":4},{"not_picked":["Underhanded Strike","Sucker Punch"],"picked":"PiercingWail","floor":5},{"not_picked":["Reflex","Distraction"],"picked":"Cloak And Dagger","floor":7},{"not_picked":["Prepared","Bane"],"picked":"Escape Plan","floor":8},{"not_picked":["Quick Slash","Flying Knee","All Out Attack"],"picked":"SKIP","floor":10},{"not_picked":["Doppelganger","Glass Knife+1"],"picked":"A Thousand Cuts","floor":16},{"not_picked":["Catalyst","Deadly Poison"],"picked":"Dagger Throw+1","floor":18},{"not_picked":["Leg Sweep","Predator+1"],"picked":"Blade Dance","floor":20},{"not_picked":["Prepared","Heel Hook+1"],"picked":"Cloak And Dagger","floor":21},{"not_picked":["Concentrate","Deadly Poison"],"picked":"PiercingWail","floor":22},{"not_picked":["Flechettes+1","Predator+1","Poisoned Stab+1"],"picked":"SKIP","floor":23},{"not_picked":["Sucker Punch+1","Heel Hook+1"],"picked":"Deflect+1","floor":27},{"not_picked":["Backstab+1","Sucker Punch+1","Expertise"],"picked":"SKIP","floor":28},{"not_picked":["Wraith Form v2+1","Grand Finale+1"],"picked":"Die Die Die+1","floor":33},{"not_picked":["Slice+1","Dagger Spray+1"],"picked":"Quick Slash+1","floor":35},{"not_picked":["Dagger Throw+1","Dagger Spray+1"],"picked":"Cloak And Dagger","floor":37},{"not_picked":["Deadly Poison","Endless Agony+1"],"picked":"Blur+1","floor":41},{"not_picked":["Underhanded Strike+1","Leg Sweep"],"picked":"Dodge and Roll","floor":45},{"not_picked":["Infinite Blades+1","Caltrops+1"],"picked":"Deflect+1","floor":48}],"player_experience":55911,"relics_obtained":[{"floor":7,"key":"Anchor"},{"floor":9,"key":"PreservedInsect"},{"floor":23,"key":"Centennial Puzzle"},{"floor":26,"key":"Regal Pillow"},{"floor":30,"key":"Enchiridion"},{"floor":41,"key":"Strawberry"},{"floor":43,"key":"Pear"},{"floor":45,"key":"Mummified Hand"}],"event_choices":[{"damage_healed":0,"gold_gain":0,"player_choice":"Ignored","damage_taken":0,"max_hp_gain":0,"max_hp_loss":0,"event_name":"Liars Game","floor":2,"gold_loss":0},{"damage_healed":0,"gold_gain":0,"player_choice":"Left Gold","damage_taken":0,"max_hp_gain":0,"max_hp_loss":0,"event_name":"World of Goop","floor":3,"gold_loss":28},{"damage_healed":0,"gold_gain":0,"player_choice":"Success","damage_taken":3,"relics_obtained":["Juzu Bracelet"],"max_hp_gain":0,"max_hp_loss":0,"event_name":"Scrap Ooze","floor":12,"gold_loss":0},{"damage_healed":0,"gold_gain":0,"player_choice":"Box","damage_taken":0,"relics_obtained":["Gremlin Horn"],"max_hp_gain":0,"max_hp_loss":0,"event_name":"Big Fish","floor":13,"gold_loss":0,"cards_obtained":["Regret"]},{"damage_healed":0,"gold_gain":0,"player_choice":"Paid Gold","damage_taken":0,"relics_obtained":["Snake Skull"],"max_hp_gain":0,"max_hp_loss":0,"event_name":"WeMeetAgain","floor":24,"gold_loss":64},{"damage_healed":0,"gold_gain":0,"player_choice":"Obtained Book","damage_taken":16,"max_hp_gain":0,"max_hp_loss":0,"event_name":"Cursed Tome","floor":30,"gold_loss":0},{"damage_healed":0,"gold_gain":0,"player_choice":"Obtained Relic","damage_taken":0,"relics_obtained":["Smiling Mask"],"max_hp_gain":0,"max_hp_loss":0,"event_name":"Addict","floor":31,"gold_loss":85},{"damage_healed":0,"gold_gain":0,"player_choice":"Max HP","damage_taken":0,"max_hp_gain":0,"max_hp_loss":4,"event_name":"Winding Halls","floor":36,"gold_loss":0},{"damage_healed":0,"gold_gain":0,"player_choice":"Memory 1","damage_taken":0,"max_hp_gain":0,"max_hp_loss":0,"event_name":"SensoryStone","floor":38,"gold_loss":0},{"damage_healed":0,"gold_gain":0,"cards_transformed":["Poisoned Stab"],"player_choice":"Transformed","damage_taken":0,"max_hp_gain":0,"max_hp_loss":0,"event_name":"Transmorgrifier","floor":46,"gold_loss":0,"cards_obtained":["Setup"]}],"is_beta":false,"boss_relics":[{"not_picked":["Fusion Hammer","Busted Crown"],"picked":"Pandora\u0027s Box"},{"not_picked":["Empty Cage","Tiny House"],"picked":"WristBlade"}],"items_purged_floors":[11,14,19,29,39,47],"is_endless":false,"potions_floor_spawned":[1,4,7,22,23,27,35,45],"ascension_level":1}}