{"host":"bydnmyvf669xu6ab","time":1609796879,"event":{"mods":["Aspiration","BaseMod","Better Note","BetterRewards","Colored Map","Colored Powertips","Minty Spire (QoL Compilation)","Rare Cards Sparkle","Relic Stats","Shop Mod","StSLib","SuperFastMode","Virulent Crown"],"gold_per_floor":[117,32,32,49,2,2,17,17,70,97,109,141,166,188,200,316,328,350,374,399,461,487,499,529,541,553,565,597,524,568,580,592,604,604],"floor_reached":33,"playtime":1870,"items_purged":[],"score":379,"play_id":"80c9ef24-91e7-48c1-b641-11ace49f9422","local_time":"20210104134759","is_ascension_mode":true,"campfire_choices":[{"data":"Apotheosis","floor":6,"key":"SMITH"},{"data":"Battle Trance","floor":8,"key":"SMITH"},{"data":"Rage","floor":11,"key":"SMITH"},{"data":"Shrug It Off","floor":15,"key":"SMITH"},{"floor":23,"key":"RECALL"},{"data":"Demon Form","floor":25,"key":"SMITH"},{"data":"Flame Barrier","floor":27,"key":"SMITH"},{"data":"Juggernaut","floor":32,"key":"SMITH"}],"circlet_count":0,"master_deck":["Strike_R","Strike_R","Strike_R","Strike_R","Strike_R","Defend_R","Defend_R","Defend_R","Defend_R","Bash","Apotheosis+1","Evolve","Heavy Blade","Fire Breathing","Headbutt","Barricade+1","Body Slam","Shrug It Off+1","Battle Trance+1","Rage+1","Body Slam","Feel No Pain","Cleave","Demon Form+1","Rampage","Flame Barrier+1","Fire Breathing","Flex","True Grit+1","Juggernaut+1"],"relics":["Burning Blood","MawBank","Philosopher\u0027s Stone","aspiration:FrozenJewel","aspiration:HummingbirdHeart","Strawberry"],"acts_visited":["Exordium","TheCity"],"potions_floor_usage":[16,20,24,28,33],"damage_taken":[{"damage":9,"enemies":"2 Louse","floor":1,"turns":3},{"damage":0,"enemies":"Cultist","floor":4,"turns":3},{"damage":15,"enemies":"Small Slimes","floor":7,"turns":4},{"damage":8,"enemies":"Red Slaver","floor":10,"turns":3},{"damage":0,"enemies":"2 Fungi Beasts","floor":12,"turns":3},{"damage":2,"enemies":"3 Louse","floor":13,"turns":5},{"damage":2,"enemies":"Exordium Wildlife","floor":14,"turns":6},{"damage":37,"enemies":"Hexaghost","floor":16,"turns":6},{"damage":12,"enemies":"Spheric Guardian","floor":18,"turns":4},{"damage":28,"enemies":"Shell Parasite","floor":19,"turns":5},{"damage":29,"enemies":"Sentry and Sphere","floor":20,"turns":7},{"damage":0,"enemies":"Chosen and Byrds","floor":22,"turns":6},{"damage":0,"enemies":"3 Cultists","floor":24,"turns":5},{"damage":20,"enemies":"Centurion and Healer","floor":28,"turns":4},{"damage":15,"enemies":"Slavers","floor":30,"turns":6},{"damage":40,"enemies":"Automaton","floor":33,"turns":6}],"seed_played":"-8949287981790491571","potions_obtained":[{"floor":7,"key":"Ancient Potion"},{"floor":10,"key":"CultistPotion"},{"floor":13,"key":"Fire Potion"},{"floor":14,"key":"Dexterity Potion"},{"floor":18,"key":"Explosive Potion"},{"floor":24,"key":"ColorlessPotion"},{"floor":30,"key":"PowerPotion"}],"is_trial":false,"path_per_floor":["M","$","?","M","$","R","M","R","T","M","R","M","M","M","R","B",null,"M","M","M","?","M","R","M","R","T","R","M","?","E","?","R","B"],"character_chosen":"IRONCLAD","items_purchased":["Apotheosis","Evolve","Fire Breathing","Headbutt","Shrug It Off"],"campfire_rested":0,"item_purchase_floors":[0,0,2,2,5],"current_hp_per_floor":[69,69,69,75,75,75,66,66,66,64,64,70,74,78,78,47,80,74,52,29,29,35,35,41,41,41,41,27,27,25,25,25,0,0],"gold":604,"neow_bonus":"","is_daily":false,"chose_seed":false,"campfire_upgraded":7,"win_rate":0.0,"timestamp":1609796879,"path_taken":["M","$","?","M","$","R","M","R","T","M","R","M","?","M","R","BOSS","M","M","M","?","?","R","M","R","T","R","M","?","E","?","R","BOSS"],"items_purchased_type":["Card","Card","Card","Card","Card"],"build_version":"2020-12-22","purchased_purges":0,"victory":false,"max_hp_per_floor":[80,80,80,80,80,80,80,80,80,80,80,80,80,80,80,80,80,80,80,80,80,80,80,80,80,80,80,80,80,87,87,87,87,87],"relic_stats":{"counters":[28,140],"MawBank":288,"obtain_stats":[{"Gambling Chip":9,"Strawberry":30,"Magic Flower":12,"Black Blood":17,"Philosopher\u0027s Stone":17,"aspiration:HummingbirdHeart":29,"Champion Belt":7,"Bottled Lightning":26,"Smiling Mask":27,"MawBank":9,"Burning Blood":0,"aspiration:FrozenJewel":26},{"Gambling Chip":3,"Strawberry":27,"Magic Flower":3,"Black Blood":5,"Philosopher\u0027s Stone":20,"aspiration:HummingbirdHeart":26,"Champion Belt":2,"Bottled Lightning":9,"Smiling Mask":10,"MawBank":15,"Burning Blood":0,"aspiration:FrozenJewel":25},{"Gambling Chip":13,"Strawberry":134,"Magic Flower":13,"Black Blood":26,"Philosopher\u0027s Stone":97,"aspiration:HummingbirdHeart":128,"Champion Belt":10,"Bottled Lightning":45,"Smiling Mask":51,"MawBank":74,"Burning Blood":0,"aspiration:FrozenJewel":124}],"Burning Blood":233},"card_choices":[{"not_picked":["Evolve","True Grit"],"picked":"Heavy Blade","floor":1},{"not_picked":["Sword Boomerang","Sever Soul"],"picked":"Body Slam","floor":4},{"not_picked":["Heavy Blade","Blood for Blood"],"picked":"Battle Trance","floor":7},{"not_picked":["Hemokinesis","Wild Strike"],"picked":"Rage","floor":10},{"not_picked":["Cleave","Headbutt"],"picked":"Body Slam","floor":12},{"not_picked":["Headbutt","Heavy Blade"],"picked":"Feel No Pain","floor":13},{"not_picked":["Headbutt","Clash"],"picked":"Cleave","floor":14},{"not_picked":["Impervious","Offering"],"picked":"Demon Form","floor":16},{"not_picked":["Rupture","Blood for Blood+1"],"picked":"Rampage","floor":18},{"not_picked":["Iron Wave","Warcry"],"picked":"Flame Barrier","floor":19},{"not_picked":["Shockwave","True Grit","Headbutt"],"picked":"SKIP","floor":20},{"not_picked":["Rupture","Twin Strike+1"],"picked":"Fire Breathing","floor":22},{"not_picked":["Pommel Strike","Warcry"],"picked":"Flex","floor":24},{"not_picked":["Whirlwind+1","Sword Boomerang"],"picked":"True Grit+1","floor":28},{"not_picked":["Ghostly Armor","Burning Pact"],"picked":"Juggernaut","floor":30}],"player_experience":2119619,"relics_obtained":[{"floor":9,"key":"MawBank"},{"floor":26,"key":"aspiration:FrozenJewel"},{"floor":30,"key":"Strawberry"}],"event_choices":[{"cards_removed":["Apotheosis"],"damage_healed":0,"gold_gain":0,"player_choice":"Take \u0026 Give","damage_taken":0,"max_hp_gain":0,"max_hp_loss":0,"event_name":"betterNote:BetterNote","floor":3,"gold_loss":0,"cards_obtained":["Barricade"]},{"damage_healed":0,"gold_gain":100,"player_choice":"Bet on Murderer","damage_taken":0,"max_hp_gain":0,"max_hp_loss":0,"event_name":"The Joust","floor":21,"gold_loss":50},{"damage_healed":0,"gold_gain":0,"player_choice":"Obtained Relic","damage_taken":0,"relics_obtained":["aspiration:HummingbirdHeart"],"max_hp_gain":0,"max_hp_loss":0,"event_name":"Addict","floor":29,"gold_loss":85},{"damage_healed":0,"gold_gain":0,"player_choice":"Ignored","damage_taken":0,"max_hp_gain":0,"max_hp_loss":0,"event_name":"Ghosts","floor":31,"gold_loss":0}],"is_beta":false,"boss_relics":[{"not_picked":["Busted Crown","aspiration:SecretTechniqueScroll"],"picked":"Philosopher\u0027s Stone"}],"items_purged_floors":[],"is_endless":false,"potions_floor_spawned":[7,10,13,14,18,24,30],"killed_by":"Automaton","ascension_level":1}}