{"host":"6bsan6hkua32tfq7","time":1609784897,"event":{"mods":["BaseMod","Better Third Choice","Colored Map","Highlight Path","Minty Spire (QoL Compilation)","StSLib"],"gold_per_floor":[112,124,49,67,67,67,101,101,101,116,116,129,129,140,140,215,215,231,258,130,149,149,149],"floor_reached":22,"playtime":495,"items_purged":["Strike_B"],"score":372,"play_id":"29496615-fe80-4188-96d0-a7db655a1119","local_time":"20210104192817","is_ascension_mode":true,"campfire_choices":[{"data":"Doom and Gloom","floor":6,"key":"SMITH"},{"floor":8,"key":"DIG"},{"floor":11,"key":"DIG"},{"floor":13,"key":"REST"},{"floor":15,"key":"REST"}],"circlet_count":0,"master_deck":["AscendersBane","Strike_B","Strike_B","Defend_B","Defend_B","Zap","Dualcast","Doom and Gloom+1","Consume","Leap","Genetic Algorithm","Streamline","Loop","Echo Form","Sunder+1","Coolheaded"],"relics":["Cracked Core","Shovel","Bag of Preparation","Bottled Flame","Eternal Feather","Coffee Dripper","Red Mask"],"acts_visited":["Exordium","TheCity"],"potions_floor_usage":[19,22],"damage_taken":[{"damage":8,"enemies":"2 Louse","floor":1,"turns":3},{"damage":0,"enemies":"Small Slimes","floor":2,"turns":2},{"damage":1,"enemies":"Cultist","floor":4,"turns":3},{"damage":27,"enemies":"Gremlin Nob","floor":7,"turns":4},{"damage":5,"enemies":"Lots of Slimes","floor":10,"turns":2},{"damage":16,"enemies":"Exordium Thugs","floor":12,"turns":4},{"damage":14,"enemies":"Gremlin Gang","floor":14,"turns":3},{"damage":24,"enemies":"Slime Boss","floor":16,"turns":5},{"damage":10,"enemies":"Spheric Guardian","floor":18,"turns":5},{"damage":18,"enemies":"Masked Bandits","floor":19,"turns":4},{"damage":3,"enemies":"2 Thieves","floor":21,"turns":3},{"damage":22,"enemies":"Sentry and Sphere","floor":22,"turns":3}],"seed_played":"5094392773023321317","potions_obtained":[{"floor":7,"key":"Ancient Potion"},{"floor":12,"key":"Fire Potion"},{"floor":14,"key":"Fire Potion"},{"floor":21,"key":"CultistPotion"}],"is_trial":false,"path_per_floor":["M","M","?","M","$","R","E","R","T","M","R","M","R","M","R","B",null,"M","?","$","M","M"],"character_chosen":"DEFECT","items_purchased":["Coolheaded"],"campfire_rested":2,"item_purchase_floors":[20],"current_hp_per_floor":[56,56,56,55,55,55,28,28,28,23,23,7,32,18,43,19,53,43,25,25,22,0,0],"gold":149,"neow_bonus":"REMOVE_TWO","is_daily":false,"chose_seed":false,"campfire_upgraded":1,"win_rate":0.0,"timestamp":1609784897,"path_taken":["M","M","?","M","$","R","E","R","T","M","R","M","R","M","R","BOSS","M","?","$","M","M"],"items_purchased_type":["Card"],"build_version":"2020-12-22","purchased_purges":1,"victory":false,"max_hp_per_floor":[64,64,64,64,64,64,64,64,64,64,64,64,64,64,64,64,64,64,64,64,64,64,64],"card_choices":[{"not_picked":["Cold Snap","Rebound"],"picked":"Doom and Gloom","floor":1},{"not_picked":["Rebound","Go for the Eyes"],"picked":"Consume","floor":2},{"not_picked":["Consume","Compile Driver"],"picked":"Leap","floor":4},{"not_picked":["Go for the Eyes","Compile Driver"],"picked":"Genetic Algorithm","floor":7},{"not_picked":["Barrage","Rainbow","Blizzard"],"picked":"SKIP","floor":10},{"not_picked":["Hologram","Sweeping Beam"],"picked":"Streamline","floor":12},{"not_picked":["Sunder","Beam Cell"],"picked":"Loop","floor":14},{"not_picked":["Biased Cognition","Multi-Cast"],"picked":"Echo Form","floor":16},{"not_picked":["Recycle","Stack"],"picked":"Sunder+1","floor":18},{"not_picked":["Cold Snap","Sunder","Reprogram"],"picked":"SKIP","floor":21}],"player_experience":5246951,"relics_obtained":[{"floor":7,"key":"Shovel"},{"floor":8,"key":"Bag of Preparation"},{"floor":9,"key":"Bottled Flame"},{"floor":11,"key":"Eternal Feather"},{"floor":19,"key":"Red Mask"}],"event_choices":[{"cards_removed":["Defend_B"],"damage_healed":0,"gold_gain":0,"player_choice":"Card Removal","damage_taken":0,"max_hp_gain":0,"max_hp_loss":0,"event_name":"The Cleric","floor":3,"gold_loss":75},{"damage_healed":0,"gold_gain":0,"player_choice":"Fought Bandits","damage_taken":0,"max_hp_gain":0,"max_hp_loss":0,"event_name":"Masked Bandits","floor":19,"gold_loss":0}],"is_beta":false,"boss_relics":[{"not_picked":["Astrolabe","Velvet Choker"],"picked":"Coffee Dripper"}],"items_purged_floors":[20],"is_endless":false,"potions_floor_spawned":[7,12,14,21],"killed_by":"Sentry and Sphere","ascension_level":20}}