{"host":"dxhqtkke6bt2qzoz","time":1609770399,"event":{"mods":["ATMod(阿瑾Mod)","Act Like it!","Astrologer","BaseMod","Chen","Dota2Spire","Gensokyo","KinomotoSakuraMod(木之本樱)","Koishi","LagranYue(拉格朗・月)","Marisa（F雨　魔理沙）","Minty Spire (QoL Compilation)","Nova Terra(诺娃・泰拉)","Prisma Mod","Reimu（博丽灵梦）","Remilia（蕾米莉亚）","SIMod","StSLib","TestMod","The Dragon Tamer","The Marked","Waifu the Spire","WarShipGirlsR/战舰少女R mod","Yakumo Yukari mod","Youmu（魂魄妖梦）","Yuri Mod","Yuyuko","[IsaacMod]以撒尖塔","【遗物卡牌】REMEMod"],"gold_per_floor":[118,135,60,76,86,118,118,149,200,200,218,283,283,283,283,379,379,393,92,110,129,119,245,245,380,380,397,397,397,412,528,528,728,728,746,746,339,354,493,619,619,754,754,754,769,900,900,920,920,1020],"floor_reached":51,"playtime":3432,"items_purged":["ClowCardTheSword","LagranYue:AttackFutureCard"],"score":1068,"play_id":"c1bde052-8d1c-4fe2-997d-4b27b3dafb00","local_time":"20210104222639","is_ascension_mode":true,"campfire_choices":[{"data":"SpellCardSeal","floor":7.0,"key":"SMITH"},{"floor":10.0,"key":"REST"},{"data":"ClowCardTheBig","floor":13.0,"key":"SMITH"},{"data":"AT_IchimonjiDouble","floor":15.0,"key":"SMITH"},{"floor":24.0,"key":"REST"},{"data":"ClowCardTheShadow","floor":29,"key":"SMITH"},{"data":"ClowCardTheFlower","floor":32,"key":"SMITH"},{"data":"ClowCardTheBubbles","floor":41,"key":"SMITH"},{"data":"ClowCardTheNothing","floor":44,"key":"SMITH"},{"data":"ClowCardTheFight","floor":47,"key":"SMITH"},{"data":"1","floor":49,"key":"LIFT"}],"circlet_count":0,"master_deck":["SakuraCardTheShadow+","SakuraCardTheSword+","ClowCardTheSword","ClowCardTheShield","ClowCardTheShield","ClowCardTheShield","ClowCardTheShield","SpellCardSeal+1","SpellCardRelease","AT_IchimonjiDouble+1","ClowCardTheErase","ClowCardTheBig+1","ClowCardTheFirey","ClowCardTheWindy","ClowCardTheFlower+1","ClowCardTheFight+1","ClowCardTheBubbles+1","ClowCardTheDream+1","ClowCardTheMove+1","ClowCardTheWatery","ClowCardTheSweet","ClowCardTheDash","ClowCardTheFlower+1","ClowCardTheNothing+1","ClowCardTheLock+1","ClowCardThePower+1"],"relics":["KSMOD_SealedBook","KSMOD_SealedWand","HushsDoor","REME_ComplimentaryCards","testmod-TestBox","AT_ATBox","testmod-Hope","Leech","LagranYue:RandomDrawCardRelic","KSMOD_TomoyosHeart","LagranYue:MagicReflectiveArmorRelic","TheBible","LagranYue:SoulBurningRelic","AT_TheCollector","Strawberry","Bag of Preparation","Pen Nib","Runic Pyramid","AT_ChloranthyRing","BFFS","Girya","Dota2Spire:EtherealBlade","Darkstone Periapt","DoctorsRemote"],"acts_visited":["Exordium","TheCity","TheBeyond"],"potions_floor_usage":[40,42,50],"damage_taken":[{"damage":0.0,"enemies":"Cultist","floor":1.0,"turns":2.0},{"damage":1.0,"enemies":"2 Louse","floor":2.0,"turns":2.0},{"damage":0.0,"enemies":"Jaw Worm","floor":4.0,"turns":1.0},{"damage":12.0,"enemies":"Large Slime","floor":5.0,"turns":3.0},{"damage":30.0,"enemies":"3 Sentries","floor":6.0,"turns":6.0},{"damage":18.0,"enemies":"Lagavulin","floor":8.0,"turns":5.0},{"damage":6.0,"enemies":"Looter","floor":11.0,"turns":2.0},{"damage":7.0,"enemies":"3 Sentries","floor":12.0,"turns":5.0},{"damage":7.0,"enemies":"Hexaghost","floor":16.0,"turns":6.0},{"damage":0.0,"enemies":"Shell Parasite","floor":18.0,"turns":2.0},{"damage":0.0,"enemies":"Chosen","floor":20.0,"turns":1.0},{"damage":0.0,"enemies":"Snecko","floor":21.0,"turns":3.0},{"damage":38.0,"enemies":"Book of Stabbing","floor":23.0,"turns":5.0},{"damage":0.0,"enemies":"Gremlin Leader","floor":25.0,"turns":3.0},{"damage":1,"enemies":"Chosen and Byrds","floor":27,"turns":2},{"damage":0,"enemies":"Cultist and Chosen","floor":30,"turns":4},{"damage":0,"enemies":"Sentry and Sphere","floor":31,"turns":3},{"damage":2,"enemies":"Collector","floor":33,"turns":6},{"damage":0,"enemies":"3 Darklings","floor":35,"turns":4},{"damage":0,"enemies":"Orb Walker","floor":38,"turns":2},{"damage":0,"enemies":"KSMOD_TheNothingMonster","floor":39,"turns":1},{"damage":0,"enemies":"Nemesis","floor":40,"turns":2},{"damage":6,"enemies":"Giant Head","floor":42,"turns":3},{"damage":0,"enemies":"Writhing Mass","floor":45,"turns":3},{"damage":0,"enemies":"Nemesis","floor":46,"turns":2},{"damage":0,"enemies":"Spire Growth","floor":48,"turns":1},{"damage":0,"enemies":"Time Eater","floor":50,"turns":4}],"seed_played":"4421674366825776944","potions_obtained":[{"floor":11.0,"key":"KSMOD_MagickBottle"},{"floor":16.0,"key":"Fire Potion"},{"floor":20.0,"key":"testmod-TimePotion"},{"floor":25,"key":"Block Potion"},{"floor":30,"key":"Dexterity Potion"},{"floor":38,"key":"testmod-TimePotion"},{"floor":40,"key":"testmod-SpacePotion"}],"is_trial":false,"path_per_floor":["M","M","$","M","M","E","R","E","T","R","M","?","R","?","R","B",null,"M","$","M","M","?","E","R","E","T","M","?","R","M","M","R","B",null,"M","?","$","M","?","E","R","E","T","R","M","E","R","M","R","B",null],"character_chosen":"KINOMOTOSAKURA","items_purchased":["AT_TheCollector","AT_ChloranthyRing","BFFS"],"campfire_rested":2,"item_purchase_floors":[19,37,37],"current_hp_per_floor":[77,76,76,77,66,41,41,27,27,50,46,43,43,43,43,41,77,77,77,77,77,77,45,69,69,69,68,68,68,68,72,72,74,84,84,84,84,84,84,84,84,78,78,78,82,84,84,84,84,84],"gold":1020,"neow_bonus":"TEN_PERCENT_HP_BONUS","is_daily":false,"chose_seed":false,"campfire_upgraded":8,"win_rate":0.0,"timestamp":1609770399,"path_taken":["M","M","$","M","M","E","R","E","T","R","M","?","R","?","R","BOSS","M","$","M","M","?","E","R","E","T","M","?","R","M","M","R","BOSS","M","?","$","M","?","E","R","E","T","R","M","E","R","?","R","BOSS"],"items_purchased_type":["Relic","Relic","Relic"],"build_version":"2020-12-22","purchased_purges":2,"victory":true,"max_hp_per_floor":[77,77,77,77,77,77,77,77,77,77,77,77,77,77,77,77,77,77,77,77,77,77,84,84,84,84,84,84,84,84,84,84,84,84,84,84,84,84,84,84,84,84,84,84,84,84,84,84,84,84],"card_choices":[{"not_picked":["ClowCardTheSweet","ClowCardTheIllusion"],"picked":"ClowCardTheErase","floor":1.0},{"not_picked":["ClowCardTheLoop","ClowCardTheSleep"],"picked":"ClowCardTheBig","floor":2.0},{"not_picked":["ClowCardTheMist","ClowCardTheLibra"],"picked":"ClowCardTheFirey","floor":4.0},{"not_picked":["ClowCardTheSilent","ClowCardTheWatery","ClowCardTheDream"],"picked":"SKIP","floor":5.0},{"not_picked":["ClowCardTheSnow","ClowCardTheSong"],"picked":"ClowCardTheShadow","floor":6.0},{"not_picked":["ClowCardTheMist","ClowCardTheSong"],"picked":"ClowCardTheWindy","floor":8.0},{"not_picked":["ClowCardTheLock","ClowCardTheShadow"],"picked":"Bomb","floor":11.0},{"not_picked":["ClowCardTheShadow","ClowCardTheSand"],"picked":"ClowCardTheFlower","floor":12.0},{"not_picked":["ClowCardTheThrough","ClowCardTheTwin"],"picked":"ClowCardTheFight","floor":16.0},{"not_picked":["ClowCardTheVoice","ClowCardTheRain"],"picked":"ClowCardTheBubbles","floor":18.0},{"not_picked":["ClowCardTheSilent","ClowCardTheShadow"],"picked":"ClowCardTheDream+1","floor":20.0},{"not_picked":["ClowCardTheSleep","ClowCardTheFloat","ClowCardTheVoice"],"picked":"SKIP","floor":21.0},{"not_picked":[],"picked":"ClowCardTheReturn","floor":22.0},{"not_picked":["ClowCardTheSong","ClowCardTheVoice"],"picked":"ClowCardTheMove+1","floor":23.0},{"not_picked":["ClowCardTheVoice+1","ClowCardTheArrow","ClowCardTheMaze"],"picked":"SKIP","floor":25},{"not_picked":["ClowCardTheRain","ClowCardTheBig"],"picked":"ClowCardTheWatery","floor":27},{"not_picked":["ClowCardTheLock","ClowCardTheStorm+1"],"picked":"ClowCardTheSweet","floor":30},{"not_picked":["ClowCardTheChange","ClowCardTheLight","ClowCardTheArrow"],"picked":"SKIP","floor":31},{"not_picked":["ClowCardTheThrough","ClowCardTheTwin"],"picked":"ClowCardTheDash","floor":33},{"not_picked":["ClowCardTheRain","ClowCardTheSilent+1"],"picked":"ClowCardTheFlower+1","floor":35},{"not_picked":["ClowCardTheEarthy+1","ClowCardTheShadow","ClowCardTheSilent"],"picked":"SKIP","floor":38},{"not_picked":["ClowCardTheIllusion+1","ClowCardThePower"],"picked":"ClowCardTheLock+1","floor":39},{"not_picked":["ClowCardTheFight","ClowCardTheFloat"],"picked":"ClowCardThePower+1","floor":40},{"not_picked":["ClowCardTheWave+1","ClowCardTheWatery","ClowCardTheArrow+1"],"picked":"SKIP","floor":42},{"not_picked":["ClowCardTheMist","ClowCardTheFirey","ClowCardTheErase+1"],"picked":"SKIP","floor":45},{"not_picked":["ClowCardTheJump","ClowCardTheCloud+1","ClowCardTheSong"],"picked":"SKIP","floor":46},{"not_picked":["ClowCardTheBubbles+1","ClowCardTheWave","ClowCardTheSilent"],"picked":"SKIP","floor":48}],"player_experience":191904,"relics_obtained":[{"floor":6.0,"key":"KSMOD_TomoyosHeart"},{"floor":8.0,"key":"LagranYue:MagicReflectiveArmorRelic"},{"floor":12.0,"key":"TheBible"},{"floor":23.0,"key":"Strawberry"},{"floor":25,"key":"Bag of Preparation"},{"floor":26,"key":"Pen Nib"},{"floor":40,"key":"Girya"},{"floor":42,"key":"Dota2Spire:EtherealBlade"},{"floor":43,"key":"Darkstone Periapt"},{"floor":46,"key":"DoctorsRemote"}],"event_choices":[{"damage_healed":0.0,"max_hp_gain":0.0,"max_hp_loss":0.0,"gold_gain":0.0,"event_name":"Dead Adventurer","player_choice":"Searched \u00271\u0027 times","floor":12.0,"gold_loss":0.0,"damage_taken":0.0},{"damage_healed":0.0,"max_hp_gain":0.0,"max_hp_loss":0.0,"gold_gain":0.0,"event_name":"给自己的盒子","player_choice":"Ignored","floor":14.0,"gold_loss":0.0,"damage_taken":0.0},{"cards_removed":["ClowCardTheReturn"],"damage_healed":0,"gold_gain":0,"player_choice":"Elegance","damage_taken":0,"max_hp_gain":0,"max_hp_loss":0,"event_name":"Back to Basics","floor":28,"gold_loss":0}],"is_beta":false,"boss_relics":[{"not_picked":["REME_DemonsWealth","REME_DuelDisc"],"picked":"LagranYue:SoulBurningRelic"},{"not_picked":[]},{"not_picked":["Philosopher\u0027s Stone","testmod-EnergyCheck"],"picked":"Runic Pyramid"},{"not_picked":[]}],"items_purged_floors":[3,37],"is_endless":false,"potions_floor_spawned":[1,11,16,20,25,30,38,40],"ascension_level":3}}