{"host":"dmdprxj8bosbz96f","time":1609773227,"event":{"mods":["AchievementEnabler","BaseMod","Colored Map","DeckTracker","Minty Spire (QoL Compilation)","Quick Restart","SuperFastMode","everything is the same but u backflip on backflip"],"gold_per_floor":[116,116,132,143,23,53,53,64,64,64,10,25,25,0,0,0,0],"floor_reached":16,"playtime":953,"items_purged":["Defend_G"],"score":120,"play_id":"4d5198a7-ca6e-4248-a77e-15a1970bda72","local_time":"20210105001347","is_ascension_mode":true,"campfire_choices":[{"floor":7,"key":"REST"},{"data":"Adrenaline","floor":10,"key":"SMITH"},{"floor":15,"key":"REST"}],"circlet_count":0,"master_deck":["Strike_G","Strike_G","Strike_G","Strike_G","Strike_G","Defend_G","Defend_G","Survivor","Neutralize","Blur","Backflip","Backflip","Adrenaline+1","Deflect","Calculated Gamble"],"relics":["Ring of the Snake","Smiling Mask","Lantern","InkBottle"],"acts_visited":["Exordium"],"potions_floor_usage":[6,8,16],"damage_taken":[{"damage":1,"enemies":"2 Louse","floor":1,"turns":4},{"damage":4,"enemies":"Cultist","floor":3,"turns":5},{"damage":2,"enemies":"Small Slimes","floor":4,"turns":4},{"damage":39,"enemies":"3 Sentries","floor":6,"turns":14},{"damage":10,"enemies":"Exordium Thugs","floor":8,"turns":5},{"damage":12,"enemies":"3 Louse","floor":12,"turns":5},{"damage":0,"enemies":"Looter","floor":14,"turns":4},{"damage":43,"enemies":"The Guardian","floor":16,"turns":17}],"seed_played":"-7345096776157200372","potions_obtained":[{"floor":1,"key":"SteroidPotion"},{"floor":6,"key":"Strength Potion"},{"floor":12,"key":"Weak Potion"}],"is_trial":false,"path_per_floor":["M","?","M","M","$","E","R","M","T","R","?","M","?","M","R","B"],"character_chosen":"THE_SILENT","items_purchased":["Backflip"],"campfire_rested":2,"item_purchase_floors":[5],"current_hp_per_floor":[69,69,65,63,63,24,45,35,35,35,35,23,23,23,44,1,1],"gold":0,"neow_bonus":"TRANSFORM_CARD","is_daily":false,"chose_seed":false,"campfire_upgraded":1,"win_rate":0.0,"timestamp":1609773227,"path_taken":["M","?","?","?","$","E","R","M","T","R","?","?","?","M","R","BOSS"],"items_purchased_type":["Card"],"build_version":"2020-12-22","purchased_purges":1,"victory":false,"max_hp_per_floor":[70,70,70,70,70,70,70,70,70,70,70,70,70,70,70,70,70],"card_choices":[{"not_picked":["Caltrops","Terror","Slice"],"picked":"SKIP","floor":1},{"not_picked":["Blade Dance","Expertise"],"picked":"Backflip","floor":3},{"not_picked":["Flechettes","Underhanded Strike","Dodge and Roll"],"picked":"SKIP","floor":4},{"not_picked":["Concentrate","Prepared"],"picked":"Adrenaline","floor":6},{"not_picked":["Underhanded Strike","Outmaneuver","Infinite Blades"],"picked":"SKIP","floor":8},{"not_picked":["Backflip","Predator"],"picked":"Deflect","floor":12},{"not_picked":["Well Laid Plans","Bane"],"picked":"Calculated Gamble","floor":14}],"player_experience":124246,"relics_obtained":[{"floor":6,"key":"Smiling Mask"},{"floor":9,"key":"Lantern"}],"event_choices":[{"cards_removed":["Defend_G"],"damage_healed":0,"gold_gain":0,"player_choice":"Offered Basic","damage_taken":0,"max_hp_gain":0,"max_hp_loss":0,"event_name":"Bonfire Elementals","floor":2,"gold_loss":0},{"damage_healed":0,"gold_gain":0,"player_choice":"Paid Gold","damage_taken":0,"relics_obtained":["InkBottle"],"max_hp_gain":0,"max_hp_loss":0,"event_name":"WeMeetAgain","floor":11,"gold_loss":54},{"damage_healed":0,"gold_gain":0,"player_choice":"Ignored","damage_taken":0,"max_hp_gain":0,"max_hp_loss":0,"event_name":"Shining Light","floor":13,"gold_loss":0}],"is_beta":false,"boss_relics":[],"items_purged_floors":[5],"is_endless":false,"potions_floor_spawned":[1,6,12],"killed_by":"The Guardian","ascension_level":4}}