{"host":"ec2wu4mdnvke243f","time":1609762783,"event":{"mods":["2.2 Compatiblity","AchievementEnabler","BaseMod","Defuse TimeMaze Blight","Downfall","Hermit","Infinite Spire","Minty Spire (QoL Compilation)","StSLib","The Cursed","The Disciple","The Jungle","The Servant 0.9.4"],"gold_per_floor":[114,114,126,126,126,152,182,213,284,284,301,380,380,284,284,389,389,402,402,402,402,402,402,434,466,466,436,436],"floor_reached":27,"playtime":1328,"items_purged":[],"score":288,"play_id":"3f6d677e-3306-4c96-933d-0fae162b3093","local_time":"20210104131943","daily_mods":["Flight"],"is_ascension_mode":false,"campfire_choices":[{"floor":13,"key":"REST"},{"floor":15,"key":"REST"},{"data":"hermit:Malice","floor":23,"key":"SMITH"}],"circlet_count":0,"master_deck":["hermit:Strike_Hermit+1","hermit:Strike_Hermit+1","hermit:Strike_Hermit+1","hermit:Strike_Hermit+1","hermit:Defend_Hermit+1","hermit:Defend_Hermit+1","hermit:Defend_Hermit+1","hermit:Defend_Hermit+1","hermit:Snapshot","hermit:Covet","hermit:GoldenBullet+1","hermit:Spite","Regret","hermit:SprayPray","hermit:Horror","hermit:RoundhouseKick","hermit:Showdown","Discovery","hermit:Magnum","hermit:Manifest","TheCursedMod:Dregs","Injury","infinitespire:Collect","hermit:Malice+1","hermit:Scavenge+1","hermit:Quickdraw"],"relics":["hermit:Momento","Incense Burner","Strawberry","Pear","Smiling Mask","HornCleat","Mummified Hand","sneckomod:SneckoTalon","Unceasing Top","infinitespire:Lucky Rock","champ:DeflectingBracers"],"acts_visited":["Exordium","TheCity"],"potions_floor_usage":[6,24,24],"damage_taken":[{"damage":3,"enemies":"Jaw Worm","floor":1,"turns":3},{"damage":17,"enemies":"infinitespire:Voidling","floor":3,"turns":5},{"damage":23,"enemies":"Lagavulin","floor":6,"turns":7},{"damage":27,"enemies":"3 Sentries","floor":7,"turns":8},{"damage":6,"enemies":"Gremlin Nob","floor":8,"turns":3},{"damage":0,"enemies":"Cultist","floor":11,"turns":3},{"damage":74,"enemies":"The Guardian","floor":16,"turns":12},{"damage":10,"enemies":"Shell Parasite","floor":18,"turns":6},{"damage":27,"enemies":"Book of Stabbing","floor":24,"turns":5},{"damage":39,"enemies":"Slavers","floor":25,"turns":4},{"damage":17,"enemies":"2 Thieves","floor":27,"turns":1}],"seed_played":"1255151232619589916","potions_obtained":[{"floor":3,"key":"hermit:Tonic"},{"floor":16,"key":"hexamod:EctoCoolerPotion"},{"floor":18,"key":"SpeedPotion"},{"floor":24,"key":"GamblersBrew"}],"is_trial":true,"path_per_floor":["M","?","M","?","$","E","E","E","T","?","M","T","R","$","R","B",null,"M","?","?","?","?","R","E","E","T","M"],"character_chosen":"HERMIT","items_purchased":["Discovery"],"campfire_rested":2,"item_purchase_floors":[14],"current_hp_per_floor":[72,72,68,68,68,52,35,29,29,29,29,29,56,56,83,9,92,82,82,82,82,82,82,55,16,16,0,0],"gold":436,"neow_bonus":"","is_daily":false,"chose_seed":false,"campfire_upgraded":1,"win_rate":0.0,"timestamp":1609762783,"path_taken":["M","?","?","?","?","E","E","E","T","?","?","?","R","?","R","BOSS","M","?","?","?","?","R","E","E","T","?"],"items_purchased_type":["Card"],"build_version":"2020-12-22","purchased_purges":0,"victory":false,"max_hp_per_floor":[75,75,75,75,75,82,92,92,92,92,92,92,92,92,92,92,92,92,92,92,92,92,92,92,92,92,92,92],"card_choices":[{"not_picked":["hermit:Vantage","hermit:ItchyTrigger"],"picked":"hermit:Glare","floor":1},{"not_picked":["hermit:FullyLoaded","hermit:Gestalt"],"picked":"hermit:Spite","floor":3},{"not_picked":["hermit:Manifest","hermit:WideOpen"],"picked":"hermit:SprayPray","floor":6},{"not_picked":["hermit:OverwhelmingPower","hermit:Virtue"],"picked":"hermit:Horror","floor":7},{"not_picked":["hermit:Midnight","hermit:Cheat"],"picked":"hermit:RoundhouseKick","floor":8},{"not_picked":["hermit:Desperado","hermit:CursedWeapon"],"picked":"hermit:Showdown","floor":11},{"not_picked":["hermit:RoundhouseKick","hermit:Gambit"],"picked":"hermit:Magnum","floor":16},{"not_picked":["hermit:ItchyTrigger","hermit:TakeCover"],"picked":"hermit:Manifest","floor":18},{"not_picked":["infinitespire:TheBestDefense","infinitespire:Starlight"],"picked":"infinitespire:Collect","floor":19},{"not_picked":["hermit:Adapt","hermit:TrackingShot"],"picked":"hermit:Scavenge+1","floor":24},{"not_picked":["hermit:Shortfuse","hermit:WideOpen+1"],"picked":"hermit:Quickdraw","floor":25}],"player_experience":552479,"relics_obtained":[{"floor":6,"key":"Strawberry"},{"floor":7,"key":"Pear"},{"floor":8,"key":"Smiling Mask"},{"floor":9,"key":"HornCleat"},{"floor":12,"key":"Mummified Hand"},{"floor":24,"key":"Unceasing Top"},{"floor":25,"key":"infinitespire:Lucky Rock"},{"floor":26,"key":"champ:DeflectingBracers"}],"event_choices":[{"damage_healed":0,"gold_gain":0,"cards_transformed":["hermit:Glare"],"player_choice":"Transformed","damage_taken":0,"max_hp_gain":0,"max_hp_loss":0,"event_name":"Transmorgrifier","floor":2,"gold_loss":0,"cards_obtained":["hermit:GoldenBullet"]},{"damage_healed":0,"gold_gain":0,"player_choice":"Box","damage_taken":0,"relics_obtained":["Incense Burner"],"max_hp_gain":0,"max_hp_loss":0,"event_name":"Big Fish","floor":4,"gold_loss":0,"cards_obtained":["Regret"]},{"damage_healed":0,"gold_gain":0,"player_choice":"Upgraded","damage_taken":0,"max_hp_gain":0,"max_hp_loss":0,"event_name":"Upgrade Shrine","floor":10,"gold_loss":0,"cards_upgraded":["hermit:GoldenBullet"]},{"damage_healed":0,"gold_gain":0,"player_choice":"Ignored","damage_taken":0,"max_hp_gain":0,"max_hp_loss":0,"event_name":"Beggar","floor":20,"gold_loss":0},{"damage_healed":0,"gold_gain":0,"player_choice":"Simplicity","damage_taken":0,"max_hp_gain":0,"max_hp_loss":0,"event_name":"Back to Basics","floor":21,"gold_loss":0,"cards_upgraded":["hermit:Strike_Hermit","hermit:Strike_Hermit","hermit:Strike_Hermit","hermit:Strike_Hermit","hermit:Defend_Hermit","hermit:Defend_Hermit","hermit:Defend_Hermit","hermit:Defend_Hermit"]},{"damage_healed":0,"gold_gain":0,"player_choice":"Read","damage_taken":0,"max_hp_gain":0,"max_hp_loss":0,"event_name":"The Library","floor":22,"gold_loss":0,"cards_obtained":["hermit:Malice"]}],"is_beta":false,"boss_relics":[{"not_picked":["Snecko Eye","Ectoplasm"],"picked":"sneckomod:SneckoTalon"}],"items_purged_floors":[],"is_endless":false,"potions_floor_spawned":[3,16,18,24],"killed_by":"2 Thieves","ascension_level":0}}