{"host":"8kweeulvvasqx820","time":1609782613,"event":{"mods":["Aspiration","BaseMod","Better Altar","Better Match","Better Note","Better Sensory Stone","Better Skull","Better Third Choice","BetterRewards","CatGirl Mod","Colored Map","Conspire","Displayed Cursed Tome","Downfall","Hubris","Infinite Spire","Jorbs\u0027s Wanderer Trilogy","Minty Spire (QoL Compilation)","Relic Stats","Replay The Spire","Spicy Shops","StSLib","SuperFastMode","Swap Starting Deck Mod","The Construct","The Marked","The Mystic","The Necromancer","The Servant 0.9.4","everything is the same but u backflip on backflip","slay the spire mod where everything is the same but ironclad has a cowboy hat"],"gold_per_floor":[119,119,132,132,145,145,64,64,64,64,97,97,111,127,127,229,229,246,156,169,187,204,204,237,237,237,12,12,30,57,72,72,170,170,181,181,181,194,194,194,223,234,234,234,234,245,258,269,269,269],"floor_reached":51,"playtime":4084,"items_purged":["theMarked:Strike","theMarked:Strike","theMarked:Strike"],"score":719,"play_id":"dc67bde8-83a4-42af-b33c-5a694124ebaf","local_time":"20210104125013","is_ascension_mode":false,"campfire_choices":[{"data":"theMarked:MysticalArsenal","floor":6,"key":"SMITH"},{"data":"theMarked:Parry","floor":8,"key":"SMITH"},{"data":"theMarked:MuscleMemory","floor":15,"key":"SMITH"},{"data":"Shockwave","floor":23,"key":"SMITH"},{"data":"theMarked:Defy","floor":28,"key":"SMITH"},{"data":"True Grit","floor":32,"key":"SMITH"},{"data":"Life Link","floor":40,"key":"SMITH"},{"data":"Demon Form","floor":45,"key":"SMITH"},{"data":"theMarked:Frustration","floor":49,"key":"SMITH"}],"circlet_count":0,"master_deck":["infinitespire:Starlight+1","theMarked:Defend","theMarked:Defend","theMarked:Defend","theMarked:MaelstromOfLightning","theMarked:Frustration+1","theMarked:MysticalArsenal+1","theMarked:HeritageOfTheMarked","theMarked:DispelDoubt+1","theMarked:ChainLightning+1","theMarked:Parry+1","theMarked:Aftermath","theMarked:RepellingDischarge","theMarked:MuscleMemory+1","theMarked:Defy+1","theMarked:ReduceFriction+1","Shockwave+1","Warcry","True Grit+1","theMarked:Opportunist+1","Life Link+1","Demon Form+1","theMarked:Static+1","theMarked:Frustration+1","theMarked:Reabsorb+1"],"relics":["theMarked:ArtifactOfAir","hubris:Potato","Lantern","Mummified Hand","hubris:DisguiseKit","conspire:SeveredTorchhead","hubris:PeanutButter","ReplayTheSpireMod:Lightbulb","Centennial Puzzle","hubris:Stopwatch","hubris:Towel","Simple Rune","Replay:Bottled Flurry"],"acts_visited":["Exordium","TheCity","TheBeyond"],"potions_floor_usage":[16,16,24,29,30,33,50,50,50],"damage_taken":[{"damage":6.0,"enemies":"Jaw Worm","floor":1.0,"turns":4.0},{"damage":13.0,"enemies":"infinitespire:Voidling","floor":3.0,"turns":4.0},{"damage":0,"enemies":"Cultist","floor":5,"turns":2},{"damage":4,"enemies":"Replay:BlueRogue","floor":11,"turns":3},{"damage":10,"enemies":"Looter","floor":13,"turns":2},{"damage":1,"enemies":"conspire:2 RoseBushes","floor":14,"turns":5},{"damage":14,"enemies":"The Guardian","floor":16,"turns":9},{"damage":28,"enemies":"Shell Parasite","floor":18,"turns":7},{"damage":16,"enemies":"2 Thieves","floor":20,"turns":3},{"damage":10,"enemies":"conspire:HollyBat","floor":21,"turns":7},{"damage":11,"enemies":"Snake Plant","floor":22,"turns":2},{"damage":24,"enemies":"Slavers","floor":24,"turns":4},{"damage":0,"enemies":"Snecko","floor":29,"turns":3},{"damage":0,"enemies":"Gremlin Leader","floor":30,"turns":7},{"damage":0,"enemies":"conspire:HollyBat","floor":31,"turns":5},{"damage":37,"enemies":"hubris:MusketHawk","floor":33,"turns":10},{"damage":0,"enemies":"Orb Walker","floor":35,"turns":4},{"damage":0,"enemies":"3 Shapes","floor":38,"turns":5},{"damage":21,"enemies":"Reptomancer","floor":41,"turns":6},{"damage":40,"enemies":"Writhing Mass","floor":42,"turns":3},{"damage":4,"enemies":"Transient","floor":46,"turns":5},{"damage":9,"enemies":"4 Shapes","floor":47,"turns":4},{"damage":12,"enemies":"Jaw Worm Horde","floor":48,"turns":2},{"damage":19,"enemies":"infinitespire:MassOfShapes","floor":50,"turns":9}],"seed_played":"-3053418865814355430","potions_obtained":[{"floor":3.0,"key":"PowerPotion"},{"floor":11,"key":"champ:CounterPotion"},{"floor":14,"key":"Explosive Potion"},{"floor":18,"key":"Block Potion"},{"floor":24,"key":"sneckomod:MuddlingPotion"},{"floor":25,"key":"DistilledChaos"},{"floor":25,"key":"Toxic Potion"},{"floor":29,"key":"SmokeBomb"},{"floor":30,"key":"Venom Potion"},{"floor":31,"key":"Guardian:BlockOnCardUsePotion"},{"floor":35,"key":"Dexterity Potion"},{"floor":41,"key":"EssenceOfSteel"},{"floor":46,"key":"Fire Potion"}],"is_trial":false,"path_per_floor":["M","?","M","?","M","R","$","R","T","$","E","?","M","M","R","B",null,"M","?","M","M","M","R","E","?","T","$","R","M","E","M","R","B",null,"M","?","?","M","?","R","E","M","T","?","R","M","M","M","R","B",null],"character_chosen":"THE_DEFAULT","items_purchased":["theMarked:Frustration","theMarked:MysticalArsenal","Lantern","theMarked:Parry"],"campfire_rested":0,"item_purchase_floors":[0,0,0,7],"current_hp_per_floor":[64,64,66,66,66,66,66,66,66,66,70,70,60,70,70,70,70,57,57,56,60,59,59,50,50,50,50,50,65,70,70,70,48,70,70,70,70,70,70,70,64,39,39,80,80,76,80,80,80,75],"gold":269,"neow_bonus":"","is_daily":false,"chose_seed":false,"campfire_upgraded":9,"win_rate":0.0,"timestamp":1609782613,"path_taken":["M","?","?","?","M","R","$","R","T","$","E","?","?","M","R","BOSS","M","?","?","M","M","R","E","?","T","?","R","?","E","M","R","BOSS","M","?","?","M","?","R","E","M","T","?","R","?","M","M","R","BOSS"],"items_purchased_type":["Card","Card","Relic","Card"],"build_version":"2020-12-22","purchased_purges":3,"victory":true,"max_hp_per_floor":[70,70,70,70,70,70,70,70,70,70,70,70,70,70,70,70,70,70,70,70,70,70,70,70,70,70,70,70,70,70,70,70,70,70,70,70,70,70,70,70,70,70,70,80,80,80,80,80,80,80],"relic_stats":{"Centennial Puzzle":[33],"counters":[129,456],"Mummified Hand":[81],"obtain_stats":[{"construct:FoamFinger":4,"conspire:RoyalGoblet":34,"Vajra":166,"infinitespire:Cubic Diamond":63,"aspiration:PoetsPen_weak":189,"Whetstone":10,"construct:LongRangeLance":59,"aspiration:RitualStick":80,"Replay:Wanted Poster":105,"conspire:SeveredTorchhead":17,"Centennial Puzzle":125,"HornCleat":22,"Strawberry":59,"hubris:DeckOfHolding":26,"Replay:Bottled Flurry":43,"Replay:Wax Seal":74,"construct:MasterCore":9,"hubris:TinFlute":208,"hubris:MobiusCoin":39,"theCatGirl:TrainedRelic":0,"Pear":209,"Happy Flower":12,"Ring of Hypnosis":43,"hubris:DuctTape":47,"Astrolabe":51,"ReplayTheSpireMod:Ring of Addiction":94,"Oddly Smooth Stone":130,"hubris:HollowSoul":206,"Letter Opener":7,"War Paint":43,"aspiration:HiddenCompartment":25,"aspiration:FrozenJewel":208,"ReplayTheSpireMod:Ring of Collecting":39,"MutagenicStrength":173,"Onion Ring":77,"Simple Rune":142,"hubris:PeanutButter":24,"infinitespire:EmpoweringShard":14,"conspire:BottledYoYo":90,"construct:MegaBattery":94,"hubris:TenFootPole":203,"Kintsugi":87,"infinitespire:Cupcake":85,"construct:BoolHorns":0,"Lantern":0,"Blue Doll":9,"hubris:SlimyHat":98,"Bag of Preparation":195,"hubris:EmptyBottle":94,"Cursed Key":102,"Replay:Rubber Ducky":19,"ReplayTheSpireMod:EnergyBall":47,"Nunchaku":72,"hubris:Icosahedron":38,"hubris:Backtick":47,"Mummified Hand":9,"hubris:Stopwatch":34,"Replay:Lucky Slots":11,"hubris:CuriousFeather":179,"WingedGreaves":201,"Ring of Panic":77,"aspiration:FutureDiary":136,"Replay:Drink Me":132,"Potion Belt":94,"aspiration:VileToxins":159,"construct:PurpleEmber":193,"hubris:DisguiseKit":11,"construct:WeddingRing":153,"Golden Idol":39,"infinitespire:CursedDice":164,"aspiration:RunicSpoon":17,"Guide Book":41,"Quantum Egg":146,"Circlet":156,"infinitespire:FocusingShard":60,"Replay:WaspNest":73,"PreservedInsect":158,"Ring of Greed":39,"hubris:Towel":45,"Odd Mushroom":55,"Orichalcum":75,"Medical Kit":56,"White Beast Statue":161,"theMarked:ArtifactOfAir":0,"Busted Crown":170,"construct:Cogwheel":46,"Ring of Misfortune":60,"aspiration:WatcherSkillbook":68,"infinitespire:Satchel":182,"Bottled Lightning":112,"PureWater":63,"conspire:DeflatedDodgeball":133,"ReplayTheSpireMod:Lightbulb":99,"hubris:OldNail":0,"hubris:Potato":0,"hubris:BottledRain":29},{"construct:FoamFinger":8,"conspire:RoyalGoblet":23,"Vajra":84,"infinitespire:Cubic Diamond":32,"aspiration:PoetsPen_weak":93,"Whetstone":10,"construct:LongRangeLance":31,"aspiration:RitualStick":40,"Replay:Wanted Poster":51,"conspire:SeveredTorchhead":112,"Centennial Puzzle":61,"HornCleat":17,"Strawberry":31,"hubris:DeckOfHolding":19,"Replay:Bottled Flurry":125,"Replay:Wax Seal":38,"construct:MasterCore":9,"hubris:TinFlute":103,"hubris:MobiusCoin":24,"theCatGirl:TrainedRelic":0,"Pear":104,"Happy Flower":12,"Ring of Hypnosis":24,"hubris:DuctTape":24,"Astrolabe":26,"ReplayTheSpireMod:Ring of Addiction":47,"Oddly Smooth Stone":64,"hubris:HollowSoul":103,"Letter Opener":4,"War Paint":24,"aspiration:HiddenCompartment":19,"aspiration:FrozenJewel":103,"ReplayTheSpireMod:Ring of Collecting":24,"MutagenicStrength":87,"Onion Ring":38,"Simple Rune":70,"hubris:PeanutButter":117,"infinitespire:EmpoweringShard":13,"conspire:BottledYoYo":45,"construct:MegaBattery":47,"hubris:TenFootPole":102,"Kintsugi":43,"infinitespire:Cupcake":42,"construct:BoolHorns":6,"Lantern":105,"Blue Doll":4,"hubris:SlimyHat":48,"Bag of Preparation":98,"hubris:EmptyBottle":47,"Cursed Key":50,"Replay:Rubber Ducky":15,"ReplayTheSpireMod:EnergyBall":24,"Nunchaku":37,"hubris:Icosahedron":24,"hubris:Backtick":24,"Mummified Hand":108,"hubris:Stopwatch":121,"Replay:Lucky Slots":4,"hubris:CuriousFeather":90,"WingedGreaves":101,"Ring of Panic":38,"aspiration:FutureDiary":66,"Replay:Drink Me":64,"Potion Belt":47,"aspiration:VileToxins":80,"construct:PurpleEmber":96,"hubris:DisguiseKit":109,"construct:WeddingRing":76,"Golden Idol":24,"infinitespire:CursedDice":83,"aspiration:RunicSpoon":14,"Guide Book":24,"Quantum Egg":72,"Circlet":78,"infinitespire:FocusingShard":31,"Replay:WaspNest":37,"PreservedInsect":79,"Ring of Greed":24,"hubris:Towel":24,"Odd Mushroom":29,"Orichalcum":38,"Medical Kit":29,"White Beast Statue":81,"theMarked:ArtifactOfAir":0,"Busted Crown":86,"construct:Cogwheel":24,"Ring of Misfortune":31,"aspiration:WatcherSkillbook":34,"infinitespire:Satchel":90,"Bottled Lightning":54,"PureWater":32,"conspire:DeflatedDodgeball":65,"ReplayTheSpireMod:Lightbulb":49,"hubris:OldNail":6,"hubris:Potato":105,"hubris:BottledRain":20},{"construct:FoamFinger":49,"conspire:RoyalGoblet":153,"Vajra":305,"infinitespire:Cubic Diamond":175,"aspiration:PoetsPen_weak":321,"Whetstone":56,"construct:LongRangeLance":173,"aspiration:RitualStick":198,"Replay:Wanted Poster":239,"conspire:SeveredTorchhead":372,"Centennial Puzzle":257,"HornCleat":107,"Strawberry":173,"hubris:DeckOfHolding":134,"Replay:Bottled Flurry":436,"Replay:Wax Seal":193,"construct:MasterCore":52,"hubris:TinFlute":338,"hubris:MobiusCoin":157,"theCatGirl:TrainedRelic":0,"Pear":340,"Happy Flower":64,"Ring of Hypnosis":157,"hubris:DuctTape":157,"Astrolabe":161,"ReplayTheSpireMod:Ring of Addiction":221,"Oddly Smooth Stone":267,"hubris:HollowSoul":338,"Letter Opener":20,"War Paint":157,"aspiration:HiddenCompartment":134,"aspiration:FrozenJewel":338,"ReplayTheSpireMod:Ring of Collecting":157,"MutagenicStrength":312,"Onion Ring":193,"Simple Rune":279,"hubris:PeanutButter":395,"infinitespire:EmpoweringShard":72,"conspire:BottledYoYo":215,"construct:MegaBattery":221,"hubris:TenFootPole":335,"Kintsugi":209,"infinitespire:Cupcake":207,"construct:BoolHorns":35,"Lantern":343,"Blue Doll":20,"hubris:SlimyHat":226,"Bag of Preparation":328,"hubris:EmptyBottle":221,"Cursed Key":237,"Replay:Rubber Ducky":98,"ReplayTheSpireMod:EnergyBall":157,"Nunchaku":192,"hubris:Icosahedron":157,"hubris:Backtick":157,"Mummified Hand":353,"hubris:Stopwatch":418,"Replay:Lucky Slots":20,"hubris:CuriousFeather":316,"WingedGreaves":333,"Ring of Panic":193,"aspiration:FutureDiary":270,"Replay:Drink Me":267,"Potion Belt":221,"aspiration:VileToxins":298,"construct:PurpleEmber":325,"hubris:DisguiseKit":356,"construct:WeddingRing":291,"Golden Idol":157,"infinitespire:CursedDice":302,"aspiration:RunicSpoon":82,"Guide Book":157,"Quantum Egg":282,"Circlet":293,"infinitespire:FocusingShard":173,"Replay:WaspNest":192,"PreservedInsect":294,"Ring of Greed":157,"hubris:Towel":157,"Odd Mushroom":167,"Orichalcum":193,"Medical Kit":167,"White Beast Statue":300,"theMarked:ArtifactOfAir":0,"Busted Crown":310,"construct:Cogwheel":157,"Ring of Misfortune":173,"aspiration:WatcherSkillbook":184,"infinitespire:Satchel":316,"Bottled Lightning":245,"PureWater":175,"conspire:DeflatedDodgeball":269,"ReplayTheSpireMod:Lightbulb":230,"hubris:OldNail":35,"hubris:Potato":343,"hubris:BottledRain":142}]},"card_choices":[{"not_picked":["theMarked:ReduceFriction","theMarked:Panic"],"picked":"theMarked:HeritageOfTheMarked","floor":1.0},{"not_picked":["theMarked:SummonStrength+1","theMarked:BindingBlade+1"],"picked":"theMarked:DispelDoubt+1","floor":2.0},{"not_picked":["theMarked:Improvise","theMarked:ResourceFulStrike"],"picked":"theMarked:ChainLightning","floor":3.0},{"not_picked":["theMarked:Polarize","theMarked:WastefulAttack","theMarked:ElectricStrings"],"picked":"SKIP","floor":5},{"not_picked":["theMarked:TwofoldDefense","theMarked:GodGivenPower"],"picked":"theMarked:Aftermath","floor":11},{"not_picked":["theMarked:Indomitable","theMarked:ParalyzingBlade","Combust"],"picked":"theMarked:RepellingDischarge","floor":13},{"not_picked":["theMarked:AttractMetal","theMarked:WastefulAttack","ReplayTheSpireMod:Strike From Hell"],"picked":"theMarked:MuscleMemory","floor":14},{"not_picked":["theMarked:Snap","theMarked:MagicAdept","conspire:HitWhereItHurts"],"picked":"theMarked:Defy","floor":16},{"not_picked":["theMarked:TwofoldDefense","theMarked:TakeCover","Armaments"],"picked":"theMarked:ReduceFriction+1","floor":18},{"not_picked":["theMarked:ElectricStrings","theMarked:Frustration","theMarked:TwofoldDefense"],"picked":"Shockwave","floor":20},{"not_picked":["theMarked:Reabsorb+1","theMarked:TwofoldDefense","Thunderclap"],"picked":"theMarked:UnarmedFury","floor":21},{"not_picked":["theMarked:Static+1","theMarked:ShockingTouch","theMarked:TwofoldDefense"],"picked":"Warcry","floor":22},{"not_picked":["theMarked:BanishingStrike","theMarked:KeepCalmAndFightOn+1","theMarked:Convert","Run Through"],"picked":"SKIP","floor":24},{"not_picked":["theMarked:ChainLightning","theMarked:PowerFlow","theMarked:SwordAndMagic"],"picked":"True Grit","floor":29},{"not_picked":["theMarked:TunnelVision+1","theMarked:Reabsorb","Iron Wave"],"picked":"theMarked:Opportunist+1","floor":30},{"not_picked":["theMarked:TwofoldDefense","theMarked:WastefulDefense","theMarked:LightningStrikesTwice"],"picked":"Life Link","floor":31},{"not_picked":["theMarked:Snap","theMarked:TakeOffHeels","theMarked:DispelDoubt"],"picked":"Demon Form","floor":33},{"not_picked":["theMarked:Parkour","theMarked:ResourceFulStrike+1","Pommel Strike"],"picked":"theMarked:Static+1","floor":35},{"not_picked":["theMarked:ReduceFriction+1","theMarked:PowerFlow+1","theMarked:ElectricStrings+1","Twin Strike"],"picked":"SKIP","floor":38},{"not_picked":["theMarked:Static","theMarked:Seal","theMarked:ChainLightning+1","ReplayTheSpireMod:Limb From Limb"],"picked":"SKIP","floor":41},{"not_picked":["theMarked:Aftermath","theMarked:WastefulAttack+1","theMarked:ResourceFulStrike","Clothesline"],"picked":"SKIP","floor":42},{"not_picked":["theMarked:BanishingStrike","theMarked:MysticalArsenal","theMarked:ShockingTouch","Infernal Blade"],"picked":"SKIP","floor":46},{"not_picked":["theMarked:Frustration+1","theMarked:Overthink","theMarked:WastefulAttack","Anger"],"picked":"SKIP","floor":47},{"not_picked":["theMarked:Overthink","theMarked:WastefulAttack","Anger"],"picked":"theMarked:Frustration+1","floor":47},{"not_picked":["theMarked:RepellingDischarge","theMarked:WastefulAttack","conspire:HitWhereItHurts"],"picked":"theMarked:Reabsorb+1","floor":48}],"player_experience":56659,"relics_obtained":[{"floor":9,"key":"Mummified Hand"},{"floor":11,"key":"hubris:DisguiseKit"},{"floor":24,"key":"hubris:PeanutButter"},{"floor":26,"key":"ReplayTheSpireMod:Lightbulb"},{"floor":30,"key":"Centennial Puzzle"},{"floor":41,"key":"Simple Rune"},{"floor":43,"key":"Replay:Bottled Flurry"}],"event_choices":[{"damage_healed":0.0,"max_hp_gain":0.0,"max_hp_loss":0.0,"gold_gain":0.0,"event_name":"betterMatch:BetterMatch","player_choice":"2","floor":2.0,"gold_loss":0.0,"damage_taken":0.0,"cards_obtained":["betterMatch:RareCard"]},{"cards_removed":["theMarked:Strike"],"damage_healed":0,"gold_gain":0,"player_choice":"Purged","damage_taken":0,"max_hp_gain":0,"max_hp_loss":0,"event_name":"Purifier","floor":12,"gold_loss":0},{"cards_removed":["theMarked:Strike"],"damage_healed":0,"gold_gain":0,"player_choice":"Upgrade and Remove","damage_taken":0,"max_hp_gain":0,"max_hp_loss":0,"event_name":"Designer","floor":19,"gold_loss":90,"cards_upgraded":["theMarked:ChainLightning"]},{"damage_healed":0,"gold_gain":0,"player_choice":"Got Potions","damage_taken":0,"max_hp_gain":0,"max_hp_loss":0,"event_name":"Lab","floor":25,"gold_loss":0},{"cards_removed":["theMarked:Defend"],"damage_healed":0,"gold_gain":0,"player_choice":"Removed Skill","damage_taken":0,"max_hp_gain":0,"max_hp_loss":0,"event_name":"Falling","floor":37,"gold_loss":0},{"damage_healed":0,"gold_gain":0,"player_choice":"Leave","damage_taken":0,"max_hp_gain":0,"max_hp_loss":0,"event_name":"conspire:Investor","floor":39,"gold_loss":0},{"cards_removed":["theMarked:UnarmedFury"],"damage_healed":31,"gold_gain":0,"player_choice":"Offered Rare","damage_taken":0,"max_hp_gain":10,"max_hp_loss":0,"event_name":"Bonfire Elementals","floor":44,"gold_loss":0}],"is_beta":false,"boss_relics":[{"not_picked":["Empty Cage","hubris:ScarierMask"],"picked":"conspire:SeveredTorchhead"},{"not_picked":["conspire:RunicOctahedron","Calling Bell"],"picked":"hubris:Stopwatch"}],"items_purged_floors":[0,27,27],"is_endless":false,"potions_floor_spawned":[3,11,14,18,24,29,30,31,35,41,46],"ascension_level":0}}