{"host":"b2gck3v68i09pmif","time":1609725338,"event":{"mods":["AchievementEnabler","BaseMod","Minty Spire (QoL Compilation)","StSLib"],"gold_per_floor":[110,123,137,137,150,150,191,191,191,116,116,129,129,159,159,159,159],"floor_reached":16,"playtime":513,"items_purged":["Strike_R"],"score":185,"play_id":"31d81d88-4018-487d-9f2b-4fb73604c623","local_time":"20210104095538","is_ascension_mode":true,"campfire_choices":[{"floor":6,"key":"REST"},{"floor":8,"key":"REST"},{"data":"Clothesline","floor":13,"key":"SMITH"},{"data":"Bash","floor":15,"key":"SMITH"}],"circlet_count":0,"master_deck":["AscendersBane","Strike_R","Strike_R","Defend_R","Defend_R","Defend_R","Bash+1","Ghostly Armor","Flex","Iron Wave","Cleave","Clothesline+1"],"relics":["Burning Blood","CeramicFish","Art of War"],"acts_visited":["Exordium"],"potions_floor_usage":[7,16],"damage_taken":[{"damage":5,"enemies":"2 Louse","floor":1,"turns":4},{"damage":7,"enemies":"Cultist","floor":2,"turns":4},{"damage":7,"enemies":"Jaw Worm","floor":3,"turns":4},{"damage":18,"enemies":"Lots of Slimes","floor":5,"turns":8},{"damage":33,"enemies":"Gremlin Nob","floor":7,"turns":5},{"damage":1,"enemies":"Blue Slaver","floor":12,"turns":5},{"damage":66,"enemies":"Slime Boss","floor":16,"turns":8}],"seed_played":"5780099638956061291","potions_obtained":[{"floor":3,"key":"SneckoOil"},{"floor":5,"key":"EssenceOfSteel"}],"is_trial":false,"path_per_floor":["M","M","M","?","M","R","E","R","T","$","?","M","R","?","R","B"],"character_chosen":"IRONCLAD","items_purchased":[],"campfire_rested":2,"item_purchase_floors":[],"current_hp_per_floor":[51,50,49,45,33,55,28,50,50,50,50,55,55,55,55,0,0],"gold":159,"neow_bonus":"REMOVE_TWO","is_daily":false,"chose_seed":false,"campfire_upgraded":2,"win_rate":0.0,"timestamp":1609725338,"path_taken":["M","M","M","?","?","R","E","R","T","$","?","?","R","?","R","BOSS"],"items_purchased_type":[],"build_version":"2020-12-22","purchased_purges":1,"victory":false,"max_hp_per_floor":[75,75,75,75,75,75,75,75,75,75,75,75,75,75,75,75,75],"card_choices":[{"not_picked":["True Grit","Thunderclap"],"picked":"Ghostly Armor","floor":1},{"not_picked":["Clash","Thunderclap"],"picked":"Flex","floor":2},{"not_picked":["Rage","Perfected Strike"],"picked":"Iron Wave","floor":3},{"not_picked":["Combust","Searing Blow"],"picked":"Cleave","floor":5},{"not_picked":["Clash","Armaments"],"picked":"Clothesline","floor":7},{"not_picked":["Clash","Reckless Charge","Feel No Pain"],"picked":"SKIP","floor":12}],"player_experience":269433,"relics_obtained":[{"floor":7,"key":"CeramicFish"},{"floor":9,"key":"Art of War"}],"event_choices":[{"damage_healed":0,"gold_gain":0,"player_choice":"Bought 0 Potions","damage_taken":0,"max_hp_gain":0,"max_hp_loss":0,"event_name":"The Woman in Blue","floor":4,"gold_loss":0},{"cards_removed":["Defend_R"],"damage_healed":0,"gold_gain":0,"player_choice":"Offered Basic","damage_taken":0,"max_hp_gain":0,"max_hp_loss":0,"event_name":"Bonfire Elementals","floor":11,"gold_loss":0},{"damage_healed":0,"gold_gain":30,"player_choice":"Searched \u00271\u0027 times","damage_taken":0,"max_hp_gain":0,"max_hp_loss":0,"event_name":"Dead Adventurer","floor":14,"gold_loss":0}],"is_beta":false,"boss_relics":[],"items_purged_floors":[10],"is_endless":false,"potions_floor_spawned":[3,5],"killed_by":"Slime Boss","ascension_level":17}}