{"host":"0e0lo445kffy4sr5","time":1609802288,"event":{"mods":["BaseMod","Minty Spire (QoL Compilation)","StSLib"],"gold_per_floor":[111,128,145,110,110,110,145,145,145,47,75,99,111,133,145,253,265,290,302,333,345,368,414,426,426],"floor_reached":24,"playtime":2237,"items_purged":["Pain"],"score":226,"play_id":"cb60a70b-dec9-49d9-89ca-c85851b7eeac","local_time":"20210104181808","is_ascension_mode":false,"campfire_choices":[{"data":"Dualcast","floor":6,"key":"SMITH"},{"data":"Zap","floor":8,"key":"SMITH"},{"data":"Double Energy","floor":13,"key":"SMITH"},{"data":"Redo","floor":15,"key":"SMITH"}],"circlet_count":0,"master_deck":["Strike_B","Strike_B","Strike_B","Strike_B","Defend_B","Defend_B","Defend_B","Defend_B","Zap+1","Dualcast+1","Melter","Coolheaded","Coolheaded","BootSequence","Leap","Redo+1","Double Energy+1","Heatsinks","Electrodynamics","Glacier+1","Fusion","Defragment","Streamline+1"],"relics":["Runic Dome","WarpedTongs","TungstenRod","Ice Cream","MawBank","Black Star","Sundial","Ornamental Fan","Incense Burner"],"acts_visited":["Exordium","TheCity"],"potions_floor_usage":[23,23,24],"damage_taken":[{"damage":1,"enemies":"Cultist","floor":1,"turns":3},{"damage":2,"enemies":"Small Slimes","floor":2,"turns":4},{"damage":4,"enemies":"Jaw Worm","floor":3,"turns":4},{"damage":13,"enemies":"3 Sentries","floor":7,"turns":8},{"damage":2,"enemies":"Lagavulin","floor":11,"turns":6},{"damage":0,"enemies":"2 Fungi Beasts","floor":12,"turns":3},{"damage":0,"enemies":"Exordium Wildlife","floor":14,"turns":4},{"damage":11,"enemies":"The Guardian","floor":16,"turns":12},{"damage":0,"enemies":"Spheric Guardian","floor":18,"turns":3},{"damage":5,"enemies":"3 Byrds","floor":20,"turns":4},{"damage":21,"enemies":"Cultist and Chosen","floor":22,"turns":10},{"damage":29,"enemies":"Slavers","floor":23,"turns":6},{"damage":7,"enemies":"Snecko","floor":24,"turns":5}],"seed_played":"-7641690615966440415","potions_obtained":[{"floor":2,"key":"Weak Potion"},{"floor":12,"key":"SpeedPotion"},{"floor":23,"key":"PowerPotion"}],"is_trial":false,"path_per_floor":["M","M","M","?","?","R","E","R","T","$","E","M","R","M","R","B",null,"M","?","M","T","M","E","M"],"character_chosen":"DEFECT","items_purchased":["Leap"],"campfire_rested":0,"item_purchase_floors":[10],"current_hp_per_floor":[74,72,68,75,75,75,62,62,62,62,60,60,60,60,60,49,75,75,62,57,57,36,7,0,0],"gold":426,"neow_bonus":"BOSS_RELIC","is_daily":false,"chose_seed":false,"campfire_upgraded":4,"win_rate":0.0,"timestamp":1609802288,"path_taken":["M","M","M","?","?","R","E","R","T","$","E","M","R","M","R","BOSS","M","?","M","?","M","E","M"],"items_purchased_type":["Card"],"build_version":"2020-12-13","purchased_purges":1,"victory":false,"max_hp_per_floor":[75,75,75,75,75,75,75,75,75,75,75,75,75,75,75,75,75,75,80,80,80,80,80,80,80],"card_choices":[{"not_picked":["Leap","Go for the Eyes"],"picked":"Melter","floor":1},{"not_picked":["Sweeping Beam","Beam Cell"],"picked":"Coolheaded","floor":2},{"not_picked":["Scrape","Ball Lightning"],"picked":"Coolheaded","floor":3},{"not_picked":["Steam","Beam Cell"],"picked":"BootSequence","floor":7},{"not_picked":["Compile Driver","Gash"],"picked":"Redo","floor":11},{"not_picked":["Gash","Blizzard"],"picked":"Double Energy","floor":12},{"not_picked":["Consume","Compile Driver"],"picked":"Heatsinks","floor":14},{"not_picked":["All For One","Thunder Strike"],"picked":"Electrodynamics","floor":16},{"not_picked":["Barrage","Compile Driver"],"picked":"Glacier+1","floor":18},{"not_picked":["White Noise","Redo"],"picked":"Fusion","floor":20},{"not_picked":["Heatsinks","Leap"],"picked":"Defragment","floor":22},{"not_picked":["Leap","Redo+1"],"picked":"Streamline+1","floor":23}],"player_experience":13953,"relics_obtained":[{"floor":7,"key":"TungstenRod"},{"floor":9,"key":"Ice Cream"},{"floor":11,"key":"MawBank"},{"floor":21,"key":"Sundial"},{"floor":23,"key":"Ornamental Fan"},{"floor":23,"key":"Incense Burner"}],"event_choices":[{"damage_healed":18,"gold_gain":0,"player_choice":"Healed","damage_taken":0,"max_hp_gain":0,"max_hp_loss":0,"event_name":"The Cleric","floor":4,"gold_loss":35},{"damage_healed":0,"gold_gain":0,"player_choice":"Rummage","damage_taken":0,"relics_obtained":["WarpedTongs"],"max_hp_gain":0,"max_hp_loss":0,"event_name":"Accursed Blacksmith","floor":5,"gold_loss":0,"cards_obtained":["Pain"]},{"damage_healed":0,"gold_gain":0,"player_choice":"Shed Blood","damage_taken":19,"max_hp_gain":5,"max_hp_loss":0,"event_name":"Forgotten Altar","floor":19,"gold_loss":0}],"is_beta":false,"boss_relics":[{"not_picked":["Empty Cage","Cursed Key"],"picked":"Black Star"}],"items_purged_floors":[10],"is_endless":false,"potions_floor_spawned":[2,12,23],"killed_by":"Snecko","ascension_level":0}}