{"host":"7trwizmysqu3yl6m","time":1609794020,"event":{"mods":["Act Like it!","BaseMod","Downfall","Hallownest","Minty Spire (QoL Compilation)","StSLib","The Animator","The Bug Knight"],"gold_per_floor":[99,114,128,58,78,63,63,87,110,141,170,182,194,206,233,245,245,245],"floor_reached":16,"playtime":1152,"items_purged":[],"score":96,"play_id":"d6aaccb4-5b60-4aeb-a3e7-203b6bb7a6c0","local_time":"20210104220020","is_ascension_mode":false,"campfire_choices":[{"data":"champ:Taunt","floor":1,"key":"SMITH"},{"data":"champ:Circumvent","floor":13,"key":"SMITH"}],"circlet_count":0,"master_deck":["champ:Strike","champ:Strike","champ:Strike","champ:Defend","champ:Defend","champ:Defend","champ:Execute","champ:Taunt+1","champ:FlashCut","champ:Circumvent+1","champ:AdrenalArmor","champ:FaceSlap","champ:ArenaPreparation","champ:BringItOn","champ:DeathBlow"],"relics":["champ:ChampionCrown","NeowsBlessing","Hallownest:StagBellRelic1","MawBank"],"acts_visited":["Exordium"],"potions_floor_usage":[],"damage_taken":[{"damage":0,"enemies":"Hallownest:monsterHuskWarrior","floor":2,"turns":1},{"damage":0,"enemies":"Hallownest:2_MossCreeps","floor":3,"turns":1},{"damage":0,"enemies":"Hallownest:monsterHuskGuard","floor":5,"turns":1},{"damage":5,"enemies":"downfall:FleeingMerchant","floor":6,"turns":4},{"damage":9,"enemies":"Hallownest:MossCreep_and_Mosskin","floor":8,"turns":5},{"damage":41,"enemies":"Hallownest:Guard_and_Warrior","floor":9,"turns":12},{"damage":7,"enemies":"Hallownest:Wandering_and_Horned","floor":10,"turns":7},{"damage":18,"enemies":"Hallownest:monsterMossCharger","floor":11,"turns":5},{"damage":34,"enemies":"Hallownest:monsterMarmu","floor":14,"turns":7},{"damage":28,"enemies":"Hallownest:1_Ooma_and_2_Uuma","floor":15,"turns":7},{"damage":45,"enemies":"downfall:Watcher","floor":16,"turns":4}],"seed_played":"7876234104582610288","potions_obtained":[{"floor":3,"key":"champ:CounterPotion"},{"floor":10,"key":"FearPotion"},{"floor":15,"key":"GamblersBrew"}],"is_trial":false,"path_per_floor":["R","M","M","?","M","$","T","M","M","M","M","?","R","?","M","B"],"character_chosen":"THE_CHAMP","items_purchased":[],"campfire_rested":0,"item_purchase_floors":[],"current_hp_per_floor":[90,90,90,90,90,90,90,86,68,68,62,62,62,59,45,0,0,0],"gold":245,"neow_bonus":"THREE_ENEMY_KILL","is_daily":false,"chose_seed":false,"campfire_upgraded":2,"win_rate":0.0,"timestamp":1609794020,"path_taken":["R","M","M","?","M","$","T","M","M","M","M","?","R","?","M","BOSS"],"items_purchased_type":[],"build_version":"2020-12-22","purchased_purges":0,"victory":false,"max_hp_per_floor":[90,90,90,90,90,90,90,90,90,90,90,90,90,90,90,90,90,90],"card_choices":[{"not_picked":["champ:AdrenalArmor","champ:Backstep"],"picked":"champ:FlashCut","floor":2},{"not_picked":["champ:CrookedStrike","champ:FlashCut"],"picked":"champ:Circumvent","floor":3},{"not_picked":["champ:FocusedBerserking","champ:RisingSlash"],"picked":"champ:AdrenalArmor","floor":5},{"not_picked":["champ:ShieldSlam","champ:CrookedStrike"],"picked":"champ:FaceSlap","floor":6},{"not_picked":["champ:BerserkersShout","champ:StanceDance"],"picked":"champ:ArenaPreparation","floor":8},{"not_picked":["champ:Encircle","champ:CrookedStrike","champ:Duel"],"picked":"SKIP","floor":9},{"not_picked":["champ:CrookedStrike","champ:Duel"],"picked":"champ:BringItOn","floor":10},{"not_picked":["champ:BringItOn","champ:Backstep","champ:Haymaker"],"picked":"SKIP","floor":11},{"not_picked":["champ:Duel","champ:BringItOn"],"picked":"champ:DeathBlow","floor":15}],"player_experience":391257,"relics_obtained":[{"floor":7,"key":"MawBank"}],"event_choices":[],"is_beta":false,"boss_relics":[],"items_purged_floors":[],"is_endless":false,"potions_floor_spawned":[3,10,14,15],"killed_by":"downfall:Watcher","ascension_level":0}}