{"host":"x1qj4d8ympd5jdqh","time":1609745181,"event":{"mods":["AchievementEnabler","AlwaysNeverKeys","BaseMod","Colored Map","Custom Start","DeckTracker","Highlight Path","Minty Spire (QoL Compilation)","StSLib","SuperFastMode"],"gold_per_floor":[363,380,392,392,402,402,428,428,428,438,438,438,105,116,116,192,192,208,208,208,42,39,39,39],"floor_reached":23,"playtime":492,"items_purged":["Strike_R"],"score":382,"play_id":"3381da72-ec19-4dc1-9846-56e24cef78cc","local_time":"20210104162621","is_ascension_mode":true,"campfire_choices":[{"data":"Perfected Strike","floor":6,"key":"SMITH"},{"floor":8,"key":"REST"},{"floor":15,"key":"REST"}],"circlet_count":0,"master_deck":["AscendersBane","Strike_R","Strike_R","Defend_R","Defend_R","Defend_R+1","Defend_R","Bash","Pommel Strike","Spot Weakness","Wild Strike","Immolate","Shrug It Off+1","Body Slam","Armaments","Ghostly Armor","Shrug It Off","Power Through","Impervious","Evolve","Burning Pact","Burning Pact"],"relics":["Burning Blood","Potion Belt","Orrery","Runic Pyramid","Lee\u0027s Waffle"],"acts_visited":["Exordium","TheCity"],"potions_floor_usage":[16,16,23],"damage_taken":[{"damage":6,"enemies":"Cultist","floor":1,"turns":3},{"damage":7,"enemies":"2 Louse","floor":2,"turns":3},{"damage":6,"enemies":"Small Slimes","floor":3,"turns":3},{"damage":7,"enemies":"Exordium Wildlife","floor":5,"turns":4},{"damage":56,"enemies":"Gremlin Nob","floor":7,"turns":5},{"damage":12,"enemies":"Looter","floor":10,"turns":3},{"damage":11,"enemies":"Large Slime","floor":14,"turns":4},{"damage":35,"enemies":"The Guardian","floor":16,"turns":11},{"damage":23,"enemies":"Spheric Guardian","floor":18,"turns":8},{"damage":34,"enemies":"2 Thieves","floor":22,"turns":4},{"damage":1,"enemies":"Book of Stabbing","floor":23,"turns":2}],"seed_played":"1309615152216101510","potions_obtained":[{"floor":2,"key":"SkillPotion"},{"floor":7,"key":"LiquidMemories"},{"floor":14,"key":"LiquidMemories"}],"is_trial":false,"path_per_floor":["M","M","M","?","M","R","E","R","T","M","?","?","$","M","R","B",null,"M","?","?","$","M","E"],"character_chosen":"IRONCLAD","items_purchased":["Orrery","Power Through","AttackPotion","Lee\u0027s Waffle"],"campfire_rested":2,"item_purchase_floors":[13,13,13,21],"current_hp_per_floor":[68,67,67,60,59,59,9,29,29,23,45,25,25,20,40,11,54,37,37,37,75,47,46,46],"gold":39,"neow_bonus":"TWO_FIFTY_GOLD","is_daily":false,"chose_seed":false,"campfire_upgraded":1,"win_rate":0.0,"timestamp":1609745181,"path_taken":["M","M","M","?","M","R","E","R","T","M","?","?","$","M","R","BOSS","M","?","?","?","M","E"],"items_purchased_type":["Relic","Card","Potion","Relic"],"build_version":"2020-12-22","purchased_purges":1,"victory":false,"max_hp_per_floor":[68,68,68,68,68,68,68,68,68,68,68,68,68,68,68,68,68,68,68,68,75,75,75,75],"card_choices":[{"not_picked":["Iron Wave","Uppercut"],"picked":"Pommel Strike","floor":1},{"not_picked":["Headbutt","Sword Boomerang"],"picked":"Perfected Strike","floor":2},{"not_picked":["Anger","Sword Boomerang"],"picked":"Spot Weakness","floor":3},{"not_picked":["Combust","Warcry"],"picked":"Wild Strike","floor":5},{"not_picked":["Clothesline","Brutality"],"picked":"Immolate","floor":7},{"not_picked":["True Grit","Evolve"],"picked":"Shrug It Off","floor":10},{"not_picked":["Havoc","Rage"],"picked":"Body Slam","floor":13},{"not_picked":["Carnage","Rupture"],"picked":"Armaments","floor":13},{"not_picked":["Perfected Strike","Dual Wield"],"picked":"Ghostly Armor","floor":13},{"not_picked":["Twin Strike","Flex"],"picked":"Shrug It Off","floor":13},{"not_picked":["Sentinel","Anger","Twin Strike"],"picked":"SKIP","floor":14},{"not_picked":["Immolate","Juggernaut"],"picked":"Impervious","floor":16},{"not_picked":["Ghostly Armor","Wild Strike"],"picked":"Evolve","floor":18},{"not_picked":["Clothesline","Evolve+1","Flex"],"picked":"SKIP","floor":22}],"player_experience":1314638,"relics_obtained":[{"floor":7,"key":"Potion Belt"}],"event_choices":[{"cards_removed":["Strike_R"],"damage_healed":0,"gold_gain":0,"player_choice":"Card Removal","damage_taken":7,"max_hp_gain":0,"max_hp_loss":0,"event_name":"Golden Wing","floor":4,"gold_loss":0},{"damage_healed":22,"gold_gain":0,"player_choice":"Banana","damage_taken":0,"max_hp_gain":0,"max_hp_loss":0,"event_name":"Big Fish","floor":11,"gold_loss":0},{"damage_healed":0,"gold_gain":0,"player_choice":"Entered Light","damage_taken":20,"max_hp_gain":0,"max_hp_loss":0,"event_name":"Shining Light","floor":12,"gold_loss":0,"cards_upgraded":["Shrug It Off","Defend_R"]},{"damage_healed":0,"gold_gain":0,"player_choice":"Ignored","damage_taken":0,"max_hp_gain":0,"max_hp_loss":0,"event_name":"The Mausoleum","floor":19,"gold_loss":0},{"damage_healed":0,"gold_gain":0,"cards_transformed":["Perfected Strike","Strike_R"],"player_choice":"Became Test Subject","damage_taken":0,"max_hp_gain":0,"max_hp_loss":0,"event_name":"Drug Dealer","floor":20,"gold_loss":0,"cards_obtained":["Burning Pact","Burning Pact"]}],"is_beta":false,"boss_relics":[{"not_picked":["Runic Dome","Fusion Hammer"],"picked":"Runic Pyramid"}],"items_purged_floors":[13],"is_endless":false,"potions_floor_spawned":[2,7,14],"killed_by":"Book of Stabbing","ascension_level":20}}