{"host":"zftkeu5v9gqs3wr3","time":1609803159,"event":{"mods":["AchievementEnabler","Act Like it!","Bard","BaseMod","CapriCore","Curses Come First","Elementarium","Gensokyo","Hermit","Hero for Fun","Jorbs\u0027s Wanderer Trilogy","Mad Scientist","Minty Spire (QoL Compilation)","Potionbrewer","Rare Cards Sparkle","Shade Mod","StSLib","The Cursed","The Immortal","The Runesmith","TheSwordswoman"],"gold_per_floor":[111,75,93,93,143,143,160,160,160,172,235,249,260,274,274,372,372,387,387,402,415,415,415,415,415],"floor_reached":24,"playtime":1265,"items_purged":[],"score":240,"play_id":"fbad2b33-a200-42d4-93b2-8cc47819d5eb","local_time":"20210104233239","is_ascension_mode":false,"campfire_choices":[{"data":"Quick Slash","floor":6,"key":"SMITH"},{"data":"Poisoned Stab","floor":8,"key":"SMITH"},{"data":"Dagger Spray","floor":15,"key":"SMITH"},{"data":"Envenom","floor":23,"key":"SMITH"}],"circlet_count":0,"master_deck":["Strike_G","Strike_G","Strike_G","Strike_G","Strike_G","Defend_G","Defend_G","Defend_G","Defend_G","Defend_G","Survivor","Neutralize","Dash","Quick Slash+1","Poisoned Stab+1","Dash","Bane","Deadly Poison","Dagger Spray+1","Outmaneuver","Envenom+1","Dagger Spray","Flying Knee","Adrenaline"],"relics":["Coffee Dripper","Matryoshka","Shuriken","WristBlade","Nilry\u0027s Codex"],"acts_visited":["Exordium","TheCity"],"potions_floor_usage":[16,21,24],"damage_taken":[{"damage":6,"enemies":"Jaw Worm","floor":1,"turns":5},{"damage":0,"enemies":"2 Louse","floor":3,"turns":3},{"damage":0,"enemies":"Small Slimes","floor":7,"turns":3},{"damage":0,"enemies":"Exordium Wildlife","floor":10,"turns":3},{"damage":14,"enemies":"Gremlin Nob","floor":11,"turns":4},{"damage":0,"enemies":"Looter","floor":12,"turns":2},{"damage":3,"enemies":"Lots of Slimes","floor":13,"turns":3},{"damage":4,"enemies":"Exordium Wildlife","floor":14,"turns":2},{"damage":0,"enemies":"Slime Boss","floor":16,"turns":4},{"damage":25,"enemies":"2 Thieves","floor":18,"turns":3},{"damage":0,"enemies":"Chosen","floor":20,"turns":3},{"damage":14,"enemies":"Centurion and Healer","floor":21,"turns":5},{"damage":16,"enemies":"Snake Plant","floor":24,"turns":2}],"seed_played":"-6634821502179629887","potions_obtained":[{"floor":1,"key":"potionbrewer:AcidPotion"},{"floor":14,"key":"SkillPotion"},{"floor":16,"key":"Strength Potion"},{"floor":20,"key":"BlessingOfTheForge"},{"floor":21,"key":"potionbrewer:StunPotion"}],"is_trial":false,"path_per_floor":["M","?","M","?","?","R","M","R","T","M","?","M","M","M","R","B",null,"M","?","M","M","?","R","M"],"character_chosen":"THE_SILENT","items_purchased":[],"campfire_rested":0,"item_purchase_floors":[],"current_hp_per_floor":[64,64,64,64,64,64,64,64,64,64,50,50,47,43,43,43,70,45,29,29,15,15,15,0,0],"gold":415,"neow_bonus":"BOSS_RELIC","is_daily":false,"chose_seed":false,"campfire_upgraded":4,"win_rate":0.0,"timestamp":1609803159,"path_taken":["M","?","M","?","?","R","M","R","T","?","?","M","M","M","R","BOSS","M","?","M","M","?","R","M"],"items_purchased_type":[],"build_version":"2020-12-22","purchased_purges":0,"victory":false,"max_hp_per_floor":[70,70,70,70,70,70,70,70,70,70,70,70,70,70,70,70,70,70,70,70,70,70,70,70,70],"card_choices":[{"not_picked":["Expertise","Deflect"],"picked":"Dash","floor":1},{"not_picked":["Skewer","Cloak And Dagger"],"picked":"Quick Slash","floor":3},{"not_picked":["Predator","Prepared"],"picked":"Poisoned Stab","floor":7},{"not_picked":["Predator","Distraction"],"picked":"Dash","floor":10},{"not_picked":["Cloak And Dagger","Underhanded Strike"],"picked":"Bane","floor":11},{"not_picked":["Riddle With Holes","Terror"],"picked":"Deadly Poison","floor":12},{"not_picked":["Dodge and Roll","Blade Dance"],"picked":"Dagger Spray","floor":13},{"not_picked":["Distraction","Deadly Poison"],"picked":"Outmaneuver","floor":14},{"not_picked":["A Thousand Cuts","Glass Knife"],"picked":"Envenom","floor":16},{"not_picked":["Distraction","Deflect"],"picked":"Dagger Spray","floor":18},{"not_picked":["Dagger Throw","Cloak And Dagger"],"picked":"Leg Sweep","floor":20},{"not_picked":["Dodge and Roll","Escape Plan"],"picked":"Flying Knee","floor":21}],"player_experience":102069,"relics_obtained":[{"floor":9,"key":"Matryoshka"},{"floor":11,"key":"Shuriken"},{"floor":19,"key":"Nilry\u0027s Codex"}],"event_choices":[{"damage_healed":0,"gold_gain":0,"player_choice":"Left Gold","damage_taken":0,"max_hp_gain":0,"max_hp_loss":0,"event_name":"World of Goop","floor":2,"gold_loss":36},{"damage_healed":0,"gold_gain":0,"player_choice":"Ignored","damage_taken":0,"max_hp_gain":0,"max_hp_loss":0,"event_name":"Shining Light","floor":4,"gold_loss":0},{"damage_healed":0,"gold_gain":50,"player_choice":"Gained Gold","damage_taken":0,"max_hp_gain":0,"max_hp_loss":0,"event_name":"Golden Wing","floor":5,"gold_loss":0},{"damage_healed":0,"gold_gain":0,"player_choice":"Searched \u00272\u0027 times","damage_taken":0,"max_hp_gain":0,"max_hp_loss":0,"event_name":"Dead Adventurer","floor":11,"gold_loss":0},{"damage_healed":0,"gold_gain":0,"player_choice":"Obtained Book","damage_taken":16,"max_hp_gain":0,"max_hp_loss":0,"event_name":"Cursed Tome","floor":19,"gold_loss":0},{"damage_healed":0,"gold_gain":0,"cards_transformed":["Leg Sweep"],"player_choice":"Transformed","damage_taken":0,"max_hp_gain":0,"max_hp_loss":0,"event_name":"Transmorgrifier","floor":22,"gold_loss":0,"cards_obtained":["Adrenaline"]}],"is_beta":false,"boss_relics":[{"not_picked":["Cursed Key","Busted Crown"],"picked":"WristBlade"}],"items_purged_floors":[],"is_endless":false,"potions_floor_spawned":[1,14,16,20,21],"killed_by":"Snake Plant","ascension_level":0}}