{"host":"z9grmtg2w0nmz8n1","time":1609732628,"event":{"mods":["Aspiration","Bard","BaseMod","Beaked The Cultist","Better Altar","Better Match","Better Note","Better Sensory Stone","Better Skull","Better Third Choice","BetterRewards","CCEM","Colored Map","Conspire","Downfall","GifTheSpireLib","Googly Eyes","Halation","Hermit","Highlight Path","Hubris","Hunter ??","Jedi Mod","Jorbs\u0027s Wanderer Trilogy","Mad Scientist","Marisa????????","Minty Spire (QoL Compilation)","Permanent Neow","Replay The Spire","Shade Mod","Shop Mod","Spicy Shops","StSLib","Stuff the Spire","The Bug Knight","The Construct","The Necromancer","The Runesmith","The Witch"],"gold_per_floor":[211,230,42,59,59,59,89,89,89,100,132,149,149,175,175,272,272,286,310,321,335,335,369,144,175,198,229,249,249,99,109,109,204,204,223,12,29,29,60,90,90,100,123,48,48,76,96,123,123,123,123,123,123,155,155,155],"floor_reached":55,"playtime":3010,"items_purged":["Strike_B","Strike_B","Strike_B","Defend_B","Sweeping Beam"],"score":900,"play_id":"97d439f4-7422-4c46-9213-f7ea5024b57d","local_time":"20210104015708","is_ascension_mode":true,"campfire_choices":[{"floor":6,"key":"RECALL"},{"data":"Zap","floor":8,"key":"SMITH"},{"floor":15,"key":"REST"},{"floor":32,"key":"REST"},{"floor":41,"key":"REST"},{"floor":49,"key":"REST"},{"data":"StuffTheSpire:GlassShard","floor":52,"key":"SMITH"}],"circlet_count":0,"master_deck":["Strike_B+1","Defend_B","Defend_B+1","Defend_B+1","Zap+1","Dualcast","Conserve Battery","Gash+1","ReplayGash","Go for the Eyes","Go for the Eyes","Static Discharge+1","Gash+1","jedi:reiji","jedi:hex+1","Rip and Tear","Gash","Go for the Eyes+1","Leap+1","StuffTheSpire:GlassShard+1","Beam Cell+1","jedi:BurstFrost+1","Rip and Tear+1","Leap","BootSequence+1","Beam Cell+1","Pot Of Greed","Pot Of Greed","Pot Of Greed","Gash+1","BootSequence"],"relics":["Cracked Core","Mirror","Gremlin Food","CCEMRelics:GrindingGear","StuffTheSpire:RunicHypercube","Whetstone","Ancient Tea Set","White Beast Statue","Boot","Darkstone Periapt","jedi:hotpepper","Runesmith:Nanobots","InkBottle","ReplayFunnel","Pantograph","Grinning Jar","CCEMRelics:FryingPan"],"acts_visited":["Exordium","TheCity","TheBeyond","TheEnding"],"potions_floor_usage":[11,14,14,25,25,28,31,39,39,39,40,42,50,54,54,55],"damage_taken":[{"damage":0,"enemies":"Cultist","floor":1,"turns":3},{"damage":1,"enemies":"Jaw Worm","floor":2,"turns":3},{"damage":0,"enemies":"Small Slimes","floor":4,"turns":3},{"damage":34,"enemies":"Gremlin Nob","floor":7,"turns":5},{"damage":0,"enemies":"3 Louse","floor":10,"turns":3},{"damage":8,"enemies":"Lagavulin","floor":11,"turns":8},{"damage":5,"enemies":"Looter","floor":12,"turns":3},{"damage":6,"enemies":"Gremlin Nob","floor":14,"turns":4},{"damage":24,"enemies":"The Guardian","floor":16,"turns":10},{"damage":16,"enemies":"conspire:FuzzyDice","floor":18,"turns":4},{"damage":7,"enemies":"Snake Plant","floor":20,"turns":4},{"damage":10,"enemies":"Chosen and Byrds","floor":21,"turns":4},{"damage":2,"enemies":"conspire:Head Lice","floor":23,"turns":6},{"damage":15,"enemies":"Slavers","floor":25,"turns":4},{"damage":8,"enemies":"Book of Stabbing","floor":27,"turns":3},{"damage":7,"enemies":"Shelled Parasite and Fungi","floor":28,"turns":2},{"damage":0,"enemies":"conspire:HollyBat","floor":31,"turns":4},{"damage":20,"enemies":"Champ","floor":33,"turns":6},{"damage":27,"enemies":"3 Shapes","floor":35,"turns":3},{"damage":6,"enemies":"Orb Walker","floor":37,"turns":3},{"damage":8,"enemies":"conspire:MimicChest","floor":39,"turns":4},{"damage":6,"enemies":"HollowMod:StalkingDevout","floor":40,"turns":5},{"damage":0,"enemies":"Maw","floor":42,"turns":5},{"damage":0,"enemies":"Nemesis","floor":46,"turns":4},{"damage":0,"enemies":"3 Darklings","floor":47,"turns":4},{"damage":0,"enemies":"beaked:SuperParasite","floor":48,"turns":5},{"damage":11,"enemies":"Time Eater","floor":50,"turns":9},{"damage":3,"enemies":"Shield and Spear","floor":54,"turns":5},{"damage":71,"enemies":"The Heart","floor":55,"turns":8}],"seed_played":"-8451309187260014478","potions_obtained":[{"floor":7,"key":"FocusPotion"},{"floor":12,"key":"Flashbang"},{"floor":13,"key":"GamblersBrew"},{"floor":13,"key":"Elixir"},{"floor":16,"key":"Milkshake"},{"floor":18,"key":"champ:CounterPotion"},{"floor":23,"key":"DuplicationPotion"},{"floor":27,"key":"SkillPotion"},{"floor":28,"key":"sneckomod:MuddlingPotion"},{"floor":31,"key":"Fruit Juice"},{"floor":33,"key":"FearPotion"},{"floor":35,"key":"Weak Potion"},{"floor":37,"key":"Toxic Potion"},{"floor":39,"key":"EssenceOfSteel"},{"floor":40,"key":"SpeedPotion"},{"floor":42,"key":"Fruit Juice"},{"floor":46,"key":"Block Potion"},{"floor":47,"key":"FocusPotion"},{"floor":48,"key":"Strength Potion"},{"floor":54,"key":"DistilledChaos"}],"is_trial":false,"path_per_floor":["M","M","$","M","$","R","E","R","T","M","E","M","?","E","R","B",null,"M","T","M","M","?","E","$","E","T","E","M","?","$","M","R","B",null,"M","$","M","$","?","E","R","M","T","?","$","E","M","E","R","B",null,"R","$","E","B"],"character_chosen":"DEFECT","items_purchased":["ReplayGash","Go for the Eyes","StuffTheSpire:GlassShard"],"campfire_rested":4,"item_purchase_floors":[3,3,36],"current_hp_per_floor":[75,74,74,74,74,74,40,40,40,40,32,27,27,21,43,19,75,59,59,52,42,42,40,40,25,25,17,10,10,10,15,39,19,60,33,33,27,27,19,13,31,34,34,34,34,34,34,34,52,52,63,63,63,60,0,0],"gold":155,"neow_bonus":"HUNDRED_GOLD","is_daily":false,"chose_seed":false,"campfire_upgraded":2,"win_rate":0.0,"timestamp":1609732628,"path_taken":["M","M","$","M","$","R","E","R","T","?","E","?","?","E","R","BOSS","M","?","M","M","?","E","$","E","T","E","M","?","$","?","R","BOSS","M","$","M","$","?","E","R","M","T","?","$","E","M","E","R","BOSS","R","$","E","BOSS"],"items_purchased_type":["Card","Card","Card"],"build_version":"2020-12-22","purchased_purges":5,"victory":false,"max_hp_per_floor":[75,75,75,75,75,75,75,75,75,75,75,75,75,75,75,75,75,75,75,75,75,75,75,75,75,75,75,75,75,75,80,80,80,60,60,60,60,60,60,60,60,63,63,63,63,63,63,63,63,63,63,63,63,63,63,63],"card_choices":[{"not_picked":["Leap","ReplayTheSpireMod:Repulse"],"picked":"Conserve Battery","floor":1},{"not_picked":["jedi:spotbugs","ReplayTheSpireMod:System Scan"],"picked":"Gash","floor":2},{"not_picked":["ReplaySolidLightProjector","Cold Snap"],"picked":"Sweeping Beam","floor":4},{"not_picked":["Beam Cell","jedi:hex"],"picked":"Go for the Eyes","floor":7},{"not_picked":["Panic Button","Compile Driver"],"picked":"Static Discharge","floor":10},{"not_picked":["jedi:BurstLightning","Hologram","Consume"],"picked":"SKIP","floor":11},{"not_picked":["Redo","Coolheaded"],"picked":"Gash","floor":12},{"not_picked":["Aggregate","Steam"],"picked":"jedi:reiji","floor":14},{"not_picked":["Stack+1","StuffTheSpire:Rend","ReplaySolidLightProjector+1"],"picked":"SKIP","floor":18},{"not_picked":["FIFO Queue+1","ReplayTheSpireMod:GoodbyeWorld","jedi:BurstFrost"],"picked":"SKIP","floor":20},{"not_picked":["Rebound","Coolheaded"],"picked":"jedi:hex","floor":21},{"not_picked":["conspire:SharedLibrary","StuffTheSpire:Synthwave","ReplayTheSpireMod:Repulse"],"picked":"SKIP","floor":23},{"not_picked":["ReplayTheSpireMod:Repulse","Lockon","BasicCrystalCard"],"picked":"SKIP","floor":25},{"not_picked":["jedi:blockon+1","Skim","ReplaySort"],"picked":"SKIP","floor":27},{"not_picked":["Stack","Cold Snap+1"],"picked":"Rip and Tear","floor":28},{"not_picked":["jedi:reiji","StuffTheSpire:ForEach"],"picked":"Go for the Eyes+1","floor":31},{"not_picked":["BootSequence","Beam Cell+1"],"picked":"Leap+1","floor":35},{"not_picked":["StuffTheSpire:Plugnplay+1","Turbo","jedi:BurstLightning+1"],"picked":"SKIP","floor":37},{"not_picked":["Stack","StuffTheSpire:Plugnplay"],"picked":"Beam Cell+1","floor":39},{"not_picked":["Rainbow","Hologram+1"],"picked":"jedi:BurstFrost+1","floor":40},{"not_picked":["FIFO Queue+1","Compile Driver+1"],"picked":"Rip and Tear+1","floor":42},{"not_picked":["Rebound","Barrage"],"picked":"Leap","floor":44},{"not_picked":["Redo","Static Discharge"],"picked":"BootSequence+1","floor":46},{"not_picked":["BasicCrystalCard","Barrage+1"],"picked":"Beam Cell+1","floor":47},{"not_picked":["Turbo+1","Static Discharge"],"picked":"Gash+1","floor":48},{"not_picked":["StuffTheSpire:Coldhearted","jedi:markofdeath+1"],"picked":"BootSequence","floor":54}],"player_experience":766018,"relics_obtained":[{"floor":7,"key":"Mirror"},{"floor":11,"key":"Gremlin Food"},{"floor":14,"key":"CCEMRelics:GrindingGear"},{"floor":19,"key":"Whetstone"},{"floor":23,"key":"Ancient Tea Set"},{"floor":25,"key":"White Beast Statue"},{"floor":26,"key":"Boot"},{"floor":27,"key":"Darkstone Periapt"},{"floor":39,"key":"Runesmith:Nanobots"},{"floor":40,"key":"InkBottle"},{"floor":43,"key":"ReplayFunnel"},{"floor":46,"key":"Pantograph"},{"floor":48,"key":"Grinning Jar"},{"floor":54,"key":"CCEMRelics:FryingPan"}],"event_choices":[{"damage_healed":0,"gold_gain":0,"player_choice":"Got Potions","damage_taken":0,"max_hp_gain":0,"max_hp_loss":0,"event_name":"Lab","floor":13,"gold_loss":0},{"damage_healed":0,"gold_gain":0,"player_choice":"Forge","damage_taken":0,"max_hp_gain":0,"max_hp_loss":0,"event_name":"Accursed Blacksmith","floor":22,"gold_loss":0,"cards_upgraded":["Static Discharge"]},{"damage_healed":0,"gold_gain":0,"player_choice":"Copied","damage_taken":0,"max_hp_gain":0,"max_hp_loss":0,"event_name":"Duplicator","floor":29,"gold_loss":0,"cards_obtained":["Gash"]},{"damage_healed":0,"gold_gain":0,"player_choice":"1","damage_taken":0,"max_hp_gain":0,"max_hp_loss":0,"event_name":"betterMatch:BetterMatch","floor":44,"gold_loss":0,"cards_obtained":["betterMatch:CommonCard","betterMatch:UncommonCard","betterMatch:RareCard"]}],"is_beta":false,"boss_relics":[{"not_picked":["halation:HeavySnake","Runic Dome"],"picked":"StuffTheSpire:RunicHypercube"},{"not_picked":["Ring of Chaos","hubris:BlackHole"],"picked":"jedi:hotpepper"}],"items_purged_floors":[3,24,24,30,36],"is_endless":false,"potions_floor_spawned":[7,12,16,18,23,27,28,31,33,35,37,39,40,42,46,47,48,54],"killed_by":"The Heart","ascension_level":1}}