{"host":"2he95iptrbxkejc1","time":1609777967,"event":{"mods":["AchievementEnabler","BaseMod","Minty Spire (QoL Compilation)"],"gold_per_floor":[119,139,152,152,8,43,56,66,66,40,40,40,57,92,92,189,189,206,217,235,251,251,251,251,285,308,308,308],"floor_reached":27,"playtime":1401,"items_purged":["Bludgeon"],"score":245,"play_id":"43d047f4-f753-498f-bafc-1d87d26f7e56","local_time":"20210104163247","is_ascension_mode":false,"campfire_choices":[{"data":"Rage","floor":11,"key":"SMITH"},{"data":"Seeing Red","floor":15,"key":"SMITH"},{"floor":23,"key":"REST"}],"circlet_count":0,"master_deck":["Strike_R","Strike_R","Strike_R","Strike_R","Strike_R","Defend_R","Defend_R","Defend_R","Defend_R","Bash","Master of Strategy","Seeing Red+1","Rupture","Madness","Rage+1","Fire Breathing","Clash","Shrug It Off","Warcry","Juggernaut"],"relics":["Burning Blood","Eternal Feather","Kunai","Mercury Hourglass","Runic Pyramid","Ancient Tea Set","Mummified Hand","Juzu Bracelet"],"acts_visited":["Exordium","TheCity"],"potions_floor_usage":[6,6,8,20,27],"damage_taken":[{"damage":12,"enemies":"2 Louse","floor":1,"turns":3},{"damage":1,"enemies":"Cultist","floor":2,"turns":3},{"damage":2,"enemies":"Small Slimes","floor":3,"turns":3},{"damage":19,"enemies":"3 Sentries","floor":6,"turns":7},{"damage":4,"enemies":"2 Fungi Beasts","floor":7,"turns":5},{"damage":18,"enemies":"Lots of Slimes","floor":8,"turns":4},{"damage":13,"enemies":"Red Slaver","floor":13,"turns":5},{"damage":29,"enemies":"Lagavulin","floor":14,"turns":9},{"damage":40,"enemies":"The Guardian","floor":16,"turns":14},{"damage":8,"enemies":"Shell Parasite","floor":18,"turns":5},{"damage":1,"enemies":"Chosen","floor":19,"turns":6},{"damage":40,"enemies":"Sentry and Sphere","floor":20,"turns":7},{"damage":25,"enemies":"Chosen and Byrds","floor":21,"turns":5},{"damage":53,"enemies":"Slavers","floor":25,"turns":5},{"damage":18,"enemies":"Snecko","floor":27,"turns":4}],"seed_played":"5358609437015466470","potions_obtained":[{"floor":1,"key":"DistilledChaos"},{"floor":2,"key":"LiquidBronze"},{"floor":3,"key":"Strength Potion"},{"floor":16,"key":"AttackPotion"},{"floor":20,"key":"Energy Potion"},{"floor":25,"key":"Swift Potion"}],"is_trial":false,"path_per_floor":["M","M","M","?","$","E","M","M","T","$","R","?","M","E","R","B",null,"M","M","M","M","?","R","?","E","T","M"],"character_chosen":"IRONCLAD","items_purchased":["Rage","Shrug It Off"],"campfire_rested":1,"item_purchase_floors":[5,10],"current_hp_per_floor":[50,55,59,59,59,46,48,36,36,36,45,71,64,41,50,16,80,78,80,46,27,27,63,63,16,16,0,0],"gold":308,"neow_bonus":"RANDOM_COLORLESS_2","is_daily":false,"chose_seed":false,"campfire_upgraded":2,"win_rate":0.0,"timestamp":1609777967,"path_taken":["M","M","M","?","$","E","M","?","T","?","R","?","M","E","R","BOSS","M","M","M","M","?","R","?","E","T","M"],"items_purchased_type":["Card","Card"],"build_version":"2020-12-22","purchased_purges":1,"victory":false,"max_hp_per_floor":[80,80,80,80,80,80,80,80,80,80,80,80,80,80,80,80,80,80,80,80,80,80,80,80,80,80,80,80],"card_choices":[{"not_picked":["Thinking Ahead","Secret Weapon"],"picked":"Master of Strategy","floor":0},{"not_picked":["Clash","Wild Strike"],"picked":"Seeing Red","floor":1},{"not_picked":["Shrug It Off","Armaments"],"picked":"Rupture","floor":2},{"not_picked":["Dual Wield","Armaments","Sever Soul"],"picked":"SKIP","floor":3},{"not_picked":["Corruption","Cleave"],"picked":"Fire Breathing","floor":6},{"not_picked":["Iron Wave","Flex"],"picked":"Clash","floor":7},{"not_picked":["Pummel","Armaments","Carnage"],"picked":"SKIP","floor":8},{"not_picked":["Pommel Strike","Armaments"],"picked":"Warcry","floor":13},{"not_picked":["True Grit","Fire Breathing","Iron Wave"],"picked":"SKIP","floor":14},{"not_picked":["Immolate","Reaper"],"picked":"Juggernaut","floor":16},{"not_picked":["Clothesline","Flex","Iron Wave"],"picked":"SKIP","floor":18},{"not_picked":["Flex","Thunderclap","Pommel Strike"],"picked":"SKIP","floor":19},{"not_picked":["Body Slam","Hemokinesis","Dropkick"],"picked":"SKIP","floor":20},{"not_picked":["Dark Embrace","Headbutt","Bloodletting"],"picked":"SKIP","floor":21},{"not_picked":["Perfected Strike","Thunderclap","Body Slam"],"picked":"SKIP","floor":25}],"player_experience":46002,"relics_obtained":[{"floor":6,"key":"Eternal Feather"},{"floor":9,"key":"Kunai"},{"floor":14,"key":"Mercury Hourglass"},{"floor":25,"key":"Mummified Hand"},{"floor":26,"key":"Juzu Bracelet"}],"event_choices":[{"damage_healed":0,"gold_gain":0,"player_choice":"2 cards matched","damage_taken":0,"max_hp_gain":0,"max_hp_loss":0,"event_name":"Match and Keep!","floor":4,"gold_loss":0,"cards_obtained":["Madness","Bludgeon"]},{"damage_healed":26,"gold_gain":0,"player_choice":"Banana","damage_taken":0,"max_hp_gain":0,"max_hp_loss":0,"event_name":"Big Fish","floor":12,"gold_loss":0},{"damage_healed":0,"gold_gain":0,"player_choice":"Ignored","damage_taken":0,"max_hp_gain":0,"max_hp_loss":0,"event_name":"Vampires","floor":22,"gold_loss":0},{"damage_healed":0,"gold_gain":0,"player_choice":"Gave Potion","damage_taken":0,"relics_obtained":["Ancient Tea Set"],"max_hp_gain":0,"max_hp_loss":0,"event_name":"WeMeetAgain","floor":24,"gold_loss":0}],"is_beta":false,"boss_relics":[{"not_picked":["Philosopher\u0027s Stone","SlaversCollar"],"picked":"Runic Pyramid"}],"items_purged_floors":[5],"is_endless":false,"potions_floor_spawned":[1,2,3,16,20,25],"killed_by":"Snecko","ascension_level":0}}