{"host":"q2j4ef1ti78v4imq","time":1609757523,"event":{"mods":["AchievementEnabler","BaseMod","Better Altar","Better Match","Better Note","Better Sensory Stone","Better Skull","Better Third Choice","Block Reminder","Hermit","Minty Spire (QoL Compilation)","Relic Stats","Replay The Spire","Shade Mod","StSLib"],"gold_per_floor":[118,133,152,152,204,239,239,267,292,292,292,327,351,357,357],"floor_reached":14,"playtime":465,"items_purged":[],"score":200,"play_id":"7758dd4e-c345-49e0-8d72-934a211a5950","local_time":"20210104105203","is_ascension_mode":true,"campfire_choices":[{"data":"Spot Weakness","floor":7,"key":"SMITH"},{"floor":10,"key":"REST"}],"circlet_count":0,"master_deck":["AscendersBane","Strike_R","Strike_R","Strike_R","Strike_R","Strike_R","Defend_R","Defend_R","Defend_R","Defend_R","Bash+1","ReplayReversal+1","Infernal Blade","Iron Wave","Spot Weakness+1","Armaments","Life Link","Shrug It Off"],"relics":["Burning Blood","Lantern","Mango","Replay:Wax Seal","Replay:Bandana","Blue Doll"],"acts_visited":["Exordium"],"potions_floor_usage":[6,12],"damage_taken":[{"damage":7,"enemies":"Jaw Worm","floor":1,"turns":3},{"damage":5,"enemies":"2 Louse","floor":2,"turns":4},{"damage":0,"enemies":"Cultist","floor":3,"turns":4},{"damage":36,"enemies":"Gremlin Nob","floor":6,"turns":5},{"damage":46,"enemies":"Lagavulin","floor":8,"turns":6},{"damage":18,"enemies":"Replay:BlueRogue","floor":12,"turns":6},{"damage":8,"enemies":"Blue Slaver","floor":13,"turns":5},{"damage":35,"enemies":"3 Sentries","floor":14,"turns":4}],"seed_played":"-6528935476302798582","potions_obtained":[{"floor":1,"key":"Reflective Coating"},{"floor":2,"key":"Venom Potion"},{"floor":13,"key":"Dexterity Potion"}],"is_trial":false,"path_per_floor":["M","M","M","?","T","E","R","E","T","R","?","E","M","E"],"character_chosen":"IRONCLAD","items_purchased":[],"campfire_rested":1,"item_purchase_floors":[],"current_hp_per_floor":[67,68,74,74,74,58,58,18,18,44,46,34,32,0,0],"gold":357,"neow_bonus":"UPGRADE_CARD","is_daily":false,"chose_seed":false,"campfire_upgraded":1,"win_rate":0.0,"timestamp":1609757523,"path_taken":["M","M","M","?","?","E","R","E","T","R","?","E","M","E"],"items_purchased_type":[],"build_version":"2020-12-22","purchased_purges":0,"victory":false,"max_hp_per_floor":[75,75,75,75,75,89,89,89,89,89,89,89,89,89,89],"relic_stats":{"counters":[8,37],"obtain_stats":[{"Lantern":5,"Replay:Bandana":9,"Mango":6,"Blue Doll":12,"Replay:Wax Seal":8,"Burning Blood":0},{"Lantern":3,"Replay:Bandana":5,"Mango":4,"Blue Doll":6,"Replay:Wax Seal":5,"Burning Blood":0},{"Lantern":11,"Replay:Bandana":22,"Mango":16,"Blue Doll":28,"Replay:Wax Seal":22,"Burning Blood":0}],"Burning Blood":42},"card_choices":[{"not_picked":["Heavy Blade","Headbutt"],"picked":"ReplayReversal","floor":1},{"not_picked":["Uppercut","Anger"],"picked":"Infernal Blade","floor":2},{"not_picked":["Cleave","Heavy Blade"],"picked":"Iron Wave","floor":3},{"not_picked":["ReplayTheSpireMod:Limb From Limb","Pommel Strike"],"picked":"Spot Weakness","floor":6},{"not_picked":["Impervious","Run Through"],"picked":"Armaments","floor":8},{"not_picked":["Anger","Rampage"],"picked":"Life Link","floor":12},{"not_picked":["ReplayTheSpireMod:Corrosion Curse","Clash"],"picked":"Shrug It Off","floor":13}],"player_experience":826406,"relics_obtained":[{"floor":5,"key":"Lantern"},{"floor":6,"key":"Mango"},{"floor":8,"key":"Replay:Wax Seal"},{"floor":9,"key":"Replay:Bandana"},{"floor":12,"key":"Blue Doll"}],"event_choices":[{"damage_healed":0,"gold_gain":0,"player_choice":"Grow","damage_taken":0,"max_hp_gain":0,"max_hp_loss":0,"event_name":"Living Wall","floor":4,"gold_loss":0,"cards_upgraded":["ReplayReversal"]},{"damage_healed":2,"gold_gain":0,"player_choice":"LEAVE ","damage_taken":0,"relics_obtained":[],"max_hp_gain":0,"max_hp_loss":0,"event_name":"betterSkull:BetterSkull","floor":11,"gold_loss":0,"cards_upgraded":[]}],"is_beta":false,"boss_relics":[],"items_purged_floors":[],"is_endless":false,"potions_floor_spawned":[1,2,13],"killed_by":"3 Sentries","ascension_level":17}}