{"host":"armnliea5o2aqs4b","time":1609722026,"event":{"mods":["BaseMod","Hubris","Infinite Spire","Minty Spire (QoL Compilation)","Quick Restart","StSLib"],"gold_per_floor":[111,40,140,150,114,141,155,155,206,160,192,192,267,267,267,372,372,387,168,247,263,263,297,297,156,156,169,169,169,188,103,103,207,207,217,233,143,143,157,157,157,173,173,21,21,21,36,89,89,89],"floor_reached":51,"playtime":1657,"items_purged":["Strike_R","Strike_R"],"score":1078,"play_id":"85c0a387-3bbf-40c7-8e4b-52b0f7d90bb4","local_time":"20210104120026","is_ascension_mode":true,"campfire_choices":[{"data":"Juggernaut","floor":8,"key":"SMITH"},{"data":"Flame Barrier","floor":15,"key":"SMITH"},{"data":"Metallicize","floor":24,"key":"SMITH"},{"data":"infinitespire:FutureSight","floor":29,"key":"SMITH"},{"data":"Spot Weakness","floor":32,"key":"SMITH"},{"data":"Impervious","floor":40,"key":"SMITH"},{"data":"Thunderclap","floor":45,"key":"SMITH"},{"data":"Corruption","floor":49,"key":"SMITH"}],"circlet_count":0,"master_deck":["Strike_R","Strike_R+1","Defend_R","Defend_R","Defend_R","Defend_R","Bash","Thunderclap+1","Juggernaut+1","Flame Barrier+1","Offering+1","Metallicize+1","Spot Weakness+1","infinitespire:FutureSight+1","Impervious+1","CurseOfTheBell","Reaper+1","Rage+1","Corruption+1","Limit Break+1","infinitespire:TheBestDefense+1","Entrench+1"],"relics":["Burning Blood","NeowsBlessing","hubris:Spice","Happy Flower","Tiny Chest","Eternal Feather","Calling Bell","Vajra","Mercury Hourglass","Du-Vu Doll","Anchor","infinitespire:Bottled Soul","FaceOfCleric","Toxic Egg 2","Whetstone","hubris:MobiusCoin","Potion Belt","Ancient Tea Set","PreservedInsect"],"acts_visited":["Exordium","TheCity","TheBeyond"],"potions_floor_usage":[16,23,27,39,47,50],"damage_taken":[{"damage":0,"enemies":"Cultist","floor":1,"turns":1},{"damage":0,"enemies":"Jaw Worm","floor":4,"turns":1},{"damage":0,"enemies":"Gremlin Nob","floor":6,"turns":1},{"damage":0,"enemies":"Small Slimes","floor":7,"turns":3},{"damage":13,"enemies":"Lagavulin","floor":11,"turns":6},{"damage":39,"enemies":"The Guardian","floor":16,"turns":10},{"damage":35,"enemies":"2 Thieves","floor":18,"turns":4},{"damage":23,"enemies":"Shell Parasite","floor":21,"turns":7},{"damage":25,"enemies":"Gremlin Leader","floor":23,"turns":7},{"damage":19,"enemies":"Centurion and Healer","floor":27,"turns":4},{"damage":26,"enemies":"Shelled Parasite and Fungi","floor":30,"turns":4},{"damage":46,"enemies":"hubris:MusketHawk","floor":33,"turns":11},{"damage":6,"enemies":"Orb Walker","floor":35,"turns":3},{"damage":11,"enemies":"3 Shapes","floor":36,"turns":3},{"damage":0,"enemies":"Jaw Worm Horde","floor":39,"turns":2},{"damage":34,"enemies":"Maw","floor":42,"turns":6},{"damage":19,"enemies":"Transient","floor":47,"turns":5},{"damage":61,"enemies":"Awakened One","floor":50,"turns":9}],"seed_played":"-6603697502377930578","potions_obtained":[{"floor":4,"key":"BloodPotion"},{"floor":7,"key":"BloodPotion"},{"floor":18,"key":"GamblersBrew"},{"floor":23,"key":"Weak Potion"},{"floor":33,"key":"Dexterity Potion"},{"floor":42,"key":"SteroidPotion"},{"floor":47,"key":"Regen Potion"}],"is_trial":false,"path_per_floor":["M","$","?","M","$","E","M","R","T","$","E","T","?","?","R","B",null,"M","$","T","M","?","E","R","$","T","M","T","R","M","?","R","B",null,"M","M","?","AVR","M","R","T","M","T","$","R","?","M","T","R","B",null],"character_chosen":"IRONCLAD","items_purchased":["Juggernaut","Flame Barrier","True Grit","Anchor","Reaper","Rage+1","Ancient Tea Set"],"campfire_rested":0,"item_purchase_floors":[2,5,10,19,25,25,44],"current_hp_per_floor":[78,78,78,80,80,88,88,88,88,88,81,81,70,48,57,41,76,47,47,47,30,30,29,38,38,38,46,46,58,39,47,59,35,78,79,75,75,75,71,71,63,64,64,64,64,64,65,65,65,18],"gold":89,"neow_bonus":"THREE_ENEMY_KILL","is_daily":false,"chose_seed":false,"campfire_upgraded":8,"win_rate":0.0,"timestamp":1609722026,"path_taken":["M","?","?","?","$","E","?","R","T","$","E","?","?","?","R","BOSS","M","$","?","?","?","E","R","$","T","?","?","R","M","?","R","BOSS","M","M","?","AVR","?","R","?","?","T","?","R","?","M","?","R","BOSS"],"items_purchased_type":["Card","Card","Card","Relic","Card","Card","Relic"],"build_version":"2020-12-22","purchased_purges":2,"victory":true,"max_hp_per_floor":[80,80,80,80,80,88,88,88,88,88,88,88,88,88,88,88,88,88,88,88,88,88,89,89,89,89,90,90,90,91,99,99,100,92,93,86,86,78,71,71,63,64,64,64,64,64,65,65,65,66],"card_choices":[{"not_picked":["Body Slam","Battle Trance"],"picked":"Thunderclap","floor":1},{"not_picked":["Armaments","Feel No Pain","Pummel"],"picked":"SKIP","floor":4},{"not_picked":["Infernal Blade","Whirlwind"],"picked":"Offering","floor":6},{"not_picked":["Burning Pact","Twin Strike"],"picked":"Metallicize","floor":7},{"not_picked":["Perfected Strike","Burning Pact"],"picked":"Spot Weakness","floor":11},{"not_picked":["infinitespire:Oblivion","infinitespire:UltimateForm"],"picked":"infinitespire:FutureSight","floor":14},{"not_picked":["Corruption","Limit Break"],"picked":"Impervious","floor":16},{"not_picked":["Anger","Clash","Havoc"],"picked":"SKIP","floor":18},{"not_picked":["Heavy Blade","Blood for Blood","Iron Wave"],"picked":"SKIP","floor":21},{"not_picked":["Feel No Pain","Iron Wave+1","Headbutt"],"picked":"SKIP","floor":23},{"not_picked":["Cleave","Thunderclap"],"picked":"Corruption","floor":27},{"not_picked":["Headbutt","Warcry+1","Iron Wave"],"picked":"SKIP","floor":30},{"not_picked":["hubris:SpiceAddiction","Berserk"],"picked":"Limit Break+1","floor":33},{"not_picked":["hubris:SpiceAddiction","Flex+1","Anger"],"picked":"SKIP","floor":35},{"not_picked":["True Grit+1","Fire Breathing"],"picked":"hubris:SpiceAddiction","floor":36},{"not_picked":["hubris:SpiceAddiction","Bloodletting+1"],"picked":"hubris:SpiceAddiction","floor":39},{"not_picked":["Sentinel+1","Sever Soul+1","Evolve+1"],"picked":"SKIP","floor":42},{"not_picked":["Cleave+1","Wild Strike"],"picked":"Entrench+1","floor":47}],"player_experience":170595,"relics_obtained":[{"floor":6,"key":"hubris:Spice"},{"floor":9,"key":"Happy Flower"},{"floor":11,"key":"Tiny Chest"},{"floor":12,"key":"Eternal Feather"},{"floor":17,"key":"Vajra"},{"floor":17,"key":"Mercury Hourglass"},{"floor":17,"key":"Du-Vu Doll"},{"floor":20,"key":"infinitespire:Bottled Soul"},{"floor":23,"key":"Toxic Egg 2"},{"floor":26,"key":"Whetstone"},{"floor":28,"key":"hubris:MobiusCoin"},{"floor":41,"key":"hubris:Spice"},{"floor":48,"key":"PreservedInsect"}],"event_choices":[{"damage_healed":0,"gold_gain":100,"player_choice":"Pray","damage_taken":0,"max_hp_gain":0,"max_hp_loss":0,"event_name":"Golden Shrine","floor":3,"gold_loss":0},{"damage_healed":0,"gold_gain":75,"player_choice":"Gather Gold","damage_taken":11,"max_hp_gain":0,"max_hp_loss":0,"event_name":"World of Goop","floor":13,"gold_loss":0},{"damage_healed":0,"gold_gain":0,"player_choice":"Trade","damage_taken":0,"relics_obtained":["FaceOfCleric"],"max_hp_gain":0,"max_hp_loss":0,"event_name":"FaceTrader","floor":22,"gold_loss":0},{"damage_healed":0,"gold_gain":0,"player_choice":"Obtained Relic","damage_taken":0,"relics_obtained":["hubris:Spice"],"max_hp_gain":0,"max_hp_loss":0,"event_name":"Addict","floor":31,"gold_loss":85},{"cards_removed":["Strike_R"],"damage_healed":0,"gold_gain":0,"player_choice":"Upgrade and Remove","damage_taken":0,"max_hp_gain":0,"max_hp_loss":0,"event_name":"Designer","floor":37,"gold_loss":90,"cards_upgraded":["Offering"]},{"cards_removed":["True Grit"],"damage_healed":0,"gold_gain":0,"player_choice":"Removed Skill","damage_taken":0,"max_hp_gain":0,"max_hp_loss":0,"event_name":"Falling","floor":46,"gold_loss":0}],"is_beta":false,"boss_relics":[{"not_picked":["Coffee Dripper","hubris:BlackHole"],"picked":"Calling Bell"},{"not_picked":["SlaversCollar","hubris:TerracottaHorce"],"picked":"hubris:Spice"}],"items_purged_floors":[19,38],"is_endless":false,"potions_floor_spawned":[4,7,18,23,33,42,47],"ascension_level":7}}