{"host":"sgwqwgbtco1nn2mb","time":1609795444,"event":{"mods":["ATMod(°¢èªMod)","BaseMod","Hermit","KinomotoSakuraMod(Ä¾Ö®±¾Ó£)","Marisa£¨ìFÓê¡¡Ä§ÀíÉ³£©","Minty Spire (QoL Compilation)","MostiFishMod","Quick Restart","Replay The Spire","RumiaBox-Â¶Ã×æ«µÄÉñÃØºÐ×Ó","StSLib","The Marked","vexMod","¡¾¹¦ÄÜMod¡¿»ìãçÖ®»·ÐÞ¸´²¹¶¡","¡¾ÒÅÎï¿¨ÅÆ¡¿REMEMod"],"gold_per_floor":[117,44,56,56,56,56,56,84,84,98,125,125,159,171,171,272,938,957,957,475,489,524,524,524,536,616,631,631,92,32,44,44,145,145,165,233,233,54,69,101,101,101,169,194,205,205,218,229,229,229],"floor_reached":51,"playtime":2566,"items_purged":["hermit:Strike_Hermit"],"score":1023,"play_id":"723aef21-b538-45bc-b97e-16e4891e0bf8","local_time":"20210105052404","is_ascension_mode":false,"campfire_choices":[{"data":"hermit:CursedWeapon","floor":6,"key":"SMITH"},{"data":"hermit:Determination","floor":12,"key":"SMITH"},{"floor":15,"key":"DIG"},{"data":"hermit:FromBeyond","floor":23,"key":"SMITH"},{"data":"hermit:CursedWeapon","floor":28,"key":"SMITH"},{"data":"hermit:Quickdraw","floor":32,"key":"SMITH"},{"data":"hermit:EyeOfTheStorm","floor":41,"key":"SMITH"},{"data":"hermit:Maintenance","floor":46,"key":"SMITH"},{"floor":49,"key":"REST"}],"circlet_count":0,"master_deck":["hermit:Strike_Hermit","hermit:Strike_Hermit","hermit:Strike_Hermit","hermit:Defend_Hermit","hermit:Defend_Hermit","hermit:Defend_Hermit","hermit:Snapshot","hermit:Covet","hermit:CursedWeapon+1","hermit:Determination+1","hermit:Midnight+1","hermit:Determination+1","hermit:FinalCanter+1","hermit:Malice","hermit:Enervate","hermit:EyeOfTheStorm+1","hermit:FromBeyond+1","hermit:Vantage+1","hermit:Dive+1","hermit:Glare+1","hermit:CursedWeapon+1","hermit:Quickdraw+1","hermit:Misfire","hermit:Gambit+1","hermit:Combo+1","ReplayTheSpireMod:Splinters","AT_BreakingExtremeWeapon","hermit:CursedWeapon","hermit:Maintenance+1","hermit:Deadeye","hermit:Quickdraw+1"],"relics":["hermit:Momento","DaveBox","AT_ATBox","REME_ComplimentaryCards","NeowsBlessing","EGODaCapo","SynthV:TestCard","Bottled Flame","ZombieArmy","OriginationStaff","hermit:RyeStalk","AT_Kusabimaru","vexMod:RockOfEvil","Garlic","Vajra","Red Mask","Mirror","Guide Book","Simple Rune","Gremlin Horn","vexMod:EndlessSickness","GodSword1","Replay:Baseball","GodSword5","War Paint"],"acts_visited":["Exordium","TheCity","TheBeyond"],"potions_floor_usage":[16,22,27,33,50,50],"damage_taken":[{"damage":0,"enemies":"2 Louse","floor":1,"turns":1},{"damage":2,"enemies":"Small Slimes","floor":3,"turns":1},{"damage":2,"enemies":"3 Sentries","floor":8,"turns":1},{"damage":2,"enemies":"Cultist","floor":10,"turns":2},{"damage":8,"enemies":"Replay:BlueRogue","floor":11,"turns":5},{"damage":2,"enemies":"3 Sentries","floor":13,"turns":5},{"damage":2,"enemies":"Blue Slaver","floor":14,"turns":2},{"damage":8,"enemies":"Hexaghost","floor":16,"turns":8},{"damage":2,"enemies":"Spheric Guardian","floor":18,"turns":3},{"damage":4,"enemies":"Shell Parasite","floor":21,"turns":5},{"damage":15,"enemies":"Masked Bandits","floor":22,"turns":7},{"damage":4,"enemies":"Snake Plant","floor":25,"turns":1},{"damage":4,"enemies":"3 Cultists","floor":27,"turns":6},{"damage":4,"enemies":"Centurion and Healer","floor":31,"turns":3},{"damage":4,"enemies":"Champ","floor":33,"turns":6},{"damage":2,"enemies":"3 Shapes","floor":35,"turns":3},{"damage":2,"enemies":"Orb Walker","floor":39,"turns":1},{"damage":8,"enemies":"Giant Head","floor":40,"turns":6},{"damage":2,"enemies":"Reptomancer","floor":44,"turns":1},{"damage":4,"enemies":"Sphere and 2 Shapes","floor":45,"turns":2},{"damage":0,"enemies":"Writhing Mass","floor":47,"turns":1},{"damage":8,"enemies":"Jaw Worm Horde","floor":48,"turns":3},{"damage":6,"enemies":"Awakened One","floor":50,"turns":3}],"seed_played":"-7294571614845620105","potions_obtained":[{"floor":10,"key":"Ancient Potion"},{"floor":11,"key":"Milkshake"},{"floor":13,"key":"LiquidBronze"},{"floor":14,"key":"Block Potion"},{"floor":16,"key":"BlessingOfTheForge"},{"floor":22,"key":"ColorlessPotion"},{"floor":31,"key":"Weak Potion"},{"floor":35,"key":"FearPotion"}],"is_trial":false,"path_per_floor":["M","$","M","$","?","R","?","E","T","M","E","R","E","M","R","B",null,"M","?","$","M","?","R","?","M","T","M","R","$","?","M","R","B",null,"M","?","?","$","M","E","R","?","T","E","M","R","M","M","R","B",null],"character_chosen":"HERMIT","items_purchased":["hermit:Determination","Garlic","Vajra","Guide Book","Simple Rune","Gremlin Horn","AT_BreakingExtremeWeapon"],"campfire_rested":1,"item_purchase_floors":[2,20,20,29,29,29,38],"current_hp_per_floor":[75,75,73,73,73,73,73,71,71,69,61,61,59,57,57,49,75,73,73,73,69,54,54,54,50,50,46,46,46,46,42,42,38,75,73,73,73,73,71,63,63,63,63,61,57,57,57,49,75,69],"gold":229,"neow_bonus":"THREE_ENEMY_KILL","is_daily":false,"chose_seed":false,"campfire_upgraded":7,"win_rate":0.0,"timestamp":1609795444,"path_taken":["M","$","M","$","?","R","?","E","T","M","E","R","E","M","R","BOSS","M","?","$","?","?","R","?","M","T","M","R","$","?","M","R","BOSS","M","?","?","$","?","E","R","?","T","E","M","R","?","M","R","BOSS"],"items_purchased_type":["Card","Relic","Relic","Relic","Relic","Relic","Card"],"build_version":"2020-12-22","purchased_purges":1,"victory":true,"max_hp_per_floor":[75,75,75,75,75,75,75,75,75,75,75,75,75,75,75,75,75,75,75,75,75,75,75,75,75,75,75,75,75,75,75,75,75,75,75,75,75,75,75,75,75,75,75,75,75,75,75,75,75,75],"card_choices":[{"not_picked":["hermit:ItchyTrigger","hermit:Roulette"],"picked":"hermit:CursedWeapon","floor":1},{"not_picked":["hermit:Misfire","hermit:Desperado","hermit:PistolWhip","hermit:FullyLoaded"],"picked":"hermit:Midnight","floor":3},{"not_picked":["hermit:ShadowCloak","hermit:Grudge","hermit:WideOpen","hermit:Dive"],"picked":"hermit:FinalCanter","floor":8},{"not_picked":["hermit:WideOpen","hermit:Horror","hermit:BigShot","hermit:Gestalt"],"picked":"hermit:Malice","floor":10},{"not_picked":["hermit:Feint","hermit:LoneWolf","hermit:ItchyTrigger","hermit:LowProfile","hermit:BodyArmor"],"picked":"SKIP","floor":11},{"not_picked":["hermit:TrackingShot","hermit:Snipe","hermit:Quickdraw","hermit:Deadeye"],"picked":"hermit:Enervate","floor":13},{"not_picked":["hermit:Manifest","hermit:Quickdraw","hermit:Brawl","hermit:Feint"],"picked":"hermit:EyeOfTheStorm","floor":14},{"not_picked":["hermit:OverwhelmingPower","hermit:RoundhouseKick","hermit:HeroicBravado","hermit:EternalForm"],"picked":"hermit:FromBeyond","floor":16},{"not_picked":["hermit:TakeCover","hermit:Spite","hermit:TrackingShot","hermit:Feint"],"picked":"hermit:Vantage","floor":18},{"not_picked":["hermit:Quickdraw","hermit:ItchyTrigger","hermit:Snipe+1","hermit:Misfire"],"picked":"hermit:Dive+1","floor":21},{"not_picked":["hermit:Dive","hermit:Vantage","hermit:HighCaliber+1","hermit:CalledShot"],"picked":"hermit:Glare+1","floor":22},{"not_picked":["hermit:Enervate","hermit:Manifest+1","hermit:Desperado","hermit:Gambit","hermit:DeadMansHand"],"picked":"SKIP","floor":25},{"not_picked":["hermit:TrackingShot","hermit:TakeAim","hermit:Manifest","hermit:Misfire+1"],"picked":"hermit:Quickdraw","floor":27},{"not_picked":["hermit:CalledShot+1","hermit:Coalescence","hermit:Dive","hermit:Enervate+1"],"picked":"hermit:Misfire","floor":31},{"not_picked":["hermit:Dissolve","hermit:Purgatory","hermit:FromBeyond","hermit:DeadOrAlive"],"picked":"hermit:Gambit","floor":33},{"not_picked":["hermit:HoleUp+1","hermit:BodyArmor","hermit:Glare+1","hermit:WideOpen"],"picked":"hermit:Combo+1","floor":35},{"not_picked":["hermit:SprayPray","hermit:CalledShot+1","hermit:Coalescence","hermit:Vantage+1"],"picked":"hermit:CursedWeapon","floor":39},{"not_picked":["hermit:DeadMansHand+1","hermit:Shortfuse","hermit:WideOpen","hermit:Midnight","hermit:FromBeyond"],"picked":"SKIP","floor":40},{"not_picked":["hermit:ShadowCloak+1","hermit:LowProfile","hermit:Adapt","hermit:Dive+1"],"picked":"hermit:Maintenance","floor":44},{"not_picked":["hermit:ItchyTrigger+1","hermit:Horror","hermit:Roulette+1","hermit:CalledShot"],"picked":"hermit:Deadeye","floor":45},{"not_picked":["hermit:CalledShot+1","hermit:Virtue+1","hermit:HighCaliber","hermit:Malice","hermit:Headshot+1"],"picked":"SKIP","floor":47},{"not_picked":["hermit:RoundhouseKick","hermit:Feint","hermit:HighCaliber","hermit:LoneWolf+1"],"picked":"hermit:Quickdraw+1","floor":48}],"player_experience":476908,"relics_obtained":[{"floor":1,"key":"SynthV:TestCard"},{"floor":8,"key":"Bottled Flame"},{"floor":9,"key":"ZombieArmy"},{"floor":11,"key":"OriginationStaff"},{"floor":13,"key":"hermit:RyeStalk"},{"floor":15,"key":"AT_Kusabimaru"},{"floor":22,"key":"Red Mask"},{"floor":26,"key":"Mirror"},{"floor":36,"key":"GodSword1"},{"floor":40,"key":"Replay:Baseball"},{"floor":43,"key":"GodSword5"},{"floor":44,"key":"War Paint"}],"event_choices":[{"damage_healed":0,"gold_gain":0,"player_choice":"Bought 0 Potions","damage_taken":0,"max_hp_gain":0,"max_hp_loss":0,"event_name":"The Woman in Blue","floor":19,"gold_loss":0},{"damage_healed":0,"gold_gain":0,"player_choice":"Fought Bandits","damage_taken":0,"max_hp_gain":0,"max_hp_loss":0,"event_name":"Masked Bandits","floor":22,"gold_loss":0},{"damage_healed":0,"gold_gain":0,"player_choice":"Read","damage_taken":0,"max_hp_gain":0,"max_hp_loss":0,"event_name":"The Library","floor":24,"gold_loss":0,"cards_obtained":["hermit:CursedWeapon"]},{"damage_healed":0,"gold_gain":0,"player_choice":"Upgraded","damage_taken":0,"max_hp_gain":0,"max_hp_loss":0,"event_name":"Upgrade Shrine","floor":37,"gold_loss":0,"cards_upgraded":["hermit:Vantage"]},{"damage_healed":0,"gold_gain":0,"player_choice":"Ignored","damage_taken":0,"max_hp_gain":0,"max_hp_loss":0,"event_name":"NoteForYourself","floor":42,"gold_loss":0}],"is_beta":false,"boss_relics":[{"not_picked":["Runic Dome","Velvet Choker"],"picked":"vexMod:RockOfEvil"},{"not_picked":["Coffee Dripper","GreenFoldingFan"],"picked":"vexMod:EndlessSickness"}],"items_purged_floors":[20],"is_endless":false,"potions_floor_spawned":[10,11,13,14,16,21,22,31,35,44,48],"ascension_level":0}}