{"host":"Qube","time":1609795145,"event":{"mods":["AchievementEnabler","BaseMod","Colored Map","Colored Powertips","Minty Spire (QoL Compilation)","Quick Restart","Random Character Button","StSLib"],"gold_per_floor":[110,125,125,140,160,192,192,203,230,230,259,259,271,305,305,377,377,396,396,396,396,396],"floor_reached":21,"playtime":808,"items_purged":[],"score":413,"play_id":"f9ae8447-60d2-45a9-a4d6-1ac29cdcb54d","local_time":"20210104131905","is_ascension_mode":true,"campfire_choices":[{"data":"Streamline","floor":7.0,"key":"SMITH"},{"floor":10.0,"key":"REST"},{"data":"Static Discharge","floor":12.0,"key":"SMITH"},{"data":"Defragment","floor":15,"key":"SMITH"}],"circlet_count":0,"master_deck":["AscendersBane","Strike_B","Strike_B","Defend_B","Defend_B","Zap","Dualcast","Beam Cell","Steam","Streamline+1","Beam Cell","Rebound","Glacier","Static Discharge+1","Core Surge","Reinforced Body","Defragment+1","Rainbow","Ball Lightning","Loop","Defragment"],"relics":["Cracked Core","HornCleat","Strawberry","Centennial Puzzle","Tiny Chest","Pear","Empty Cage"],"acts_visited":["Exordium","TheCity"],"potions_floor_usage":[16],"damage_taken":[{"damage":6.0,"enemies":"Cultist","floor":1.0,"turns":3.0},{"damage":0.0,"enemies":"Jaw Worm","floor":2.0,"turns":3.0},{"damage":1.0,"enemies":"2 Louse","floor":4.0,"turns":2.0},{"damage":3.0,"enemies":"Blue Slaver","floor":5.0,"turns":3.0},{"damage":15.0,"enemies":"3 Sentries","floor":6.0,"turns":6.0},{"damage":2.0,"enemies":"3 Louse","floor":8.0,"turns":3.0},{"damage":16.0,"enemies":"Gremlin Nob","floor":11.0,"turns":4.0},{"damage":7,"enemies":"2 Fungi Beasts","floor":13,"turns":2},{"damage":15,"enemies":"3 Sentries","floor":14,"turns":8},{"damage":4,"enemies":"Hexaghost","floor":16,"turns":11},{"damage":22,"enemies":"2 Thieves","floor":18,"turns":3},{"damage":39,"enemies":"Masked Bandits","floor":21,"turns":3}],"seed_played":"-7205325432841767638","potions_obtained":[{"floor":1.0,"key":"SteroidPotion"},{"floor":6.0,"key":"Weak Potion"},{"floor":14,"key":"SpeedPotion"}],"is_trial":false,"path_per_floor":["M","M","?","M","M","E","R","M","T","R","E","R","M","E","R","B",null,"M","?","?","?"],"character_chosen":"DEFECT","items_purchased":[],"campfire_rested":1,"item_purchase_floors":[],"current_hp_per_floor":[58,58,58,57,54,46,46,44,44,67,51,51,44,39,39,35,75,53,53,27,0,0],"gold":396,"neow_bonus":"THREE_CARDS","is_daily":false,"chose_seed":false,"campfire_upgraded":3,"win_rate":0.0,"timestamp":1609795145,"path_taken":["M","?","?","M","M","E","R","?","T","R","E","R","M","E","R","BOSS","M","?","?","?"],"items_purchased_type":[],"build_version":"2020-12-18","purchased_purges":0,"victory":false,"max_hp_per_floor":[71,71,71,71,71,78,78,78,78,78,78,78,78,88,88,88,88,88,88,93,93,93],"card_choices":[{"not_picked":["Conserve Battery","Cold Snap"],"picked":"Beam Cell","floor":0.0},{"not_picked":["Darkness","Compile Driver"],"picked":"Steam","floor":1.0},{"not_picked":["Beam Cell","Cold Snap"],"picked":"Streamline","floor":2.0},{"not_picked":["Streamline","Force Field"],"picked":"Beam Cell","floor":4.0},{"not_picked":["Sweeping Beam","Streamline"],"picked":"Rebound","floor":5.0},{"not_picked":["Go for the Eyes","Cold Snap"],"picked":"Glacier","floor":6.0},{"not_picked":["Capacitor","Undo"],"picked":"Static Discharge","floor":8.0},{"not_picked":["Recycle","Compile Driver"],"picked":"Core Surge","floor":11.0},{"not_picked":["Sweeping Beam","Doom and Gloom"],"picked":"Reinforced Body","floor":13},{"not_picked":["Melter","Glacier"],"picked":"Defragment","floor":14},{"not_picked":["Amplify","Core Surge"],"picked":"Rainbow","floor":16},{"not_picked":["Gash","Stack"],"picked":"Ball Lightning","floor":18}],"player_experience":750748,"relics_obtained":[{"floor":3.0,"key":"HornCleat"},{"floor":6.0,"key":"Strawberry"},{"floor":9.0,"key":"Centennial Puzzle"},{"floor":11.0,"key":"Tiny Chest"},{"floor":14,"key":"Pear"}],"event_choices":[{"damage_healed":0.0,"max_hp_gain":0.0,"max_hp_loss":0.0,"gold_gain":0.0,"event_name":"Wheel of Change","player_choice":"Relic","floor":3.0,"gold_loss":0.0,"damage_taken":0.0},{"damage_healed":0,"gold_gain":0,"cards_transformed":["Strike_B","Defend_B"],"player_choice":"Became Test Subject","damage_taken":0,"max_hp_gain":0,"max_hp_loss":0,"event_name":"Drug Dealer","floor":19,"gold_loss":0,"cards_obtained":["Loop","Defragment"]},{"damage_healed":0,"gold_gain":0,"player_choice":"Shed Blood","damage_taken":31,"max_hp_gain":5,"max_hp_loss":0,"event_name":"Forgotten Altar","floor":20,"gold_loss":0},{"damage_healed":0,"gold_gain":0,"player_choice":"Fought Bandits","damage_taken":0,"max_hp_gain":0,"max_hp_loss":0,"event_name":"Masked Bandits","floor":21,"gold_loss":0}],"is_beta":true,"boss_relics":[{"not_picked":["Coffee Dripper","FrozenCore"],"picked":"Empty Cage"}],"items_purged_floors":[],"is_endless":false,"potions_floor_spawned":[1,6,14],"killed_by":"Masked Bandits","ascension_level":19}}