{"host":"na09lpbrez4gbfiz","time":1609769042,"event":{"mods":["Act Like it!","BaseMod","BetterRewards","Colored Map","Colored Powertips","DeckTracker","Googly Eyes","Highlight Path","Minty Spire (QoL Compilation)","Quick Restart","Spicy Shops","StSLib","SuperFastMode","Synergy Search"],"gold_per_floor":[109,59,59,10,10,10,37,49,75,92,92,107,126,138,138,240,240,257,356,356,281,27,27,59,90,90,103,103,121,137,165,165,269,269,284,284,284,294,0,0,13,42,42,42,42,57,107,124,124,124,124],"floor_reached":50,"playtime":2754,"items_purged":["Strike_G","Strike_G"],"score":790,"play_id":"8b2247ba-c163-475f-83e1-a720adca445c","local_time":"20210104150402","is_ascension_mode":true,"campfire_choices":[{"data":"Survivor","floor":6,"key":"SMITH"},{"data":"Prepared","floor":11,"key":"SMITH"},{"data":"Footwork","floor":15,"key":"SMITH"},{"data":"Footwork","floor":23,"key":"SMITH"},{"floor":28,"key":"REST"},{"floor":32,"key":"REST"},{"data":"Tools of the Trade","floor":40,"key":"SMITH"},{"data":"Acrobatics","floor":44,"key":"SMITH"},{"floor":49,"key":"REST"}],"circlet_count":0,"master_deck":["AscendersBane","Strike_G","Defend_G","Defend_G","Defend_G","Defend_G","Defend_G","Survivor+1","Neutralize+1","Cloak And Dagger+1","Prepared","Prepared+1","Dagger Spray","Tools of the Trade+1","Footwork+1","Footwork+1","Flechettes","Deflect","Underhanded Strike","Acrobatics+1","Burst","Sadistic Nature","Flechettes+1","Blade Dance","Escape Plan+1","Backflip","Heel Hook+1"],"relics":["Runic Pyramid","Mercury Hourglass","Mango","Art of War","Sozu","Vajra","Centennial Puzzle","Red Mask","Pear","Pen Nib","WristBlade","Membership Card","Sling","Oddly Smooth Stone","Lantern","Paper Crane","Calipers"],"acts_visited":["Exordium","TheCity","TheBeyond"],"potions_floor_usage":[7,7,16,25],"damage_taken":[{"damage":0,"enemies":"Cultist","floor":1,"turns":4},{"damage":4,"enemies":"3 Sentries","floor":7,"turns":7},{"damage":2,"enemies":"Small Slimes","floor":8,"turns":3},{"damage":0,"enemies":"Jaw Worm","floor":10,"turns":5},{"damage":0,"enemies":"3 Louse","floor":12,"turns":3},{"damage":10,"enemies":"Exordium Wildlife","floor":13,"turns":5},{"damage":0,"enemies":"Large Slime","floor":14,"turns":6},{"damage":2,"enemies":"Hexaghost","floor":16,"turns":14},{"damage":0,"enemies":"Shell Parasite","floor":18,"turns":7},{"damage":22,"enemies":"Gremlin Leader","floor":24,"turns":8},{"damage":18,"enemies":"Masked Bandits","floor":25,"turns":6},{"damage":2,"enemies":"2 Thieves","floor":27,"turns":4},{"damage":4,"enemies":"Shelled Parasite and Fungi","floor":29,"turns":6},{"damage":0,"enemies":"Snecko","floor":30,"turns":6},{"damage":30,"enemies":"Slavers","floor":31,"turns":7},{"damage":4,"enemies":"Collector","floor":33,"turns":11},{"damage":3,"enemies":"3 Darklings","floor":35,"turns":6},{"damage":0,"enemies":"3 Shapes","floor":38,"turns":5},{"damage":3,"enemies":"Jaw Worm Horde","floor":41,"turns":5},{"damage":8,"enemies":"Reptomancer","floor":42,"turns":6},{"damage":7,"enemies":"Transient","floor":46,"turns":5},{"damage":0,"enemies":"Mind Bloom Boss Battle","floor":47,"turns":5},{"damage":15,"enemies":"Sphere and 2 Shapes","floor":48,"turns":7},{"damage":96,"enemies":"Time Eater","floor":50,"turns":11}],"seed_played":"5965295862193423366","potions_obtained":[{"floor":1,"key":"SkillPotion"},{"floor":10,"key":"Energy Potion"},{"floor":14,"key":"BlessingOfTheForge"}],"is_trial":false,"path_per_floor":["M","?","?","$","?","R","E","M","T","M","R","M","M","M","R","B",null,"M","?","?","$","$","R","E","?","T","M","R","M","M","E","R","B",null,"M","?","?","M","$","R","M","E","T","R","$","M","?","M","R","B"],"character_chosen":"THE_SILENT","items_purchased":["AttackPotion","Vajra","Membership Card","Sling","Oddly Smooth Stone"],"campfire_rested":3,"item_purchase_floors":[4,22,39,39,39],"current_hp_per_floor":[63,63,49,49,42,42,52,50,50,50,50,50,40,40,40,38,73,73,73,57,57,57,57,35,17,27,25,54,50,50,20,49,45,86,83,83,83,83,83,83,80,72,72,72,72,65,65,50,79,0,0],"gold":124,"neow_bonus":"BOSS_RELIC","is_daily":false,"chose_seed":false,"campfire_upgraded":6,"win_rate":0.0,"timestamp":1609769042,"path_taken":["M","?","?","$","?","R","E","M","T","M","R","M","M","?","R","BOSS","M","?","?","?","$","R","E","?","T","M","R","M","M","E","R","BOSS","M","?","?","M","$","R","M","E","T","R","?","?","?","M","R","BOSS"],"items_purchased_type":["Potion","Relic","Relic","Relic","Relic"],"build_version":"2020-12-22","purchased_purges":2,"victory":false,"max_hp_per_floor":[70,70,70,70,70,70,84,84,84,84,84,84,84,84,84,84,84,84,84,89,89,89,89,89,89,99,99,99,99,99,99,99,99,99,99,99,99,99,99,99,99,99,99,99,99,99,99,99,99,99,99],"card_choices":[{"not_picked":["Escape Plan","Flying Knee"],"picked":"Cloak And Dagger","floor":1},{"not_picked":["Calculated Gamble","Acrobatics"],"picked":"Prepared","floor":7},{"not_picked":["Sucker Punch","Heel Hook"],"picked":"Prepared","floor":8},{"not_picked":["Underhanded Strike","Flying Knee"],"picked":"Dagger Spray","floor":10},{"not_picked":["Eviscerate","Heel Hook","Bane"],"picked":"SKIP","floor":12},{"not_picked":["Flying Knee","Outmaneuver"],"picked":"Tools of the Trade","floor":13},{"not_picked":["Dodge and Roll","Acrobatics"],"picked":"Footwork","floor":14},{"not_picked":["Dagger Spray+1","Cloak And Dagger+1"],"picked":"Footwork","floor":18},{"not_picked":["Deadly Poison","Calculated Gamble"],"picked":"Flechettes","floor":24},{"not_picked":["Heel Hook","Finisher"],"picked":"Deflect","floor":27},{"not_picked":["Bane","Outmaneuver+1","Setup"],"picked":"SKIP","floor":29},{"not_picked":["Concentrate+1","Catalyst"],"picked":"Underhanded Strike","floor":30},{"not_picked":["Underhanded Strike","Prepared"],"picked":"Acrobatics","floor":31},{"not_picked":["Night Terror","Venomology"],"picked":"Burst","floor":33},{"not_picked":["Skewer","Quick Slash","Deflect+1"],"picked":"SKIP","floor":35},{"not_picked":["Forethought","Thinking Ahead"],"picked":"Sadistic Nature","floor":37},{"not_picked":["Dagger Spray","Catalyst+1"],"picked":"Flechettes+1","floor":38},{"not_picked":["Prepared+1","Catalyst+1"],"picked":"Blade Dance","floor":41},{"not_picked":["Bane","Dodge and Roll"],"picked":"Escape Plan+1","floor":42},{"not_picked":["Bane","Distraction"],"picked":"Backflip","floor":46},{"not_picked":["Sucker Punch+1","Dodge and Roll"],"picked":"Heel Hook+1","floor":48}],"player_experience":154552,"relics_obtained":[{"floor":7,"key":"Mango"},{"floor":9,"key":"Art of War"},{"floor":24,"key":"Centennial Puzzle"},{"floor":25,"key":"Red Mask"},{"floor":26,"key":"Pear"},{"floor":31,"key":"Pen Nib"},{"floor":42,"key":"Lantern"},{"floor":43,"key":"Paper Crane"},{"floor":47,"key":"Calipers"}],"event_choices":[{"cards_removed":["Strike_G"],"damage_healed":0,"gold_gain":0,"player_choice":"Card Removal","damage_taken":0,"max_hp_gain":0,"max_hp_loss":0,"event_name":"The Cleric","floor":2,"gold_loss":50},{"damage_healed":0,"gold_gain":0,"player_choice":"Entered Light","damage_taken":14,"max_hp_gain":0,"max_hp_loss":0,"event_name":"Shining Light","floor":3,"gold_loss":0,"cards_upgraded":["Neutralize","Cloak And Dagger"]},{"damage_healed":0,"gold_gain":0,"player_choice":"Success","damage_taken":7,"relics_obtained":["Mercury Hourglass"],"max_hp_gain":0,"max_hp_loss":0,"event_name":"Scrap Ooze","floor":5,"gold_loss":0},{"damage_healed":0,"gold_gain":99,"player_choice":"Stole From Cult","damage_taken":0,"max_hp_gain":0,"max_hp_loss":0,"event_name":"Nest","floor":19,"gold_loss":0},{"damage_healed":0,"gold_gain":0,"player_choice":"Shed Blood","damage_taken":21,"max_hp_gain":5,"max_hp_loss":0,"event_name":"Forgotten Altar","floor":20,"gold_loss":0},{"damage_healed":0,"gold_gain":0,"player_choice":"Fought Bandits","damage_taken":0,"max_hp_gain":0,"max_hp_loss":0,"event_name":"Masked Bandits","floor":25,"gold_loss":0},{"cards_removed":["Strike_G"],"damage_healed":0,"gold_gain":0,"player_choice":"Removed Attack","damage_taken":0,"max_hp_gain":0,"max_hp_loss":0,"event_name":"Falling","floor":36,"gold_loss":0},{"damage_healed":0,"gold_gain":0,"player_choice":"Memory 1","damage_taken":0,"max_hp_gain":0,"max_hp_loss":0,"event_name":"SensoryStone","floor":37,"gold_loss":0},{"damage_healed":0,"gold_gain":0,"player_choice":"Fight","damage_taken":0,"max_hp_gain":0,"max_hp_loss":0,"event_name":"MindBloom","floor":47,"gold_loss":0}],"is_beta":false,"boss_relics":[{"not_picked":["Fusion Hammer","SacredBark"],"picked":"Sozu"},{"not_picked":["Busted Crown","Calling Bell"],"picked":"WristBlade"}],"items_purged_floors":[21,22],"is_endless":false,"potions_floor_spawned":[1,10,14,18,27,29,41,46,48],"killed_by":"Time Eater","ascension_level":10}}