{"host":"k85tjwrh7mjrrc9a","time":1609801179,"event":{"mods":["AchievementEnabler","BaseMod","Colored Powertips","Highlight Path","Minty Spire (QoL Compilation)","Rare Cards Sparkle","StSLib"],"gold_per_floor":[114,114,114,39,39,67,67,67,92,122,134,175,187,217,229,336,348,373,385,172,271,271,271,281,292,292,302,322,403,403,414,414,518,518,533,533,583,122,138,168,168,199,271,271,271,323,354,381,381,381],"floor_reached":51,"playtime":1805,"items_purged":["Regret"],"score":1064,"play_id":"6f7011ab-b06e-4ee0-a56d-fd40f38616c1","local_time":"20210104175939","is_ascension_mode":true,"campfire_choices":[{"floor":7,"key":"REST"},{"data":"True Grit","floor":11,"key":"SMITH"},{"data":"Bash","floor":13,"key":"SMITH"},{"data":"Limit Break","floor":15,"key":"SMITH"},{"floor":23,"key":"RECALL"},{"floor":32,"key":"REST"},{"floor":41,"key":"REST"},{"floor":49,"key":"REST"}],"circlet_count":0,"master_deck":["Strike_R","Strike_R+1","Strike_R","Strike_R","Defend_R+1","Defend_R","Defend_R","Defend_R","Bash+1","True Grit+1","Shockwave","Heavy Blade","Thunderclap","Limit Break+1","Inflame+1","Spot Weakness","Whirlwind","Double Tap","Flash of Steel","Heavy Blade+1"],"relics":["Burning Blood","Happy Flower","Incense Burner","Red Skull","MawBank","Potion Belt","Fusion Hammer","White Beast Statue","Tiny Chest","Ginger","Ornamental Fan","Eternal Feather","Philosopher\u0027s Stone","Orichalcum","Thread and Needle","Lantern","Bag of Marbles","The Courier","Frozen Egg 2","TungstenRod","Torii","Pen Nib"],"acts_visited":["TheCity","TheBeyond"],"potions_floor_usage":[6,6,28,33,39,40,42,45,47,50,50,50],"damage_taken":[{"damage":6,"enemies":"Cultist","floor":1,"turns":4},{"damage":39,"enemies":"Lagavulin","floor":6,"turns":10},{"damage":3,"enemies":"Small Slimes","floor":10,"turns":4},{"damage":23,"enemies":"3 Sentries","floor":12,"turns":9},{"damage":0,"enemies":"2 Louse","floor":14,"turns":2},{"damage":3,"enemies":"Slime Boss","floor":16,"turns":7},{"damage":3,"enemies":"Chosen","floor":18,"turns":5},{"damage":14,"enemies":"Shell Parasite","floor":24,"turns":4},{"damage":26,"enemies":"Snake Plant","floor":25,"turns":3},{"damage":11,"enemies":"Cultist and Chosen","floor":27,"turns":6},{"damage":23,"enemies":"Shelled Parasite and Fungi","floor":28,"turns":4},{"damage":13,"enemies":"Centurion and Healer","floor":31,"turns":4},{"damage":33,"enemies":"Automaton","floor":33,"turns":7},{"damage":34,"enemies":"3 Shapes","floor":35,"turns":4},{"damage":0,"enemies":"3 Darklings","floor":39,"turns":2},{"damage":1,"enemies":"Giant Head","floor":40,"turns":6},{"damage":49,"enemies":"Reptomancer","floor":42,"turns":5},{"damage":0,"enemies":"4 Shapes","floor":45,"turns":1},{"damage":11,"enemies":"2 Orb Walkers","floor":46,"turns":4},{"damage":11,"enemies":"Nemesis","floor":47,"turns":5},{"damage":51,"enemies":"Donu and Deca","floor":50,"turns":5}],"seed_played":"-7889081721037215713","potions_obtained":[{"floor":0,"key":"SteroidPotion"},{"floor":0,"key":"Block Potion"},{"floor":0,"key":"Block Potion"},{"floor":12,"key":"Strength Potion"},{"floor":16,"key":"SneckoOil"},{"floor":24,"key":"SkillPotion"},{"floor":25,"key":"Swift Potion"},{"floor":27,"key":"FearPotion"},{"floor":28,"key":"Fruit Juice"},{"floor":31,"key":"DistilledChaos"},{"floor":33,"key":"Strength Potion"},{"floor":35,"key":"PowerPotion"},{"floor":39,"key":"SmokeBomb"},{"floor":40,"key":"SpeedPotion"},{"floor":42,"key":"AttackPotion"},{"floor":46,"key":"SteroidPotion"},{"floor":47,"key":"Regen Potion"}],"is_trial":false,"path_per_floor":["M","?","?","$","?","E","R","T","T","M","R","E","R","M","R","B",null,"M","?","$","?","T","R","M","M","T","M","M","T","?","M","R","B",null,"M","?","T","$","M","E","R","E","T","?","M","?","E","T","R","B",null],"character_chosen":"IRONCLAD","items_purchased":["Spot Weakness","Tiny Chest","Thread and Needle","Lantern"],"campfire_rested":4,"item_purchase_floors":[20,20,38,38],"current_hp_per_floor":[72,72,56,56,49,16,40,40,40,43,43,26,26,32,32,35,69,72,72,72,72,72,72,64,44,44,39,27,27,27,20,54,27,71,43,43,43,43,49,54,85,42,42,42,48,43,38,38,75,35],"gold":381,"neow_bonus":"THREE_SMALL_POTIONS","is_daily":false,"chose_seed":false,"campfire_upgraded":3,"win_rate":0.0,"timestamp":1609801179,"path_taken":["M","?","?","$","?","E","R","?","T","M","R","E","R","M","R","BOSS","M","?","$","?","?","R","M","?","T","M","M","?","?","?","R","BOSS","M","?","?","$","M","E","R","E","T","?","?","?","E","?","R","BOSS"],"items_purchased_type":["Card","Relic","Relic","Relic"],"build_version":"2020-12-22","purchased_purges":1,"victory":true,"max_hp_per_floor":[80,80,80,80,80,80,80,80,80,80,80,80,80,80,80,80,80,80,80,80,80,80,80,80,80,80,80,85,85,85,85,85,85,85,85,85,85,85,85,85,85,85,85,85,85,85,85,85,85,85],"card_choices":[{"not_picked":["Wild Strike","Dual Wield"],"picked":"True Grit","floor":1},{"not_picked":["Clash","Thunderclap"],"picked":"Shockwave","floor":6},{"not_picked":["Power Through","Pummel"],"picked":"Heavy Blade","floor":10},{"not_picked":["Carnage","Clash"],"picked":"Thunderclap","floor":12},{"not_picked":["Pommel Strike","Sword Boomerang"],"picked":"Limit Break","floor":14},{"not_picked":["Body Slam","Wild Strike"],"picked":"Inflame+1","floor":18},{"not_picked":["Flame Barrier+1","Iron Wave","Clash"],"picked":"SKIP","floor":24},{"not_picked":["Hemokinesis+1","Reckless Charge+1","Clothesline+1"],"picked":"SKIP","floor":25},{"not_picked":["Dark Embrace+1","Wild Strike+1","Clothesline+1"],"picked":"SKIP","floor":27},{"not_picked":["True Grit+1","Perfected Strike","Searing Blow"],"picked":"SKIP","floor":28},{"not_picked":["Wild Strike+1","Sword Boomerang"],"picked":"Whirlwind","floor":31},{"not_picked":["Bludgeon","Reaper"],"picked":"Double Tap","floor":33},{"not_picked":["Hemokinesis+1","Sword Boomerang","Seeing Red+1"],"picked":"SKIP","floor":35},{"not_picked":["Madness","Trip"],"picked":"Flash of Steel","floor":36},{"not_picked":["Thunderclap","True Grit","Cleave"],"picked":"SKIP","floor":39},{"not_picked":["Second Wind+1","Thunderclap","Carnage"],"picked":"SKIP","floor":40},{"not_picked":["Rampage","Havoc+1"],"picked":"Heavy Blade+1","floor":42},{"not_picked":["True Grit","Warcry+1","Thunderclap"],"picked":"SKIP","floor":47}],"player_experience":145238,"relics_obtained":[{"floor":6,"key":"Incense Burner"},{"floor":8,"key":"Red Skull"},{"floor":9,"key":"MawBank"},{"floor":12,"key":"Potion Belt"},{"floor":22,"key":"Ginger"},{"floor":26,"key":"Ornamental Fan"},{"floor":29,"key":"Eternal Feather"},{"floor":37,"key":"Orichalcum"},{"floor":40,"key":"Bag of Marbles"},{"floor":42,"key":"The Courier"},{"floor":43,"key":"Frozen Egg 2"},{"floor":46,"key":"TungstenRod"},{"floor":47,"key":"Torii"},{"floor":48,"key":"Pen Nib"}],"event_choices":[{"damage_healed":0,"gold_gain":0,"player_choice":"Box","damage_taken":0,"relics_obtained":["Happy Flower"],"max_hp_gain":0,"max_hp_loss":0,"event_name":"Big Fish","floor":2,"gold_loss":0,"cards_obtained":["Regret"]},{"damage_healed":0,"gold_gain":0,"player_choice":"Entered Light","damage_taken":16,"max_hp_gain":0,"max_hp_loss":0,"event_name":"Shining Light","floor":3,"gold_loss":0,"cards_upgraded":["Defend_R","Strike_R"]},{"cards_removed":["Strike_R"],"damage_healed":0,"gold_gain":0,"player_choice":"Card Removal","damage_taken":7,"max_hp_gain":0,"max_hp_loss":0,"event_name":"Golden Wing","floor":5,"gold_loss":0},{"damage_healed":0,"gold_gain":0,"player_choice":"Opened","damage_taken":0,"relics_obtained":["White Beast Statue"],"max_hp_gain":0,"max_hp_loss":0,"event_name":"The Mausoleum","floor":19,"gold_loss":0},{"damage_healed":0,"gold_gain":99,"player_choice":"Stole From Cult","damage_taken":0,"max_hp_gain":0,"max_hp_loss":0,"event_name":"Nest","floor":21,"gold_loss":0},{"damage_healed":0,"gold_gain":0,"player_choice":"Ignored","damage_taken":0,"max_hp_gain":0,"max_hp_loss":0,"event_name":"Transmorgrifier","floor":30,"gold_loss":0},{"damage_healed":0,"gold_gain":0,"player_choice":"Memory 1","damage_taken":0,"max_hp_gain":0,"max_hp_loss":0,"event_name":"SensoryStone","floor":36,"gold_loss":0},{"damage_healed":0,"gold_gain":0,"player_choice":"Ignored","damage_taken":0,"max_hp_gain":0,"max_hp_loss":0,"event_name":"Tomb of Lord Red Mask","floor":44,"gold_loss":0},{"damage_healed":0,"gold_gain":0,"player_choice":"Fight","damage_taken":0,"max_hp_gain":0,"max_hp_loss":0,"event_name":"Mysterious Sphere","floor":46,"gold_loss":0}],"is_beta":false,"boss_relics":[{"not_picked":["Snecko Eye","Empty Cage"],"picked":"Fusion Hammer"},{"not_picked":["Pandora\u0027s Box","Tiny House"],"picked":"Philosopher\u0027s Stone"}],"items_purged_floors":[4],"is_endless":false,"potions_floor_spawned":[12,16,24,25,27,28,31,33,35,39,40,42,45,46,47],"ascension_level":7}}