{"host":"w9yruvs4bqht6bhw","time":1609734834,"event":{"mods":["BaseMod","Colored Powertips","Minty Spire (QoL Compilation)"],"gold_per_floor":[114,132,132,142,142,142,160,160,184,13,13,32,44,56,56,155,155,166,180,193,4,19,19,19],"floor_reached":23,"playtime":768,"items_purged":["Strike_R"],"score":287,"play_id":"eca0f887-876f-468a-8b79-d77a2de7265d","local_time":"20210103233354","is_ascension_mode":true,"campfire_choices":[{"data":"Double Tap","floor":6,"key":"SMITH"},{"data":"Bash","floor":8,"key":"SMITH"},{"data":"Spot Weakness","floor":15,"key":"SMITH"}],"circlet_count":0,"master_deck":["Strike_R","Strike_R","Strike_R","Strike_R","Defend_R","Defend_R","Defend_R","Defend_R","Bash+1","Double Tap+1","Clash+1","Clash","Spot Weakness+1","Shrug It Off","Clash","Limit Break","Shrug It Off","Shrug It Off","Clash"],"relics":["Black Blood","NeowsBlessing","Bag of Preparation","Membership Card"],"acts_visited":["Exordium","TheCity"],"potions_floor_usage":[12,14,14,16,16,16,19,19,22,23],"damage_taken":[{"damage":0,"enemies":"Cultist","floor":1,"turns":1},{"damage":0,"enemies":"Small Slimes","floor":2,"turns":1},{"damage":0,"enemies":"Jaw Worm","floor":4,"turns":1},{"damage":6,"enemies":"Blue Slaver","floor":7,"turns":3},{"damage":0,"enemies":"Large Slime","floor":12,"turns":4},{"damage":0,"enemies":"Exordium Thugs","floor":13,"turns":3},{"damage":7,"enemies":"Gremlin Gang","floor":14,"turns":5},{"damage":58,"enemies":"The Guardian","floor":16,"turns":10},{"damage":0,"enemies":"Chosen","floor":18,"turns":4},{"damage":29,"enemies":"3 Byrds","floor":19,"turns":5},{"damage":40,"enemies":"Cultist and Chosen","floor":20,"turns":7},{"damage":9,"enemies":"Snake Plant","floor":22,"turns":3},{"damage":49,"enemies":"Slavers","floor":23,"turns":4}],"seed_played":"-9159198465832856342","potions_obtained":[{"floor":11,"key":"BloodPotion"},{"floor":11,"key":"AttackPotion"},{"floor":12,"key":"EntropicBrew"},{"floor":16,"key":"SteroidPotion"},{"floor":18,"key":"Swift Potion"},{"floor":20,"key":"Explosive Potion"}],"is_trial":false,"path_per_floor":["M","M","?","M","?","R","M","R","T","$","?","M","M","M","R","B",null,"M","M","M","$","M","E"],"character_chosen":"IRONCLAD","items_purchased":["Clash","Energy Potion","Membership Card","DistilledChaos"],"campfire_rested":0,"item_purchase_floors":[10,10,21,21],"current_hp_per_floor":[78,80,85,85,85,85,85,85,85,85,85,85,85,84,84,49,76,85,68,40,40,43,0,0],"gold":19,"neow_bonus":"THREE_ENEMY_KILL","is_daily":false,"chose_seed":false,"campfire_upgraded":3,"win_rate":0.0,"timestamp":1609734834,"path_taken":["M","M","?","M","?","R","?","R","T","$","?","M","M","M","R","BOSS","M","?","M","$","M","E"],"items_purchased_type":["Card","Potion","Relic","Potion"],"build_version":"2020-12-22","purchased_purges":1,"victory":false,"max_hp_per_floor":[80,80,85,85,85,85,85,85,85,85,85,85,85,85,85,85,85,85,85,85,85,85,85,85],"card_choices":[{"not_picked":["Havoc","Heavy Blade","Hemokinesis"],"picked":"SKIP","floor":1},{"not_picked":["True Grit","Fire Breathing"],"picked":"Double Tap","floor":2},{"not_picked":["Wild Strike","Havoc"],"picked":"Clash","floor":4},{"not_picked":["Pommel Strike","Feed","Hemokinesis"],"picked":"SKIP","floor":7},{"not_picked":["Wild Strike","Disarm"],"picked":"Spot Weakness","floor":12},{"not_picked":["Inflame","Twin Strike"],"picked":"Shrug It Off","floor":13},{"not_picked":["Twin Strike","Body Slam"],"picked":"Clash","floor":14},{"not_picked":["Juggernaut","Bludgeon"],"picked":"Limit Break","floor":16},{"not_picked":["Reckless Charge","Blood for Blood+1"],"picked":"Shrug It Off","floor":18},{"not_picked":["Havoc","Warcry"],"picked":"Shrug It Off","floor":19},{"not_picked":["Armaments","Blood for Blood"],"picked":"Clash","floor":20},{"not_picked":["Flex","Cleave","Rupture+1"],"picked":"SKIP","floor":22}],"player_experience":323263,"relics_obtained":[{"floor":9,"key":"Bag of Preparation"}],"event_choices":[{"damage_healed":0,"gold_gain":0,"player_choice":"Donut","damage_taken":0,"max_hp_gain":5,"max_hp_loss":0,"event_name":"Big Fish","floor":3,"gold_loss":0},{"damage_healed":0,"gold_gain":0,"player_choice":"Forge","damage_taken":0,"max_hp_gain":0,"max_hp_loss":0,"event_name":"Accursed Blacksmith","floor":5,"gold_loss":0,"cards_upgraded":["Clash"]},{"damage_healed":0,"gold_gain":0,"player_choice":"Got Potions","damage_taken":0,"max_hp_gain":0,"max_hp_loss":0,"event_name":"Lab","floor":11,"gold_loss":0}],"is_beta":false,"boss_relics":[{"not_picked":["SlaversCollar","Runic Pyramid"],"picked":"Black Blood"}],"items_purged_floors":[10],"is_endless":false,"potions_floor_spawned":[12,13,14,16,18,20],"killed_by":"Slavers","ascension_level":8}}