{"host":"t75twhtg6c476ygg","time":1609787502,"event":{"mods":["AchievementEnabler","BaseMod","Colored Powertips","Minty Spire (QoL Compilation)","Quick Restart","Relic Stats","StSLib","SuperFastMode"],"gold_per_floor":[114,114,129,155,3,32,32,65,113,127,146,146,171,195,195,315,315,338,248,104,104,117,152,152,176,222,262,262,262],"floor_reached":28,"playtime":732,"items_purged":["Strike_G"],"score":308,"play_id":"f533ff89-0eb3-470b-a79a-c96a034e5e40","local_time":"20210104191142","is_ascension_mode":true,"campfire_choices":[{"data":"Accuracy","floor":12,"key":"SMITH"},{"data":"Blade Dance","floor":15,"key":"SMITH"},{"data":"Riddle With Holes","floor":24,"key":"SMITH"}],"circlet_count":0,"master_deck":["Strike_G","Strike_G","Defend_G","Defend_G","Defend_G","Defend_G","Survivor","Neutralize","Cloak And Dagger+1","Blade Dance+1","Riddle With Holes+1","Accuracy+1","Corpse Explosion","Infinite Blades"],"relics":["Ring of the Snake","NeowsBlessing","Omamori","Sling","Lantern","Golden Idol","Bag of Marbles","Ancient Tea Set","Empty Cage","Singing Bowl","Snake Skull","Smiling Mask"],"acts_visited":["Exordium","TheCity"],"potions_floor_usage":[11,16],"damage_taken":[{"damage":0.0,"enemies":"Jaw Worm","floor":1.0,"turns":1.0},{"damage":0,"enemies":"Cultist","floor":3,"turns":1},{"damage":0,"enemies":"Lagavulin","floor":6,"turns":1},{"damage":20,"enemies":"Gremlin Nob","floor":8,"turns":4},{"damage":0,"enemies":"Small Slimes","floor":10,"turns":2},{"damage":1,"enemies":"Exordium Thugs","floor":11,"turns":4},{"damage":0,"enemies":"Blue Slaver","floor":13,"turns":3},{"damage":0,"enemies":"3 Louse","floor":14,"turns":1},{"damage":38,"enemies":"The Guardian","floor":16,"turns":11},{"damage":0,"enemies":"3 Byrds","floor":18,"turns":1},{"damage":0,"enemies":"Chosen","floor":22,"turns":4},{"damage":24,"enemies":"Book of Stabbing","floor":23,"turns":4},{"damage":10,"enemies":"Sentry and Sphere","floor":25,"turns":3},{"damage":29,"enemies":"Gremlin Leader","floor":27,"turns":3},{"damage":17,"enemies":"Snake Plant","floor":28,"turns":2}],"seed_played":"-7299155292674276576","potions_obtained":[{"floor":2,"key":"SteroidPotion"},{"floor":2,"key":"LiquidBronze"},{"floor":2,"key":"Explosive Potion"},{"floor":13,"key":"Ancient Potion"},{"floor":18,"key":"EntropicBrew"}],"is_trial":false,"path_per_floor":["M","?","M","T","$","E","?","E","T","M","M","R","M","M","R","B",null,"M","?","$","?","M","E","R","M","T","E","M"],"character_chosen":"THE_SILENT","items_purchased":["Sling","Infinite Blades"],"campfire_rested":0,"item_purchase_floors":[5,20],"current_hp_per_floor":[70,70,70,70,70,70,53,33,33,33,32,32,32,32,32,53,70,70,70,70,70,70,48,48,40,40,13,0,0],"gold":262,"neow_bonus":"THREE_ENEMY_KILL","is_daily":false,"chose_seed":false,"campfire_upgraded":3,"win_rate":0.0,"timestamp":1609787502,"path_taken":["M","?","?","?","$","E","?","E","T","M","M","R","M","M","R","BOSS","M","?","?","?","M","E","R","M","T","E","M"],"items_purchased_type":["Relic","Card"],"build_version":"2020-12-22","purchased_purges":1,"victory":false,"max_hp_per_floor":[70,70,70,70,70,70,70,70,70,70,70,70,70,70,70,70,70,70,70,70,70,70,72,72,74,74,76,76,76],"relic_stats":{"Singing Bowl":6,"counters":[15,45],"Golden Idol":76,"Snake Skull":[1],"Smiling Mask":0,"obtain_stats":[{"Lantern":6,"NeowsBlessing":0,"Singing Bowl":23,"Golden Idol":7,"Snake Skull":26,"Omamori":4,"Bag of Marbles":8,"Sling":5,"Ancient Tea Set":9,"Empty Cage":17,"Smiling Mask":27,"Ring of the Snake":0},{"Lantern":3,"NeowsBlessing":0,"Singing Bowl":12,"Golden Idol":3,"Snake Skull":13,"Omamori":2,"Bag of Marbles":4,"Sling":2,"Ancient Tea Set":4,"Empty Cage":9,"Smiling Mask":14,"Ring of the Snake":0},{"Lantern":3,"NeowsBlessing":0,"Singing Bowl":37,"Golden Idol":3,"Snake Skull":40,"Omamori":2,"Bag of Marbles":7,"Sling":2,"Ancient Tea Set":7,"Empty Cage":28,"Smiling Mask":43,"Ring of the Snake":0}],"Ring of the Snake":[30]},"card_choices":[{"not_picked":["PiercingWail","Dodge and Roll"],"picked":"Cloak And Dagger","floor":1},{"not_picked":["Underhanded Strike","Flying Knee"],"picked":"Blade Dance","floor":3},{"not_picked":["Heel Hook","Acrobatics"],"picked":"Riddle With Holes","floor":6},{"not_picked":["Deadly Poison","Prepared","Acrobatics"],"picked":"SKIP","floor":8},{"not_picked":["Concentrate","Deflect"],"picked":"Accuracy","floor":10},{"not_picked":["Outmaneuver","Envenom","Dagger Throw"],"picked":"SKIP","floor":11},{"not_picked":["Slice","Tactician","PiercingWail"],"picked":"SKIP","floor":13},{"not_picked":["All Out Attack","Dodge and Roll","Choke"],"picked":"SKIP","floor":14},{"not_picked":["Glass Knife","Malaise"],"picked":"Corpse Explosion","floor":16},{"not_picked":["Acrobatics","Outmaneuver+1","Terror"],"picked":"SKIP","floor":18},{"not_picked":["Deflect+1","Dagger Spray","Leg Sweep"],"picked":"SKIP","floor":22},{"not_picked":["Concentrate","Quick Slash","All Out Attack"],"picked":"Singing Bowl","floor":23},{"not_picked":["Deflect","Concentrate","Predator"],"picked":"Singing Bowl","floor":25},{"not_picked":["Quick Slash","Crippling Poison","Deadly Poison+1"],"picked":"Singing Bowl","floor":27}],"player_experience":217195,"relics_obtained":[{"floor":4,"key":"Omamori"},{"floor":6,"key":"Lantern"},{"floor":8,"key":"Bag of Marbles"},{"floor":9,"key":"Ancient Tea Set"},{"floor":23,"key":"Singing Bowl"},{"floor":26,"key":"Snake Skull"},{"floor":27,"key":"Smiling Mask"}],"event_choices":[{"damage_healed":0,"gold_gain":0,"player_choice":"Got Potions","damage_taken":0,"max_hp_gain":0,"max_hp_loss":0,"event_name":"Lab","floor":2,"gold_loss":0},{"damage_healed":0,"gold_gain":0,"player_choice":"Take Damage","damage_taken":17,"relics_obtained":["Golden Idol"],"max_hp_gain":0,"max_hp_loss":0,"event_name":"Golden Idol","floor":7,"gold_loss":0},{"cards_removed":["Defend_G"],"damage_healed":0,"gold_gain":0,"player_choice":"Upgrade and Remove","damage_taken":0,"max_hp_gain":0,"max_hp_loss":0,"event_name":"Designer","floor":19,"gold_loss":90,"cards_upgraded":["Cloak And Dagger"]},{"damage_healed":0,"gold_gain":0,"player_choice":"Ignored","damage_taken":0,"max_hp_gain":0,"max_hp_loss":0,"event_name":"Vampires","floor":21,"gold_loss":0}],"is_beta":false,"boss_relics":[{"not_picked":["HoveringKite","SacredBark"],"picked":"Empty Cage"}],"items_purged_floors":[20],"is_endless":false,"potions_floor_spawned":[8,10,13,14,18,22],"killed_by":"Snake Plant","ascension_level":1}}