{"host":"e48gchmu8shm63ip","time":1609802063,"event":{"mods":["Abigail Mod","AchievementEnabler","Act Like it!","Bartender","BaseMod","Better Match","Better Note","Better Vampires","CapriCore","DeckTracker","Exacting","Fireblade Mod","Gensokyo","Googly Eyes","Hallownest","Hermit","HololiveMod","Infinite Spire","Jorbs\u0027s Wanderer Trilogy","Koishi","Marisa????????","Minty Spire (QoL Compilation)","Railgun Mod","Rare Cards Sparkle","Relic Filter","Robot Space Explorer","Shade Mod","StSLib","The Animator","The Caster","The Construct","The Death Knight","The Dragon Tamer","The Forsaken","The Immortal","The Judge","The Marked","The Poker Player","The Servant 0.9.4","TheFirefly","TheLocksmith","TheSwordswoman","Waifu the Spire"],"gold_per_floor":[117,117,131,131,141,175,201,201,228,253,265,265,282,282,282,401,401,417,433,67,67,67,101,114,129,129,146,159,159,159,69,69,172,172,201,213,230,155,155,155,181,341,341,95,95,95],"floor_reached":45,"playtime":4241,"items_purged":["hermit:Defend_Hermit","hermit:Defend_Hermit"],"score":550,"play_id":"d8f18297-0996-4a3e-a973-a709f612fcd2","local_time":"20210105001423","is_ascension_mode":false,"campfire_choices":[{"floor":8,"key":"REST"},{"data":"infinitespire:Punishment","floor":15,"key":"SMITH"},{"floor":30,"key":"REST"},{"data":"hermit:PistolWhip","floor":32,"key":"SMITH"},{"floor":40,"key":"REST"}],"circlet_count":0,"master_deck":["hermit:Strike_Hermit","hermit:Strike_Hermit","hermit:Defend_Hermit+1","hermit:Defend_Hermit+1","hermit:Snapshot+1","hermit:Dive+1","hermit:BigShot+1","hermit:Enervate","hermit:PistolWhip+1","infinitespire:Punishment+1","hermit:Deadeye","hermit:TakeAim","hermit:Dive+1","hermit:Enervate","hermit:ShadowCloak+1","hermit:Dissolve","hermit:GhostlyPresence"],"relics":["hermit:Momento","Mercury Hourglass","War Paint","infinitespire:Beetle Shell","Empty Cage","theForsaken:Lifeblossom","Orrery","Incense Burner","MutagenicStrength","Hallownest:GodTamersBeastRelic","Happy Flower"],"acts_visited":["Exordium","TheCity","TheCity"],"potions_floor_usage":[42,45,45],"damage_taken":[{"damage":1,"enemies":"Jaw Worm","floor":1,"turns":3},{"damage":3,"enemies":"Small Slimes","floor":3,"turns":3},{"damage":0,"enemies":"Cultist","floor":5,"turns":3},{"damage":40,"enemies":"Gremlin Nob","floor":6,"turns":6},{"damage":0,"enemies":"Looter","floor":7,"turns":2},{"damage":10,"enemies":"3 Sentries","floor":10,"turns":10},{"damage":0,"enemies":"Blue Slaver","floor":11,"turns":2},{"damage":1,"enemies":"Lots of Slimes","floor":13,"turns":2},{"damage":38,"enemies":"Slime Boss","floor":16,"turns":7},{"damage":10,"enemies":"Shell Parasite","floor":18,"turns":3},{"damage":12,"enemies":"2 Thieves","floor":19,"turns":3},{"damage":23,"enemies":"Book of Stabbing","floor":23,"turns":6},{"damage":15,"enemies":"Shelled Parasite and Fungi","floor":24,"turns":5},{"damage":0,"enemies":"Centurion and Healer","floor":25,"turns":4},{"damage":0,"enemies":"Cultist and Chosen","floor":27,"turns":6},{"damage":11,"enemies":"Sentry and Sphere","floor":28,"turns":5},{"damage":51,"enemies":"Champ","floor":33,"turns":11},{"damage":22,"enemies":"Hallownest:2_Littles","floor":35,"turns":5},{"damage":17,"enemies":"Hallownest:3_Siblings","floor":36,"turns":11},{"damage":34,"enemies":"Hallownest:monsterPrimalAspid","floor":37,"turns":5},{"damage":0,"enemies":"Hallownest:eliteCollector","floor":41,"turns":11},{"damage":8,"enemies":"Hallownest:eliteCollector","floor":42,"turns":7},{"damage":15,"enemies":"Hallownest:eliteCollector","floor":42,"turns":6},{"damage":58,"enemies":"Hallownest:eliteCollector","floor":42,"turns":9},{"damage":0,"enemies":"Hallownest:eliteCollector","floor":42,"turns":2},{"damage":24,"enemies":"Hallownest:2_Soldiers_and_1_Guardian","floor":45,"turns":1}],"seed_played":"624060445202313293","potions_obtained":[{"floor":3,"key":"DuplicationPotion"},{"floor":5,"key":"PowerPotion"},{"floor":7,"key":"DuplicationPotion"},{"floor":18,"key":"Regen Potion"}],"is_trial":false,"path_per_floor":["M","?","M","?","M","E","M","R","T","E","M","?","M","?","R","B",null,"M","M","$","?","$","E","M","M","T","M","M","?","R","?","R","B",null,"M","M","M","$","?","R","E","?","T","$","M"],"character_chosen":"HERMIT","items_purchased":["theForsaken:Lifeblossom","hermit:TakeAim","Orrery","Happy Flower"],"campfire_rested":3,"item_purchase_floors":[20,20,20,44],"current_hp_per_floor":[81,81,78,78,78,38,38,62,62,52,52,52,75,75,75,49,82,72,60,60,60,60,43,34,40,40,46,41,41,65,65,65,20,82,63,52,24,24,24,48,54,19,19,19,0,0],"gold":95,"neow_bonus":"TEN_PERCENT_HP_BONUS","is_daily":false,"chose_seed":false,"campfire_upgraded":2,"win_rate":0.0,"timestamp":1609802063,"path_taken":["M","?","M","?","M","E","M","R","T","E","?","?","M","?","R","BOSS","M","?","$","?","?","E","?","M","T","M","M","?","R","?","R","BOSS","M","?","M","$","?","R","E","?","T","?","M"],"items_purchased_type":["Relic","Card","Relic","Relic"],"build_version":"2020-12-22","purchased_purges":2,"victory":false,"max_hp_per_floor":[82,82,82,82,82,82,82,82,82,82,82,82,82,82,82,82,82,82,82,82,82,82,82,82,82,82,82,82,82,82,82,82,82,82,82,82,82,82,82,82,82,82,82,82,82,82],"card_choices":[{"not_picked":["hermit:HighCaliber","hermit:FullyLoaded"],"picked":"hermit:Dive","floor":1},{"not_picked":["hermit:HoleUp","hermit:GoldenBullet"],"picked":"hermit:BigShot","floor":3},{"not_picked":["hermit:Desperado","hermit:Feint","hermit:HoleUp"],"picked":"SKIP","floor":5},{"not_picked":["hermit:Virtue","hermit:Shortfuse","hermit:Feint"],"picked":"SKIP","floor":6},{"not_picked":["hermit:CalledShot","hermit:Grudge"],"picked":"hermit:Enervate","floor":7},{"not_picked":["hermit:Showdown","hermit:NoHoldsBarred"],"picked":"hermit:PistolWhip","floor":10},{"not_picked":["hermit:CalledShot","hermit:TakeCover","hermit:Misfire"],"picked":"SKIP","floor":11},{"not_picked":["infinitespire:Oblivion","infinitespire:Menacing"],"picked":"infinitespire:Punishment","floor":12},{"not_picked":["hermit:ItchyTrigger","hermit:Shortfuse","hermit:Misfire"],"picked":"SKIP","floor":13},{"not_picked":["hermit:Desperado+1","hermit:EyeOfTheStorm"],"picked":"hermit:Deadeye","floor":18},{"not_picked":["hermit:FullyLoaded","hermit:Desperado","hermit:Headshot"],"picked":"SKIP","floor":19},{"not_picked":["hermit:Malice","hermit:Manifest"],"picked":"hermit:Dive+1","floor":20},{"not_picked":["hermit:Gestalt","hermit:Dive+1"],"picked":"hermit:Enervate","floor":23},{"not_picked":["hermit:TrackingShot","hermit:Cheat","hermit:Manifest"],"picked":"SKIP","floor":24},{"not_picked":["hermit:Manifest+1","hermit:LowProfile","hermit:CalledShot"],"picked":"SKIP","floor":25},{"not_picked":["hermit:Headshot","hermit:CalledShot"],"picked":"hermit:ShadowCloak+1","floor":27},{"not_picked":["hermit:TakeCover+1","hermit:Desperado","hermit:Manifest"],"picked":"SKIP","floor":28},{"not_picked":["hermit:FinalCanter","hermit:DeadOrAlive"],"picked":"hermit:Dissolve","floor":33},{"not_picked":["hermit:Ricochet+1","hermit:Glare+1"],"picked":"hermit:GhostlyPresence","floor":35},{"not_picked":["hermit:Spite+1","hermit:Glare","hermit:EyeOfTheStorm"],"picked":"SKIP","floor":36},{"not_picked":["hermit:CalledShot+1","hermit:Vantage","hermit:Showdown+1"],"picked":"SKIP","floor":37},{"not_picked":["hermit:Grudge+1","hermit:ItchyTrigger","hermit:Shortfuse"],"picked":"SKIP","floor":41}],"player_experience":604970,"relics_obtained":[{"floor":6,"key":"Mercury Hourglass"},{"floor":9,"key":"War Paint"},{"floor":10,"key":"infinitespire:Beetle Shell"},{"floor":26,"key":"Incense Burner"}],"event_choices":[{"damage_healed":0,"gold_gain":0,"player_choice":"Grow","damage_taken":0,"max_hp_gain":0,"max_hp_loss":0,"event_name":"Living Wall","floor":2,"gold_loss":0,"cards_upgraded":["hermit:Dive"]},{"damage_healed":0,"gold_gain":0,"player_choice":"Forge","damage_taken":0,"max_hp_gain":0,"max_hp_loss":0,"event_name":"Accursed Blacksmith","floor":4,"gold_loss":0,"cards_upgraded":["hermit:Snapshot"]},{"cards_removed":["Hololive_RevenueRecovery","Writhe"],"damage_healed":0,"gold_gain":0,"player_choice":"Removed Curses","damage_taken":0,"max_hp_gain":0,"max_hp_loss":0,"event_name":"Fountain of Cleansing","floor":14,"gold_loss":0},{"damage_healed":0,"gold_gain":0,"player_choice":"Ignored","damage_taken":0,"max_hp_gain":0,"max_hp_loss":0,"event_name":"betterNote:BetterNote","floor":21,"gold_loss":0,"cards_obtained":["Iron Wave"]},{"damage_healed":0,"gold_gain":0,"player_choice":"Inject Mutagens","damage_taken":0,"relics_obtained":["MutagenicStrength"],"max_hp_gain":0,"max_hp_loss":0,"event_name":"Drug Dealer","floor":29,"gold_loss":0},{"cards_removed":["hermit:Covet"],"damage_healed":0,"gold_gain":0,"player_choice":"Upgrade and Remove","damage_taken":0,"max_hp_gain":0,"max_hp_loss":0,"event_name":"Designer","floor":31,"gold_loss":90,"cards_upgraded":["hermit:BigShot"]}],"is_beta":false,"boss_relics":[{"not_picked":["Astrolabe","Fusion Hammer"],"picked":"Empty Cage"},{"not_picked":["hermit:DentedPlate","Velvet Choker","Philosopher\u0027s Stone"]}],"items_purged_floors":[38,44],"is_endless":false,"potions_floor_spawned":[3,5,7,16,18,19,24,33,35,41,42,42],"killed_by":"Hallownest:2_Soldiers_and_1_Guardian","ascension_level":0}}