{"host":"m3rs92yjkwi06hli","time":1609771735,"event":{"mods":["Act Like it!","Aspiration","BaseMod","Colored Map","Conspire","Defuse TimeMaze Blight","Duelist Mod","Energized Spire","Hubris","Infinite Spire","Minty Spire (QoL Compilation)","Relic Stats","Replay The Spire","Spicy Shops","StSLib"],"gold_per_floor":[136,311,311,325,341,371,371,13,13,13,36,36,68,84,84,182,182,202,202,219,219,219,248,259,259,332,358,378,388,259,269,269,372,372,382,399,1,0,0,0,29,29,29,29,48,48,48,48,48,48,48,48,48],"floor_reached":52,"playtime":1790,"items_purged":["Doubt"],"score":989,"play_id":"83603b29-fb46-423f-baf6-375f1f0d43ee","local_time":"20210104084855","is_ascension_mode":true,"campfire_choices":[{"data":"theDuelist:Raigeki","floor":7,"key":"SMITH"},{"data":"theDuelist:LordD","floor":12,"key":"SMITH"},{"data":"theDuelist:YamataDragon","floor":15,"key":"SMITH"},{"floor":25,"key":"REST"},{"floor":32,"key":"REST"},{"data":"theDuelist:CastleDragonSouls","floor":40,"key":"SMITH"},{"floor":44,"key":"REST"},{"floor":46,"key":"REST"},{"floor":51,"key":"REST"}],"circlet_count":0,"master_deck":["theDuelist:SmashingGround+1","theDuelist:SeismicShockwave+1","theDuelist:Raigeki+1","theDuelist:BerserkScales+1","AscendersBane","theDuelist:BabyDragon","theDuelist:CastleWalls","theDuelist:CastleWalls","theDuelist:CaveDragon","theDuelist:CaveDragon+1","theDuelist:LesserDragon","theDuelist:LesserDragon","theDuelist:Sparks","theDuelist:Sparks","theDuelist:YamataDragon+1","theDuelist:CoralDragon","theDuelist:TwinHeadedFire","theDuelist:MirageDragon","theDuelist:Raigeki+1","theDuelist:LordD+1","theDuelist:DarkHorus","theDuelist:CastleDragonSouls+1","theDuelist:DragonShield","theDuelist:CyberValley","theDuelist:CoralDragon","theDuelist:DragonMirror","theDuelist:SnowDragon","theDuelist:PotGreed","theDuelist:Raigeki+1","theDuelist:TyrantWing","theDuelist:CyberDragonVier","theDuelist:Nameless:Power:KamionTimelord+1"],"relics":["theDuelist:MillenniumPuzzle","theDuelist:CardPoolRelic","theDuelist:CardPoolBasicRelic","theDuelist:BoosterPackPoolRelic","theDuelist:CardPoolAddRelic","theDuelist:CardPoolMinusRelic","theDuelist:CardPoolSaveRelic","theDuelist:CardPoolOptionsRelic","NeowsBlessing","infinitespire:Joker Card","Replay:Baseball","theDuelist:ShopToken","Mummified Hand","Happy Flower","Odd Mushroom","Mirror","Velvet Choker","theDuelist:MillenniumPrayerbook","ReplayTheSpireMod:Shallot","theDuelist:MillenniumArmor","Replay:Bottled Snecko","conspire:RoyalGoblet","theDuelist:MillenniumRing","theDuelist:MillenniumStone","hubris:DeckOfHolding","Golden Egg","Singing Bowl"],"acts_visited":["Exordium","TheCity","TheBeyond"],"potions_floor_usage":[45,52,52],"damage_taken":[{"damage":0,"enemies":"Jaw Worm","floor":1,"turns":1},{"damage":0,"enemies":"infinitespire:Voidling","floor":4,"turns":1},{"damage":0,"enemies":"Small Slimes","floor":5,"turns":1},{"damage":0,"enemies":"Replay:BlueRogue","floor":6,"turns":5},{"damage":0,"enemies":"The Mushroom Lair","floor":11,"turns":3},{"damage":0,"enemies":"Lagavulin","floor":13,"turns":4},{"damage":5,"enemies":"Exordium Thugs","floor":14,"turns":3},{"damage":0,"enemies":"Hexaghost","floor":16,"turns":5},{"damage":8,"enemies":"Spheric Guardian","floor":18,"turns":3},{"damage":12,"enemies":"2 Thieves","floor":20,"turns":3},{"damage":16,"enemies":"Gremlin Leader","floor":23,"turns":8},{"damage":6,"enemies":"Snecko","floor":24,"turns":3},{"damage":16,"enemies":"Book of Stabbing","floor":27,"turns":5},{"damage":0,"enemies":"Shelled Parasite and Fungi","floor":28,"turns":4},{"damage":0,"enemies":"Cultist and Chosen","floor":29,"turns":5},{"damage":0,"enemies":"Sentry and Sphere","floor":31,"turns":3},{"damage":29,"enemies":"Collector","floor":33,"turns":7},{"damage":0,"enemies":"3 Shapes","floor":35,"turns":5},{"damage":0,"enemies":"Orb Walker","floor":36,"turns":3},{"damage":31,"enemies":"Reptomancer","floor":41,"turns":6},{"damage":51,"enemies":"Transient","floor":45,"turns":5},{"damage":56,"enemies":"infinitespire:MassOfShapes","floor":52,"turns":6}],"seed_played":"-423176573225058498","potions_obtained":[{"floor":1,"key":"theDuelist:BottledKuriboh"},{"floor":5,"key":"theDuelist:SummonArmorPotion"},{"floor":6,"key":"theDuelist:BottledKuriboh"},{"floor":13,"key":"ColorlessPotion"},{"floor":16,"key":"theDuelist:DebuffFuryPotion"}],"is_trial":false,"path_per_floor":["M","?","?","M","M","E","R","$","T","?","?","R","E","M","R","B",null,"M","?","M","?","?","E","M","R","T","E","M","M","$","M","R","B",null,"M","M","$","?","?","R","E","T","T","R","M","R","PTL","PTL","?","$","R","B"],"character_chosen":"THE_DUELIST","items_purchased":["theDuelist:ShopToken","Mummified Hand","Replay:Bottled Snecko","theDuelist:MillenniumRing","theDuelist:MillenniumStone"],"campfire_rested":5,"item_purchase_floors":[8,8,30,37,37],"current_hp_per_floor":[72,72,72,72,72,72,72,72,72,72,72,72,72,67,67,67,77,69,69,57,42,42,26,20,45,45,29,29,29,29,29,54,25,70,70,70,70,70,70,70,39,39,39,60,11,33,33,33,33,33,55,0,0],"gold":48,"neow_bonus":"THREE_ENEMY_KILL","is_daily":false,"chose_seed":false,"campfire_upgraded":4,"win_rate":0.0,"timestamp":1609771735,"path_taken":["M","?","?","M","?","E","R","$","T","?","?","R","E","M","R","BOSS","M","?","M","?","?","E","M","R","T","E","M","M","$","M","R","BOSS","M","M","$","?","?","R","E","?","T","R","M","R","PTL","PTL","?","?","R","BOSS"],"items_purchased_type":["Relic","Relic","Relic","Relic","Relic"],"build_version":"2020-12-22","purchased_purges":1,"victory":false,"max_hp_per_floor":[80,80,80,80,80,80,80,80,80,80,80,80,80,80,80,80,80,80,80,80,85,85,85,85,85,85,85,85,85,85,85,85,85,85,85,85,73,73,73,73,73,73,73,73,75,75,75,75,75,75,75,75,75],"relic_stats":{"Happy Flower":[27],"Singing Bowl":2,"counters":[22,89],"Mummified Hand":[44],"obtain_stats":[{"theDuelist:MillenniumArmor":27,"Golden Egg":42,"conspire:RoyalGoblet":34,"Singing Bowl":43,"theDuelist:MillenniumPuzzle":0,"theDuelist:BoosterPackPoolRelic":0,"Mummified Hand":8,"hubris:DeckOfHolding":41,"theDuelist:CardPoolAddRelic":0,"theDuelist:CardPoolOptionsRelic":0,"Replay:Bottled Snecko":30,"theDuelist:CardPoolRelic":0,"NeowsBlessing":0,"Happy Flower":9,"Velvet Choker":17,"infinitespire:Joker Card":3,"theDuelist:CardPoolSaveRelic":0,"theDuelist:ShopToken":8,"Odd Mushroom":11,"theDuelist:MillenniumRing":37,"theDuelist:CardPoolMinusRelic":0,"Replay:Baseball":6,"ReplayTheSpireMod:Shallot":26,"theDuelist:MillenniumPrayerbook":23,"theDuelist:CardPoolBasicRelic":0,"theDuelist:MillenniumStone":37,"Mirror":13},{"theDuelist:MillenniumArmor":13,"Golden Egg":20,"conspire:RoyalGoblet":17,"Singing Bowl":20,"theDuelist:MillenniumPuzzle":0,"theDuelist:BoosterPackPoolRelic":0,"Mummified Hand":4,"hubris:DeckOfHolding":20,"theDuelist:CardPoolAddRelic":0,"theDuelist:CardPoolOptionsRelic":0,"Replay:Bottled Snecko":15,"theDuelist:CardPoolRelic":0,"NeowsBlessing":0,"Happy Flower":4,"Velvet Choker":8,"infinitespire:Joker Card":1,"theDuelist:CardPoolSaveRelic":0,"theDuelist:ShopToken":4,"Odd Mushroom":5,"theDuelist:MillenniumRing":19,"theDuelist:CardPoolMinusRelic":0,"Replay:Baseball":4,"ReplayTheSpireMod:Shallot":12,"theDuelist:MillenniumPrayerbook":11,"theDuelist:CardPoolBasicRelic":0,"theDuelist:MillenniumStone":19,"Mirror":6},{"theDuelist:MillenniumArmor":45,"Golden Egg":78,"conspire:RoyalGoblet":64,"Singing Bowl":78,"theDuelist:MillenniumPuzzle":0,"theDuelist:BoosterPackPoolRelic":0,"Mummified Hand":8,"hubris:DeckOfHolding":78,"theDuelist:CardPoolAddRelic":0,"theDuelist:CardPoolOptionsRelic":0,"Replay:Bottled Snecko":54,"theDuelist:CardPoolRelic":0,"NeowsBlessing":0,"Happy Flower":8,"Velvet Choker":23,"infinitespire:Joker Card":1,"theDuelist:CardPoolSaveRelic":0,"theDuelist:ShopToken":8,"Odd Mushroom":11,"theDuelist:MillenniumRing":72,"theDuelist:CardPoolMinusRelic":0,"Replay:Baseball":8,"ReplayTheSpireMod:Shallot":40,"theDuelist:MillenniumPrayerbook":37,"theDuelist:CardPoolBasicRelic":0,"theDuelist:MillenniumStone":72,"Mirror":15}]},"card_choices":[{"not_picked":["theDuelist:BlizzardDragon","theDuelist:MadFlameKaiju","theDuelist:SilverWing","theDuelist:WhiteHornDragon"],"picked":"theDuelist:CoralDragon","floor":1},{"not_picked":["theDuelist:AncientPixieDragon","theDuelist:BusterDrake","theDuelist:DefenseZone","theDuelist:DragonPiper"],"picked":"theDuelist:TwinHeadedFire","floor":4},{"not_picked":["theDuelist:ViceDragon","theDuelist:BabyDragon","theDuelist:DefenseZone","theDuelist:Anthrosaurus"],"picked":"theDuelist:MirageDragon","floor":5},{"not_picked":["theDuelist:BattleguardKing","theDuelist:ForbiddenLance","theDuelist:RainbowOverdragon","theDuelist:SmashingGround"],"picked":"theDuelist:Raigeki","floor":6},{"not_picked":["theDuelist:Pyrorex","theDuelist:BlackPtera","theDuelist:SphereChaos","theDuelist:Babycerasaurus"],"picked":"theDuelist:LordD","floor":11},{"not_picked":["theDuelist:EvilMind","theDuelist:BlackVeloci","theDuelist:BlackTyranno","theDuelist:BlackBrutdrago"],"picked":"theDuelist:DarkHorus","floor":13},{"not_picked":["theDuelist:MadSwordBeast","theDuelist:Kabazauls","theDuelist:HazyFlameHydra","theDuelist:BlackTyranno","theDuelist:Beatraptor"],"picked":"SKIP","floor":14},{"not_picked":["theDuelist:VoidOgreDragon","theDuelist:StardustDragon","theDuelist:QueenDragunDjinn","theDuelist:BlasterDragonInfernos"],"picked":"theDuelist:BerserkScales","floor":16},{"not_picked":["theDuelist:TyrantWing+1","theDuelist:DragonRavine","theDuelist:ArtifactSanctum","theDuelist:JurassicImpact+1"],"picked":"theDuelist:CastleDragonSouls","floor":18},{"not_picked":["theDuelist:TwinHeadedFire","theDuelist:Pyrorex","theDuelist:VeilDarkness","theDuelist:Babycerasaurus"],"picked":"theDuelist:DragonShield","floor":20},{"not_picked":["theDuelist:BigFire","theDuelist:DarkCreator","theDuelist:SmashingGround","theDuelist:YellowBelliedOni"],"picked":"theDuelist:Raigeki","floor":23},{"not_picked":["theDuelist:TornadoDragon","theDuelist:HazyFlameHydra","theDuelist:DefenseZone","theDuelist:BusterDrake"],"picked":"theDuelist:CyberValley","floor":24},{"not_picked":["theDuelist:Hydrogeddon","theDuelist:BlackPtera","theDuelist:Freezadon","theDuelist:BlueEyesUltimate"],"picked":"theDuelist:CoralDragon","floor":27},{"not_picked":["theDuelist:SpiralSpearStrike","theDuelist:MoltenDestruction","theDuelist:DragonTreasure","theDuelist:ArtifactIgnition"],"picked":"theDuelist:DragonMirror","floor":28},{"not_picked":["theDuelist:Beatraptor","theDuelist:SafeZone","theDuelist:DefenseZone+1","theDuelist:Hydrogeddon"],"picked":"theDuelist:SnowDragon","floor":29},{"not_picked":["theDuelist:LightningDarts+1","theDuelist:PreventRat+1","theDuelist:BattleguardKing","theDuelist:DarkFactory+1"],"picked":"theDuelist:PotGreed","floor":31},{"not_picked":["theDuelist:VoidOgreDragon","theDuelist:Scapegoat+1","theDuelist:QueenDragunDjinn","theDuelist:BlueDuston"],"picked":"theDuelist:SeismicShockwave","floor":33},{"not_picked":["theDuelist:BattleguardKing","theDuelist:BigFire","theDuelist:LightningDarts+1","theDuelist:RainbowOverdragon"],"picked":"theDuelist:SmashingGround","floor":35},{"not_picked":["theDuelist:RainbowOverdragon","theDuelist:HarpieFeather","theDuelist:YamiForm+1","theDuelist:YellowBelliedOni+1"],"picked":"theDuelist:Raigeki+1","floor":36},{"not_picked":["theDuelist:RedEyesZombie","theDuelist:BusterBlader+1","theDuelist:FrostflameDragon+1","theDuelist:CyberDragonNachster+1"],"picked":"theDuelist:CyberDragonVier","floor":41},{"not_picked":["theDuelist:Kabazauls+1","theDuelist:CyberTwinDragon","theDuelist:BarrelDragon+1","theDuelist:TrihornedDragon","theDuelist:BlackPtera+1"],"picked":"Singing Bowl","floor":45}],"player_experience":849167,"relics_obtained":[{"floor":6,"key":"Replay:Baseball"},{"floor":9,"key":"Happy Flower"},{"floor":11,"key":"Odd Mushroom"},{"floor":13,"key":"Mirror"},{"floor":23,"key":"theDuelist:MillenniumPrayerbook"},{"floor":26,"key":"ReplayTheSpireMod:Shallot"},{"floor":27,"key":"theDuelist:MillenniumArmor"},{"floor":41,"key":"hubris:DeckOfHolding"},{"floor":42,"key":"Golden Egg"},{"floor":43,"key":"Singing Bowl"}],"event_choices":[{"damage_healed":0,"gold_gain":175,"player_choice":"AGREE","damage_taken":0,"max_hp_gain":0,"max_hp_loss":0,"event_name":"Liars Game","floor":2,"gold_loss":0,"cards_obtained":["Doubt"]},{"damage_healed":0,"gold_gain":0,"player_choice":"Gave Potion","damage_taken":0,"relics_obtained":["infinitespire:Joker Card"],"max_hp_gain":0,"max_hp_loss":0,"event_name":"WeMeetAgain","floor":3,"gold_loss":0},{"damage_healed":0,"gold_gain":0,"player_choice":"Fought Mushrooms","damage_taken":0,"max_hp_gain":0,"max_hp_loss":0,"event_name":"Mushrooms","floor":11,"gold_loss":0},{"damage_healed":0,"gold_gain":0,"player_choice":"Ignored","damage_taken":0,"max_hp_gain":0,"max_hp_loss":0,"event_name":"Ghosts","floor":19,"gold_loss":0},{"damage_healed":0,"gold_gain":0,"player_choice":"Shed Blood","damage_taken":20,"max_hp_gain":5,"max_hp_loss":0,"event_name":"Forgotten Altar","floor":21,"gold_loss":0},{"damage_healed":0,"gold_gain":0,"player_choice":"Ignored","damage_taken":0,"max_hp_gain":0,"max_hp_loss":0,"event_name":"Vampires","floor":22,"gold_loss":0},{"damage_healed":0,"gold_gain":0,"player_choice":"Purchased Tyrant Wing for 1 Gold.","duelist":true,"damage_taken":0,"max_hp_gain":0,"max_hp_loss":0,"event_name":"Card Trader","floor":38,"gold_loss":0},{"damage_healed":0,"gold_gain":0,"player_choice":"Leave","duelist":true,"damage_taken":0,"max_hp_gain":0,"max_hp_loss":0,"event_name":"Egyptian Village","floor":39,"gold_loss":0},{"power_reward":4,"total_magic_score":100,"gold_gain":0,"duelist":true,"damage_taken":0,"relics_obtained":[],"points":8,"max_hp_gain":0,"max_hp_loss":0,"spent_points":{"magic":0,"greed":0,"war":4,"power":4,"hunger":0},"event_name":"Nameless Tomb","floor":49,"gold_loss":0,"cards_obtained":["theDuelist:Nameless:Power:KamionTimelord"]}],"is_beta":false,"boss_relics":[{"not_picked":["Fusion Hammer","ReplayTheSpireMod:DimensionalGlitch"],"picked":"Velvet Choker"},{"not_picked":["Runic Cube","Snecko Eye"],"picked":"conspire:RoyalGoblet"}],"items_purged_floors":[8],"is_endless":false,"potions_floor_spawned":[1,5,6,13,16,20,23,24,35,41],"killed_by":"infinitespire:MassOfShapes","ascension_level":10}}