{"host":"njb27ds59h4j3ikk","time":1609736569,"event":{"mods":["AchievementEnabler","BaseMod","Better Altar","Better Match","Better Note","Better Sensory Stone","Better Skull","Better Third Choice","BetterRewards","Downfall","Hermit","Hubris","Minty Spire (QoL Compilation)","Permanent Neow","Quarter Circle Forward PUNCH!","Quick Restart","Rare Cards Sparkle","Replay The Spire","Shop Mod","StSLib","Trackpad","Transform Curses"],"gold_per_floor":[116,116,166,166,177,177,12,43,43,55,385,400,400,413,413,512,512,523,138,138,157,174,205,205,236,284,319,289,364,364,364,364],"floor_reached":30,"playtime":1722,"items_purged":["sneckomod:Bewildered"],"score":565,"play_id":"e75f22ea-8ec3-4143-9662-dc1709437d80","local_time":"20210104000249","is_ascension_mode":true,"campfire_choices":[{"data":"champ:FalseCounter","floor":6.0,"key":"SMITH"},{"data":"champ:DefensiveShout","floor":15.0,"key":"SMITH"},{"floor":24.0,"key":"RECALL"}],"circlet_count":0,"master_deck":["champ:Execute","champ:Taunt+1","champ:DefensiveStyle","champ:TornadoPunch+1","champ:DefensiveShout+1","champ:VampiricStrike+1","ReplayTheSpireMod:Trickstab+1","champ:PerfectedStrike+1","champ:FalseCounter+1","champ:Duel+1","Injury","Hallucinations","champ:HeartStrike+1","champ:AdrenalArmor","Hallucinations","champ:ShieldThrow+1","champ:Aggression","Replay:Hysterical Blindness","champ:GladiatorStyle","champ:SteelEdge+1","champ:CheapShot+1","champ:ShieldSlam+1","champ:PerfectedStrike+1","champ:ArenaPreparation","champ:CrookedStrike+1","champ:BerserkerStyle","champ:Balance","champ:Balance","champ:BladeFlurry+1","champ:RecklessLeap+1","ReplayTheSpireMod:Faulty Equipment","champ:RapidStrikes+1","champ:AdrenalArmor+1","champ:DeathBlow+1","Normality","champ:GladiatorStyle+1","Slimebound:Icky","hubris:Compulsion"],"relics":["champ:ChampionCrown","Replay:Mystery Machine","Turnip","InkBottle","Molten Egg 2","Strange Spoon","Ring of Peace","Ring of Greed","The Courier","Blue Doll","Spirit Poop","ReplayTheSpireMod:CursedCoin","qcfpunch:Necklace_of_Skulls","Smiling Mask","Pandora\u0027s Box","MerchantsRug","Garlic","Quantum Egg","ReplayTheSpireMod:Ninjato","Pen Nib","Bottled Flame"],"acts_visited":["Exordium","TheCity"],"potions_floor_usage":[30,30],"damage_taken":[{"damage":0.0,"enemies":"2 Louse","floor":1.0,"turns":1.0},{"damage":0.0,"enemies":"Small Slimes","floor":5.0,"turns":2.0},{"damage":10.0,"enemies":"Lagavulin","floor":8.0,"turns":7.0},{"damage":0.0,"enemies":"Cultist","floor":10.0,"turns":2.0},{"damage":24.0,"enemies":"3 Sentries","floor":11.0,"turns":5.0},{"damage":0.0,"enemies":"3 Louse","floor":12.0,"turns":3.0},{"damage":2.0,"enemies":"2 Fungi Beasts","floor":14.0,"turns":2.0},{"damage":38.0,"enemies":"Fading Forest","floor":16.0,"turns":11.0},{"damage":12.0,"enemies":"Chosen","floor":18.0,"turns":4.0},{"damage":5.0,"enemies":"Shell Parasite","floor":21.0,"turns":2.0},{"damage":25.0,"enemies":"Sentry and Sphere","floor":22.0,"turns":3.0},{"damage":38.0,"enemies":"Slavers","floor":23.0,"turns":5.0},{"damage":41.0,"enemies":"Replay:Snechameleon","floor":25.0,"turns":6.0},{"damage":62.0,"enemies":"Slavers","floor":27.0,"turns":6.0},{"damage":39,"enemies":"Gremlin Leader","floor":30,"turns":6}],"seed_played":"-5051514420529294955","potions_obtained":[{"floor":5.0,"key":"Ancient Potion"},{"floor":8.0,"key":"sneckomod:MuddlingPotion"},{"floor":10.0,"key":"Elixir"},{"floor":11.0,"key":"Fire Potion"},{"floor":21.0,"key":"Swift Potion"},{"floor":22.0,"key":"Weak Potion"},{"floor":27.0,"key":"Milkshake"},{"floor":28.0,"key":"hexamod:EctoCoolerPotion"},{"floor":28.0,"key":"CultistPotion"}],"is_trial":false,"path_per_floor":["M","?","?","?","M","R","$","E","T","M","E","M","?","M","R","B",null,"M","$","?","M","M","E","R","E","T","E","?","?","E"],"character_chosen":"THE_CHAMP","items_purchased":["Replay:Mystery Machine","InkBottle","champ:DefensiveStyle","champ:TornadoPunch","champ:DefensiveShout","Molten Egg 2","Strange Spoon","champ:VampiricStrike+1","ReplayTheSpireMod:Trickstab+1","champ:PerfectedStrike+1","ReplayTheSpireMod:CursedCoin","qcfpunch:Necklace_of_Skulls","Whetstone","MerchantsRug","Garlic","champ:RecklessLeap+1"],"campfire_rested":0,"item_purchase_floors":[0,0,0,0,0,0,0,0,0,0,7,7,7,19,19,19],"current_hp_per_floor":[90,90,90,90,90,90,90,80,80,89,90,90,95,95,95,78,95,95,95,95,95,95,74,74,59,59,29,29,20,0,0,0],"gold":364,"neow_bonus":"","is_daily":false,"chose_seed":false,"campfire_upgraded":2,"win_rate":0.0,"timestamp":1609736569,"path_taken":["M","?","?","?","M","R","$","E","T","M","E","?","?","M","R","BOSS","M","$","?","M","?","E","R","E","T","E","?","?","E"],"items_purchased_type":["Relic","Relic","Card","Card","Card","Relic","Relic","Card","Card","Card","Relic","Relic","Relic","Relic","Relic","Card"],"build_version":"2020-12-22","purchased_purges":1,"victory":false,"max_hp_per_floor":[90,90,90,90,90,90,90,90,90,90,90,90,95,95,95,95,95,95,95,95,95,95,95,95,95,95,95,95,95,95,95,95],"card_choices":[{"not_picked":["champ:TornadoPunch+1","champ:Backstep"],"picked":"champ:FalseCounter","floor":1.0},{"not_picked":["champ:AdrenalArmor","champ:Encircle+1"],"picked":"champ:Duel+1","floor":5.0},{"not_picked":["champ:DefensiveStyle","champ:Circumvent"],"picked":"champ:HeartStrike+1","floor":8.0},{"not_picked":["champ:CrookedStrike+1","champ:DefensiveShout"],"picked":"champ:AdrenalArmor","floor":10.0},{"not_picked":["champ:Aggression","champ:Shatter+1"],"picked":"champ:ShieldThrow+1","floor":11.0},{"not_picked":["champ:BerserkersShout","champ:StanceDance"],"picked":"champ:Aggression","floor":12.0},{"not_picked":["champ:PerfectedStrike+1","champ:BringItOn"],"picked":"champ:GladiatorStyle","floor":14.0},{"not_picked":["champ:Devastate+1","champ:MurderStrike+1"],"picked":"champ:SteelEdge+1","floor":16.0},{"not_picked":["champ:FlashCut+1","champ:GladiatorsShout"],"picked":"champ:BladeFlurry+1","floor":18.0},{"not_picked":["champ:PreciseThrust+1","champ:Circumvent"],"picked":"champ:RapidStrikes+1","floor":21.0},{"not_picked":["champ:Haymaker+1","champ:Backstep"],"picked":"champ:AdrenalArmor+1","floor":22.0},{"not_picked":["champ:Aggression+1","champ:DefensiveShout","champ:SwordSigil"],"picked":"SKIP","floor":23.0},{"not_picked":["champ:RageSigil","champ:Backstep"],"picked":"champ:DeathBlow+1","floor":25.0},{"not_picked":["champ:Aggression","champ:Balance"],"picked":"champ:GladiatorStyle+1","floor":27.0}],"player_experience":1207742,"relics_obtained":[{"floor":3.0,"key":"Ring of Peace"},{"floor":3.0,"key":"Ring of Greed"},{"floor":3.0,"key":"The Courier"},{"floor":3.0,"key":"Blue Doll"},{"floor":8.0,"key":"Potion Belt"},{"floor":9.0,"key":"Smiling Mask"},{"floor":11.0,"key":"Old Coin"},{"floor":20.0,"key":"Quantum Egg"},{"floor":23.0,"key":"ReplayTheSpireMod:Ninjato"},{"floor":25.0,"key":"Pen Nib"},{"floor":27.0,"key":"Bottled Flame"}],"event_choices":[{"cards_removed":["Looming Evil"],"damage_healed":0.0,"max_hp_gain":0.0,"max_hp_loss":0.0,"gold_gain":0.0,"event_name":"Bonfire Elementals","player_choice":"Offered Curse","floor":4.0,"gold_loss":0.0,"damage_taken":0.0,"relics_obtained":["Spirit Poop"]},{"damage_healed":0.0,"max_hp_gain":5.0,"max_hp_loss":0.0,"gold_gain":0.0,"event_name":"Big Fish","player_choice":"Donut","floor":13.0,"gold_loss":0.0,"damage_taken":0.0},{"damage_healed":0.0,"max_hp_gain":0.0,"max_hp_loss":0.0,"gold_gain":0.0,"event_name":"Wheel of Change","player_choice":"Relic","floor":20.0,"gold_loss":0.0,"damage_taken":0.0},{"damage_healed":0.0,"max_hp_gain":0.0,"max_hp_loss":0.0,"gold_gain":0.0,"event_name":"The Woman in Blue","player_choice":"Bought 2 Potions","floor":28.0,"gold_loss":0.0,"damage_taken":0.0},{"damage_healed":0.0,"max_hp_gain":0.0,"max_hp_loss":0.0,"gold_gain":75.0,"event_name":"FaceTrader","player_choice":"Touch","floor":29.0,"gold_loss":0.0,"damage_taken":9.0}],"is_beta":false,"boss_relics":[{"not_picked":["Honey Jar","Kintsugi"],"picked":"Pandora\u0027s Box"}],"items_purged_floors":[19],"is_endless":false,"potions_floor_spawned":[5,8,10,11,21,22,27],"killed_by":"Gremlin Leader","ascension_level":1}}