{"host":"27tk4xseidcli2mr","time":1609790372,"event":{"mods":["2.2 Compatiblity","AchievementEnabler","Aspiration","BaseMod","Better Third Choice","Conspire","Custom Start","Downfall","Hubris","Infinite Spire","Jorbs\u0027s Wanderer Trilogy","Minty Spire (QoL Compilation)","Replay The Spire","StSLib","SuperFastMode","[IsaacMod]????"],"gold_per_floor":[126,160,184,27,53,146,146,206,206,206,206,206,206,244,244,286,286],"floor_reached":16,"playtime":488,"items_purged":[],"score":220,"play_id":"6e6fd549-a42b-4df5-931d-cd3f84b060bf","local_time":"20210104205932","is_ascension_mode":true,"campfire_choices":[{"floor":7,"key":"REST"},{"floor":10,"key":"REST"},{"floor":15,"key":"REST"}],"circlet_count":0,"master_deck":["AscendersBane","Strike_B","Strike_B","Strike_B","Strike_B","Defend_B","Defend_B","Defend_B","Defend_B","Zap","Dualcast","Blizzard","Coolheaded","Ball Lightning","Crystallizer","Tempest+1","Doom and Gloom"],"relics":["Cracked Core","HushsDoor","SalivaCoin","aspiration:Nostalgia","m_SnakeBloodCore","Chemical X","SharpPlug","conspire:Dentures","infinitespire:SolderingIron"],"acts_visited":["Exordium"],"potions_floor_usage":[6,16],"damage_taken":[{"damage":1,"enemies":"Cultist","floor":1,"turns":4},{"damage":6,"enemies":"Small Slimes","floor":2,"turns":4},{"damage":2,"enemies":"Jaw Worm","floor":3,"turns":3},{"damage":6,"enemies":"Looter","floor":5,"turns":4},{"damage":45,"enemies":"3 Sentries","floor":6,"turns":8},{"damage":35,"enemies":"Lagavulin","floor":8,"turns":9},{"damage":11,"enemies":"3 Louse","floor":14,"turns":2},{"damage":44,"enemies":"Fading Forest","floor":16,"turns":7}],"seed_played":"-3368896837763522521","potions_obtained":[{"floor":5,"key":"Venom Potion"},{"floor":14,"key":"DistilledChaos"}],"is_trial":false,"path_per_floor":["M","M","M","$","M","E","R","E","T","R","?","?","?","M","R","B"],"character_chosen":"DEFECT","items_purchased":["Chemical X"],"campfire_rested":3,"item_purchase_floors":[4],"current_hp_per_floor":[66,63,64,64,61,19,40,8,8,29,29,29,29,21,42,0,0],"gold":286,"neow_bonus":"NOSTALGIA","is_daily":false,"chose_seed":false,"campfire_upgraded":0,"win_rate":0.0,"timestamp":1609790372,"path_taken":["M","?","M","$","M","E","R","E","T","R","?","?","?","M","R","BOSS"],"items_purchased_type":["Relic"],"build_version":"2020-12-22","purchased_purges":0,"victory":false,"max_hp_per_floor":[71,71,71,71,71,71,71,71,71,71,71,71,71,71,71,71,71],"card_choices":[{"not_picked":["Beam Cell","ReplayTheSpireMod:System Scan","Havoc"],"picked":"SKIP","floor":1},{"not_picked":["Perfected Strike","Havoc"],"picked":"Blizzard","floor":2},{"not_picked":["Auto Shields","ReplayTheSpireMod:Reroute Power"],"picked":"Coolheaded","floor":3},{"not_picked":["Turbo","Undo"],"picked":"Ball Lightning","floor":5},{"not_picked":["Stack","Compile Driver"],"picked":"Crystallizer","floor":6},{"not_picked":["BootSequence","Conserve Battery"],"picked":"Tempest","floor":8},{"not_picked":["Streamline","Heatsinks"],"picked":"Doom and Gloom","floor":14}],"player_experience":1270302,"relics_obtained":[{"floor":6,"key":"SharpPlug"},{"floor":8,"key":"conspire:Dentures"},{"floor":9,"key":"infinitespire:SolderingIron"}],"event_choices":[{"damage_healed":0,"gold_gain":0,"player_choice":"Ignored","damage_taken":0,"max_hp_gain":0,"max_hp_loss":0,"event_name":"Golden Idol","floor":13,"gold_loss":0}],"is_beta":false,"boss_relics":[],"items_purged_floors":[],"is_endless":false,"potions_floor_spawned":[5,14],"killed_by":"Fading Forest","ascension_level":20}}