{"host":"yvlk1m4foro8gl4v","time":1609793079,"event":{"mods":["AchievementEnabler","Act Like it!","BaseMod","Minty Spire (QoL Compilation)","Relic Stats","StSLib","The Servant 0.9.4","Uncapped"],"gold_per_floor":[110,110,9,9,29,69,17,17,72,72,116,128,178,206,218,358,370,395,407,434,48,61,61,61,61,61,61,81,81,105,105,105],"floor_reached":31,"playtime":1147,"items_purged":["Strike_R"],"score":400,"play_id":"fca4c5e2-f576-431c-a283-a6c9b518e464","local_time":"20210104204439","is_ascension_mode":true,"campfire_choices":[{"data":"Demon Form","floor":8,"key":"SMITH"},{"data":"Heavy Blade","floor":15,"key":"SMITH"},{"floor":23,"key":"REST"},{"data":"Armaments","floor":25,"key":"SMITH"},{"floor":29,"key":"REST"}],"circlet_count":0,"master_deck":["Strike_R","Strike_R","Strike_R","Strike_R","Defend_R","Defend_R","Defend_R+1","Bash","Seeing Red","Rupture","Armaments+1","Sword Boomerang","Demon Form+1","Heavy Blade+1","Pummel","Fiend Fire","Hemokinesis","Burning Pact+1","Spot Weakness+1","Writhe","Doubt","Impervious"],"relics":["Burning Blood","NeowsBlessing","Golden Idol","Turnip","Dream Catcher","MawBank","Vajra","Cursed Key","Pear","War Paint","Smiling Mask"],"acts_visited":["Exordium","TheCity"],"potions_floor_usage":[20,28],"damage_taken":[{"damage":0,"enemies":"Small Slimes","floor":1,"turns":1},{"damage":0,"enemies":"2 Louse","floor":5,"turns":1},{"damage":0,"enemies":"Lagavulin","floor":6,"turns":1},{"damage":45,"enemies":"3 Sentries","floor":11,"turns":9},{"damage":20,"enemies":"Lagavulin","floor":13,"turns":6},{"damage":0,"enemies":"Cultist","floor":14,"turns":2},{"damage":41,"enemies":"The Guardian","floor":16,"turns":8},{"damage":15,"enemies":"Chosen","floor":18,"turns":5},{"damage":19,"enemies":"3 Byrds","floor":20,"turns":5},{"damage":33,"enemies":"Snake Plant","floor":22,"turns":4},{"damage":40,"enemies":"3 Cultists","floor":28,"turns":4},{"damage":30,"enemies":"Shelled Parasite and Fungi","floor":30,"turns":4},{"damage":11,"enemies":"Centurion and Healer","floor":31,"turns":1}],"seed_played":"-6071657943141215768","potions_obtained":[{"floor":1,"key":"LiquidMemories"},{"floor":14,"key":"Dexterity Potion"},{"floor":16,"key":"Block Potion"},{"floor":20,"key":"BlessingOfTheForge"},{"floor":30,"key":"SpeedPotion"}],"is_trial":false,"path_per_floor":["M","?","$","?","M","E","$","R","T","?","E","?","E","M","R","B",null,"M","?","M","$","M","R","?","R","T","?","M","R","M","M"],"character_chosen":"IRONCLAD","items_purchased":["Rupture","Armaments","Heavy Blade","Hemokinesis","Pear"],"campfire_rested":2,"item_purchase_floors":[3,3,7,21,21],"current_hp_per_floor":[78,58,58,51,57,63,63,63,63,63,24,50,36,42,42,7,62,53,53,40,50,23,50,50,50,50,41,7,34,10,0,0],"gold":105,"neow_bonus":"THREE_ENEMY_KILL","is_daily":false,"chose_seed":false,"campfire_upgraded":3,"win_rate":0.0,"timestamp":1609793079,"path_taken":["M","?","$","?","M","E","$","R","T","?","E","?","E","M","R","BOSS","M","?","M","$","M","R","?","R","T","?","?","R","M","M"],"items_purchased_type":["Card","Card","Card","Card","Relic"],"build_version":"2020-12-22","purchased_purges":1,"victory":false,"max_hp_per_floor":[80,80,80,80,80,80,80,80,80,80,80,80,80,80,80,80,80,80,80,80,90,90,90,90,90,90,90,90,90,90,90,90],"relic_stats":{"Dream Catcher":2,"counters":[13,51],"Golden Idol":76,"Turnip":[2],"War Paint":["Defend_R","Burning Pact"],"MawBank":120,"Cursed Key":1,"Smiling Mask":0,"obtain_stats":[{"Dream Catcher":9,"Pear":21,"NeowsBlessing":0,"Golden Idol":2,"Vajra":13,"Turnip":6,"War Paint":24,"MawBank":11,"Cursed Key":17,"Smiling Mask":26,"Burning Blood":0},{"Dream Catcher":3,"Pear":9,"NeowsBlessing":0,"Golden Idol":1,"Vajra":5,"Turnip":3,"War Paint":10,"MawBank":4,"Cursed Key":7,"Smiling Mask":10,"Burning Blood":0},{"Dream Catcher":3,"Pear":38,"NeowsBlessing":0,"Golden Idol":1,"Vajra":18,"Turnip":3,"War Paint":42,"MawBank":12,"Cursed Key":28,"Smiling Mask":42,"Burning Blood":0}],"Burning Blood":72},"card_choices":[{"not_picked":["Infernal Blade","Thunderclap"],"picked":"Seeing Red","floor":1},{"not_picked":["Burning Pact","Perfected Strike"],"picked":"Sword Boomerang","floor":5},{"not_picked":["Inflame","Warcry"],"picked":"Demon Form","floor":6},{"not_picked":["True Grit","Thunderclap","Twin Strike"],"picked":"SKIP","floor":11},{"not_picked":["Fire Breathing","Pommel Strike"],"picked":"Pummel","floor":13},{"not_picked":["Heavy Blade","Blood for Blood","Sentinel"],"picked":"SKIP","floor":14},{"not_picked":["Double Tap","Immolate"],"picked":"Fiend Fire","floor":16},{"not_picked":["Uppercut+1","Pommel Strike","Body Slam"],"picked":"SKIP","floor":18},{"not_picked":["Dark Embrace","Pommel Strike","Uppercut"],"picked":"SKIP","floor":20},{"not_picked":["Perfected Strike+1","Havoc+1"],"picked":"Burning Pact","floor":22},{"not_picked":["Anger","Pommel Strike+1"],"picked":"Spot Weakness+1","floor":23},{"not_picked":["Bloodletting","Sword Boomerang+1","Heavy Blade"],"picked":"SKIP","floor":28},{"not_picked":["Headbutt","Feel No Pain+1"],"picked":"Impervious","floor":30}],"player_experience":720133,"relics_obtained":[{"floor":6,"key":"Turnip"},{"floor":9,"key":"Dream Catcher"},{"floor":11,"key":"MawBank"},{"floor":13,"key":"Vajra"},{"floor":26,"key":"Smiling Mask"}],"event_choices":[{"damage_healed":0,"gold_gain":0,"player_choice":"Take Damage","damage_taken":20,"relics_obtained":["Golden Idol"],"max_hp_gain":0,"max_hp_loss":0,"event_name":"Golden Idol","floor":2,"gold_loss":0},{"cards_removed":["Defend_R"],"damage_healed":0,"gold_gain":0,"player_choice":"Card Removal","damage_taken":7,"max_hp_gain":0,"max_hp_loss":0,"event_name":"Golden Wing","floor":4,"gold_loss":0},{"damage_healed":0,"gold_gain":0,"player_choice":"Ignored","damage_taken":0,"max_hp_gain":0,"max_hp_loss":0,"event_name":"Liars Game","floor":10,"gold_loss":0},{"damage_healed":26,"gold_gain":0,"player_choice":"Banana","damage_taken":0,"max_hp_gain":0,"max_hp_loss":0,"event_name":"Big Fish","floor":12,"gold_loss":0},{"damage_healed":0,"gold_gain":0,"player_choice":"Ignored","damage_taken":0,"max_hp_gain":0,"max_hp_loss":0,"event_name":"Ghosts","floor":19,"gold_loss":0},{"damage_healed":0,"gold_gain":0,"player_choice":"Opened","damage_taken":0,"relics_obtained":["War Paint"],"max_hp_gain":0,"max_hp_loss":0,"event_name":"The Mausoleum","floor":24,"gold_loss":0,"cards_obtained":["Writhe"]},{"damage_healed":0,"gold_gain":0,"player_choice":"Damaged","damage_taken":9,"max_hp_gain":0,"max_hp_loss":0,"event_name":"Wheel of Change","floor":27,"gold_loss":0}],"is_beta":false,"boss_relics":[{"not_picked":["Mark of Pain","Calling Bell"],"picked":"Cursed Key"}],"items_purged_floors":[21],"is_endless":false,"potions_floor_spawned":[1,14,16,20,30],"killed_by":"Centurion and Healer","ascension_level":9}}