{"host":"3a1ypf1irl30q4k8","time":1609782619,"event":{"mods":["AchievementEnabler","BaseMod","Bestiary","Colored Map","Minty Spire (QoL Compilation)","Relic Stats"],"gold_per_floor":[115,127,127,146,164,164,24,24,50,50,62,62,81,45,45,142,142,155,173,188,32,50,50,75,75,75,75,75,92,92,109,109,206,206,220,220,220,89,89,108,128,55,108,133,133,133],"floor_reached":45,"playtime":2270,"items_purged":["Strike_G"],"score":529,"play_id":"420fa846-3bda-4fb7-a629-6b62183f5d82","local_time":"20210104175019","is_ascension_mode":true,"campfire_choices":[{"data":"A Thousand Cuts","floor":6.0,"key":"SMITH"},{"data":"Blade Dance","floor":8.0,"key":"SMITH"},{"data":"Footwork","floor":10.0,"key":"SMITH"},{"data":"Accuracy","floor":15.0,"key":"SMITH"},{"floor":23.0,"key":"REST"},{"data":"Dash","floor":25.0,"key":"SMITH"},{"data":"Backflip","floor":27.0,"key":"SMITH"},{"data":"Corpse Explosion","floor":30.0,"key":"SMITH"},{"data":"Leg Sweep","floor":32.0,"key":"SMITH"}],"circlet_count":0,"master_deck":["Strike_G","Strike_G","Strike_G","Strike_G","Defend_G","Defend_G","Defend_G","Defend_G","Defend_G","Neutralize","A Thousand Cuts+1","Blade Dance+1","Cloak And Dagger","Well Laid Plans","Slice","Footwork+1","Backflip+1","Dagger Spray","Deflect","Accuracy+1","Corpse Explosion+1","Infinite Blades","Quick Slash","Bandage Up","Backflip","Dash+1","Leg Sweep+1","Backstab","After Image+1","Accuracy+1","PiercingWail","Dash+1","Caltrops+1","Writhe","Blade Dance+1"],"relics":["Ring of the Snake","Akabeko","Snecko Eye","MealTicket","Frozen Egg 2","Cursed Key","Shuriken"],"acts_visited":["Exordium","TheCity","TheBeyond"],"potions_floor_usage":[],"damage_taken":[{"damage":2.0,"enemies":"2 Louse","floor":1.0,"turns":3.0},{"damage":3.0,"enemies":"Jaw Worm","floor":2.0,"turns":5.0},{"damage":2.0,"enemies":"Cultist","floor":4.0,"turns":5.0},{"damage":10.0,"enemies":"Lots of Slimes","floor":5.0,"turns":4.0},{"damage":8.0,"enemies":"Red Slaver","floor":11.0,"turns":2.0},{"damage":0.0,"enemies":"3 Louse","floor":13.0,"turns":1.0},{"damage":15.0,"enemies":"Hexaghost","floor":16.0,"turns":9.0},{"damage":0.0,"enemies":"3 Byrds","floor":18.0,"turns":1.0},{"damage":32.0,"enemies":"Spheric Guardian","floor":19.0,"turns":6.0},{"damage":12.0,"enemies":"Snecko","floor":20.0,"turns":4.0},{"damage":18.0,"enemies":"Snake Plant","floor":22.0,"turns":4.0},{"damage":0.0,"enemies":"Slavers","floor":24.0,"turns":3.0},{"damage":0.0,"enemies":"Cultist and Chosen","floor":29.0,"turns":5.0},{"damage":4.0,"enemies":"Snecko","floor":31.0,"turns":5.0},{"damage":28.0,"enemies":"Champ","floor":33.0,"turns":10.0},{"damage":0.0,"enemies":"Orb Walker","floor":35.0,"turns":5.0},{"damage":2.0,"enemies":"3 Shapes","floor":40.0,"turns":5.0},{"damage":23.0,"enemies":"Sphere and 2 Shapes","floor":41.0,"turns":6.0},{"damage":47,"enemies":"Nemesis","floor":44,"turns":7},{"damage":33,"enemies":"Spire Growth","floor":45,"turns":5}],"seed_played":"8317637494120703012","potions_obtained":[{"floor":2.0,"key":"Regen Potion"},{"floor":4.0,"key":"EssenceOfSteel"},{"floor":13.0,"key":"Regen Potion"},{"floor":19.0,"key":"PowerPotion"},{"floor":24.0,"key":"Explosive Potion"},{"floor":29.0,"key":"LiquidBronze"},{"floor":41.0,"key":"Explosive Potion"}],"is_trial":false,"path_per_floor":["M","M","?","M","M","R","$","R","T","R","M","?","M","$","R","B",null,"M","M","M","$","M","R","E","R","T","R","$","M","R","M","R","B",null,"M","?","?","$","?","M","M","$","T","E","M"],"character_chosen":"THE_SILENT","items_purchased":["Footwork","Backflip","Dagger Spray","Accuracy","Bandage Up","Accuracy+1","PiercingWail","Caltrops+1"],"campfire_rested":1,"item_purchase_floors":[7,7,7,14,21,38,38,42],"current_hp_per_floor":[47,44,44,42,44,44,44,44,44,44,36,41,41,41,41,26,75,75,43,31,31,29,51,55,55,55,55,70,74,74,70,70,46,75,75,75,75,75,75,73,54,69,69,26,0,0],"gold":133,"neow_bonus":"THREE_RARE_CARDS","is_daily":false,"chose_seed":false,"campfire_upgraded":8,"win_rate":0.0,"timestamp":1609782619,"path_taken":["M","M","?","M","M","R","$","R","T","R","M","?","?","?","R","BOSS","M","M","M","$","M","R","E","R","T","R","?","?","R","M","R","BOSS","M","?","?","$","?","M","M","$","T","E","?"],"items_purchased_type":["Card","Card","Card","Card","Card","Card","Card","Card"],"build_version":"2020-12-22","purchased_purges":1,"victory":false,"max_hp_per_floor":[70,70,70,70,70,70,70,70,70,70,70,75,75,75,75,75,75,75,75,75,75,75,75,75,75,75,75,75,75,75,75,75,75,75,75,75,75,75,75,75,75,75,75,75,75,75],"relic_stats":{"counters":[20,95],"Shuriken":[1],"Snecko Eye":[142,121,128,121],"MealTicket":30,"Cursed Key":1,"obtain_stats":[{"Shuriken":44,"Snecko Eye":17,"MealTicket":24,"Frozen Egg 2":26,"Cursed Key":34,"Akabeko":9,"Ring of the Snake":0},{"Shuriken":19,"Snecko Eye":7,"MealTicket":12,"Frozen Egg 2":12,"Cursed Key":15,"Akabeko":4,"Ring of the Snake":0},{"Shuriken":90,"Snecko Eye":29,"MealTicket":47,"Frozen Egg 2":47,"Cursed Key":67,"Akabeko":17,"Ring of the Snake":0}],"Ring of the Snake":[40]},"card_choices":[{"not_picked":["Storm of Steel","Doppelganger"],"picked":"A Thousand Cuts","floor":0.0},{"not_picked":["Bane","Heel Hook"],"picked":"Blade Dance","floor":1.0},{"not_picked":["Underhanded Strike","Skewer"],"picked":"Cloak And Dagger","floor":2.0},{"not_picked":["PiercingWail","Flechettes"],"picked":"Well Laid Plans","floor":4.0},{"not_picked":["Acrobatics","Masterful Stab"],"picked":"Slice","floor":5.0},{"not_picked":["Predator","Setup"],"picked":"Deflect","floor":11.0},{"not_picked":["Underhanded Strike","Choke","Endless Agony"],"picked":"SKIP","floor":13.0},{"not_picked":["Venomology","Envenom"],"picked":"Corpse Explosion","floor":16.0},{"not_picked":["Flying Knee","Dagger Throw"],"picked":"Infinite Blades","floor":18.0},{"not_picked":["Prepared","Acrobatics","Noxious Fumes"],"picked":"SKIP","floor":19.0},{"not_picked":["Reflex","Concentrate"],"picked":"Quick Slash","floor":20.0},{"not_picked":["Bane","Flying Knee+1"],"picked":"Backflip","floor":22.0},{"not_picked":["Crippling Poison","Outmaneuver+1"],"picked":"Dash","floor":24.0},{"not_picked":["Dagger Spray+1","Quick Slash+1"],"picked":"Leg Sweep","floor":29.0},{"not_picked":["Slice+1","Calculated Gamble"],"picked":"Backstab","floor":31.0},{"not_picked":["A Thousand Cuts+1","Tools of the Trade+1"],"picked":"After Image+1","floor":33.0},{"not_picked":["Dodge and Roll+1","Bane+1","Prepared"],"picked":"SKIP","floor":35.0},{"not_picked":["Eviscerate+1","Flying Knee+1","Prepared+1"],"picked":"SKIP","floor":40.0},{"not_picked":["Expertise","Deadly Poison","Endless Agony"],"picked":"SKIP","floor":41.0},{"not_picked":["Choke","Dagger Throw"],"picked":"Blade Dance+1","floor":44}],"player_experience":968933,"relics_obtained":[{"floor":9.0,"key":"Akabeko"},{"floor":24.0,"key":"MealTicket"},{"floor":26.0,"key":"Frozen Egg 2"},{"floor":44,"key":"Shuriken"}],"event_choices":[{"damage_healed":0.0,"max_hp_gain":0.0,"max_hp_loss":0.0,"gold_gain":0.0,"event_name":"Scrap Ooze","player_choice":"Fled","floor":3.0,"gold_loss":0.0,"damage_taken":0.0},{"damage_healed":0.0,"max_hp_gain":5.0,"max_hp_loss":0.0,"gold_gain":0.0,"event_name":"Big Fish","player_choice":"Donut","floor":12.0,"gold_loss":0.0,"damage_taken":0.0},{"damage_healed":0.0,"max_hp_gain":0.0,"max_hp_loss":0.0,"gold_gain":0.0,"event_name":"Tomb of Lord Red Mask","player_choice":"Ignored","floor":36.0,"gold_loss":0.0,"damage_taken":0.0},{"cards_removed":["Survivor"],"damage_healed":0.0,"max_hp_gain":0.0,"max_hp_loss":0.0,"gold_gain":0.0,"event_name":"Falling","player_choice":"Removed Skill","floor":37.0,"gold_loss":0.0,"damage_taken":0.0},{"damage_healed":0.0,"max_hp_gain":0.0,"max_hp_loss":0.0,"gold_gain":0.0,"event_name":"Duplicator","player_choice":"Copied","floor":39.0,"gold_loss":0.0,"damage_taken":0.0,"cards_obtained":["Dash"]}],"is_beta":false,"boss_relics":[{"not_picked":["Coffee Dripper","Busted Crown"],"picked":"Snecko Eye"},{"not_picked":["Astrolabe","Philosopher\u0027s Stone"],"picked":"Cursed Key"}],"items_purged_floors":[21],"is_endless":false,"potions_floor_spawned":[2,4,13,19,24,29,41],"killed_by":"Spire Growth","ascension_level":1}}