{"host":"kabf61oc9jgfwufg","time":1609777758,"event":{"mods":["AchievementEnabler","Act Like it!","Aspiration","BaseMod","Conspire","GifTheSpireLib","Halation","HexUI Lib","Hubris","Infinite Spire","Minty Spire (QoL Compilation)","Pale of the Ancients","Rare Cards Sparkle","Replay The Spire","StSLib","The Jungle"],"gold_per_floor":[116,129,149,149,149,149,149,230,230,244,263,284,302,316,316,316,316],"floor_reached":16,"playtime":557,"items_purged":[],"score":106,"play_id":"9f2ef551-f923-46f7-ad9e-5614ac560cb6","local_time":"20210104162918","is_ascension_mode":false,"campfire_choices":[{"data":"Eruption","floor":6,"key":"SMITH"},{"floor":15,"key":"REST"}],"circlet_count":0,"master_deck":["Strike_P","Strike_P","Strike_P","Defend_P","Defend_P","Defend_P","Defend_P","Eruption+1","Vigilance","Injury","CommonCold","FollowUp","DeusExMachina","Consecrate","FlurryOfBlows","DeceiveReality"],"relics":["PureWater","NeowsBlessing","Golden Idol","ReplayTheSpireMod:Ring of Addiction","Toy Ornithopter","Potion Belt","ReplayTheSpireMod:Ring of Challenge","aspiration:HummingbirdHeart","halation:KoshaPiece"],"acts_visited":["Exordium"],"potions_floor_usage":[8,8,10,11,12,16],"damage_taken":[{"damage":0,"enemies":"Jaw Worm","floor":1,"turns":1},{"damage":0,"enemies":"2 Louse","floor":2,"turns":1},{"damage":0,"enemies":"Small Slimes","floor":3,"turns":1},{"damage":43,"enemies":"Gremlin Nob","floor":8,"turns":6},{"damage":23,"enemies":"Exordium Wildlife","floor":10,"turns":8},{"damage":2,"enemies":"3 Louse","floor":11,"turns":6},{"damage":8,"enemies":"Lots of Slimes","floor":12,"turns":3},{"damage":0,"enemies":"Gremlin Gang","floor":13,"turns":4},{"damage":9,"enemies":"Exordium Thugs","floor":14,"turns":4},{"damage":45,"enemies":"Slime Boss","floor":16,"turns":7}],"seed_played":"-1212486638932420001","potions_obtained":[{"floor":2,"key":"LiquidBronze"},{"floor":7,"key":"BottledMiracle"},{"floor":7,"key":"Block Potion"},{"floor":7,"key":"Energy Potion"},{"floor":10,"key":"FearPotion"},{"floor":11,"key":"Regen Potion"}],"is_trial":false,"path_per_floor":["M","M","M","?","?","R","?","E","T","M","M","M","M","M","R","B"],"character_chosen":"WATCHER","items_purchased":[],"campfire_rested":1,"item_purchase_floors":[],"current_hp_per_floor":[72,72,72,72,72,72,72,34,34,16,19,25,25,16,37,0,0],"gold":316,"neow_bonus":"THREE_ENEMY_KILL","is_daily":false,"chose_seed":false,"campfire_upgraded":1,"win_rate":0.0,"timestamp":1609777758,"path_taken":["M","M","M","?","?","R","?","E","T","M","M","M","M","M","R","BOSS"],"items_purchased_type":[],"build_version":"2020-12-22","purchased_purges":0,"victory":false,"max_hp_per_floor":[72,72,72,72,72,72,72,72,72,72,72,72,72,72,72,70,70],"card_choices":[{"not_picked":["Halt","Evaluate","SashWhip"],"picked":"SKIP","floor":1},{"not_picked":["Replay:AtTheReady","SignatureMove","Meditate"],"picked":"SKIP","floor":2},{"not_picked":["Ragnarok","Evaluate","Replay:ManipulateFuture"],"picked":"SKIP","floor":3},{"not_picked":["ThirdEye","LikeWater","Fasting2"],"picked":"SKIP","floor":8},{"not_picked":["Replay:ManipulateFuture","Replay:Cycle"],"picked":"FollowUp","floor":10},{"not_picked":["Protect","JustLucky"],"picked":"DeusExMachina","floor":11},{"not_picked":["Replay:Vibes","Replay:AtTheReady"],"picked":"Consecrate","floor":12},{"not_picked":["FollowUp","Crescendo"],"picked":"FlurryOfBlows","floor":13},{"not_picked":["Worship","FlyingSleeves"],"picked":"DeceiveReality","floor":14}],"player_experience":32869,"relics_obtained":[{"floor":7,"key":"ReplayTheSpireMod:Ring of Addiction"},{"floor":7,"key":"Toy Ornithopter"},{"floor":7,"key":"Potion Belt"},{"floor":7,"key":"ReplayTheSpireMod:Ring of Challenge"},{"floor":8,"key":"aspiration:HummingbirdHeart"},{"floor":9,"key":"halation:KoshaPiece"}],"event_choices":[{"cards_removed":["Strike_P"],"damage_healed":0,"gold_gain":0,"player_choice":"Forget","damage_taken":0,"max_hp_gain":0,"max_hp_loss":0,"event_name":"Living Wall","floor":4,"gold_loss":0},{"damage_healed":0,"gold_gain":0,"player_choice":"Take Wound","damage_taken":0,"relics_obtained":["Golden Idol"],"max_hp_gain":0,"max_hp_loss":0,"event_name":"Golden Idol","floor":5,"gold_loss":0,"cards_obtained":["Injury"]}],"is_beta":false,"boss_relics":[],"items_purged_floors":[],"is_endless":false,"potions_floor_spawned":[2,10,11],"killed_by":"Slime Boss","ascension_level":0}}