{"host":"lvhfn8l5bvc4nolx","time":1609757650,"event":{"mods":["AchievementEnabler","BaseMod","Colored Map","Keyboard Shortcuts","Minty Spire (QoL Compilation)","Permanent Neow","Quick Restart","SuperFastMode"],"gold_per_floor":[366,380,8,28,44,44,44,72,122,132,32,46,46,63,63,159,159,170,184,201,201,213,213,213],"floor_reached":23,"playtime":514,"items_purged":["Strike_P","Defend_P"],"score":300,"play_id":"e6535dfb-64bd-4b59-a0a4-d63ddfb9a3f9","local_time":"20210104195410","is_ascension_mode":true,"campfire_choices":[{"data":"Eruption","floor":6.0,"key":"SMITH"},{"data":"Halt","floor":13,"key":"SMITH"},{"floor":15,"key":"REST"}],"circlet_count":0,"master_deck":["Strike_P","Strike_P","Strike_P","Defend_P","Defend_P","Eruption+1","Vigilance+1","Halt+1","FollowUp","Consecrate","WheelKick","InnerPeace+1","EmptyFist","CrushJoints","LessonLearned","Perseverance+1","Adaptation","MentalFortress"],"relics":["PureWater","Sundial","Toxic Egg 2","Dream Catcher","Cursed Key"],"acts_visited":["Exordium","TheCity"],"potions_floor_usage":[16,20,23],"damage_taken":[{"damage":0.0,"enemies":"2 Louse","floor":1.0,"turns":4.0},{"damage":0.0,"enemies":"Cultist","floor":2.0,"turns":3.0},{"damage":4.0,"enemies":"Small Slimes","floor":4.0,"turns":4.0},{"damage":19.0,"enemies":"Exordium Wildlife","floor":5.0,"turns":3.0},{"damage":30.0,"enemies":"Lagavulin","floor":8.0,"turns":4.0},{"damage":0.0,"enemies":"Large Slime","floor":10.0,"turns":2.0},{"damage":3.0,"enemies":"Looter","floor":12.0,"turns":2.0},{"damage":8,"enemies":"2 Fungi Beasts","floor":14,"turns":3},{"damage":18,"enemies":"Hexaghost","floor":16,"turns":9},{"damage":19,"enemies":"2 Thieves","floor":18,"turns":3},{"damage":22,"enemies":"Shell Parasite","floor":19,"turns":4},{"damage":1,"enemies":"Snake Plant","floor":20,"turns":4},{"damage":0,"enemies":"Chosen and Byrds","floor":22,"turns":1},{"damage":7,"enemies":"Slavers","floor":23,"turns":1}],"seed_played":"-1760716361370924503","potions_obtained":[{"floor":5.0,"key":"ColorlessPotion"},{"floor":8.0,"key":"LiquidMemories"},{"floor":12.0,"key":"BottledMiracle"},{"floor":18,"key":"DistilledChaos"},{"floor":19,"key":"BlessingOfTheForge"},{"floor":22,"key":"PowerPotion"}],"is_trial":false,"path_per_floor":["M","M","$","M","M","R","?","E","T","M","$","M","R","M","R","B",null,"M","M","M","$","M","E"],"character_chosen":"WATCHER","items_purchased":["Sundial","Consecrate"],"campfire_rested":1,"item_purchase_floors":[3,3],"current_hp_per_floor":[65,65,65,61,42,42,42,12,12,12,12,9,9,1,20,2,49,30,8,7,7,7,0,0],"gold":213,"neow_bonus":"TWO_FIFTY_GOLD","is_daily":false,"chose_seed":false,"campfire_upgraded":2,"win_rate":0.0,"timestamp":1609757650,"path_taken":["M","M","$","M","M","R","?","E","T","M","$","M","R","?","R","BOSS","M","M","M","$","M","E"],"items_purchased_type":["Relic","Card"],"build_version":"2020-12-22","purchased_purges":2,"victory":false,"max_hp_per_floor":[65,65,65,65,65,65,65,65,65,65,65,65,65,65,65,65,65,65,65,65,65,65,65,65],"card_choices":[{"not_picked":["FlurryOfBlows","Perseverance"],"picked":"Halt","floor":1.0},{"not_picked":["SashWhip","Protect"],"picked":"FollowUp","floor":2.0},{"not_picked":["Indignation","BowlingBash"],"picked":"WheelKick","floor":4.0},{"not_picked":["SashWhip","Swivel","EmptyBody"],"picked":"SKIP","floor":5.0},{"not_picked":["Blasphemy+1","FlyingSleeves"],"picked":"InnerPeace+1","floor":8.0},{"not_picked":["Evaluate+1","SashWhip","Wireheading"],"picked":"SKIP","floor":10.0},{"not_picked":["CrushJoints","Consecrate"],"picked":"EmptyFist","floor":12.0},{"not_picked":["Prostrate+1","EmptyBody+1","Protect+1"],"picked":"SKIP","floor":14},{"not_picked":["ThirdEye+1","Judgement+1"],"picked":"CrushJoints","floor":15},{"not_picked":["DevaForm","Judgement+1"],"picked":"LessonLearned","floor":16},{"not_picked":["WheelKick","EmptyBody+1","CutThroughFate"],"picked":"SKIP","floor":18},{"not_picked":["SashWhip+1","ClearTheMind+1"],"picked":"Perseverance+1","floor":19},{"not_picked":["FollowUp","WindmillStrike"],"picked":"Adaptation","floor":20},{"not_picked":["Prostrate+1","Consecrate"],"picked":"MentalFortress","floor":22}],"player_experience":371993,"relics_obtained":[{"floor":8.0,"key":"Dream Catcher"}],"event_choices":[{"damage_healed":0.0,"max_hp_gain":0.0,"max_hp_loss":0.0,"gold_gain":0.0,"event_name":"WeMeetAgain","player_choice":"Gave Potion","floor":7.0,"gold_loss":0.0,"damage_taken":0.0,"relics_obtained":["Toxic Egg 2"]}],"is_beta":false,"boss_relics":[{"not_picked":["Snecko Eye","Ectoplasm"],"picked":"Cursed Key"}],"items_purged_floors":[3,11],"is_endless":false,"potions_floor_spawned":[5,8,12,18,19,22],"killed_by":"Slavers","ascension_level":7}}