{"host":"tr12w2fixbnujl15","time":1609790138,"event":{"mods":["2.2 Compatiblity","BaseMod","Better Skull","BetterRewards","Colored Powertips","Evolution","Hubris","Infinite Spire","Minty Spire (QoL Compilation)","Quick Restart","Replay The Spire","Shop Mod","StSLib","SuperFastMode","The Necromancer","The Sage","The Senshi","The Servant 0.9.4","The Spell Scribe","TheFirefly","WarShipGirlsR/????R mod"],"gold_per_floor":[114,124,124,124,32,32,6,35,60,60,235,262,287,319,319,417,417,428,447,447,269,269,269,280,280,280,280,280,297,16,6,6,103,103,123,123,321,321,337,337,72,72,95,95,95,95],"floor_reached":45,"playtime":1237,"items_purged":[],"score":511,"play_id":"3bf0d16d-f9ff-47e2-80e4-b61eb367dfdc","local_time":"20210104145538","is_ascension_mode":false,"campfire_choices":[{"data":"Electrodynamics","floor":6,"key":"SMITH"},{"floor":10,"key":"REST"},{"floor":15,"key":"REST"},{"floor":23,"key":"REST"},{"floor":25,"key":"REST"},{"data":"1","floor":27,"key":"LIFT"},{"data":"2","floor":32,"key":"LIFT"},{"floor":40,"key":"REST"},{"floor":42,"key":"REST"},{"floor":44,"key":"REST"}],"circlet_count":0,"master_deck":["Compile Driver","Strike_B+3","Strike_B+2","Strike_B+1","Defend_B+1","Defend_B+1","Defend_B+1","Defend_B+2","Zap","Dualcast","Heatsinks","Static Discharge","Heatsinks","ReplaySort","Ball Lightning","Double Energy","Electrodynamics+1","Sweeping Beam","Sweeping Beam","Conserve Battery","Lockon","Doubt","Thunder Strike","Static Discharge","Echo Form","Beam Cell","Genetic Algorithm+1","Defragment","Replay:Dark Deal","Core Surge","BasicCrystalCard","BasicCrystalCard+1","Thunder Strike","Thunder Strike","Melter","Creative AI","Fusion+1","BasicCrystalCard+1","hubris:InfiniteBlow+11","Time Bomb+1","ReplayUltimateDefense","ReplayUltimateDefense","Genetic Algorithm","Rebound+1"],"relics":["Cracked Core","EVO:Axolotl","Membership Card","Girya","infinitespire:Joker Card","StoneCalendar","Bottled Flame","Simple Rune","Blue Doll","Odd Mushroom","hubris:OldNail","SacredBark","sagemod:Flying_Carpet","hubris:CrystalStatue","Pet Ghost","PreservedInsect","Inserter","hubris:CuriousFeather","hubris:SoftwareUpdate","Dream Catcher"],"acts_visited":["Exordium","TheCity","TheBeyond"],"potions_floor_usage":[13,18,18,24,24,24,33,33,33,45],"damage_taken":[{"damage":4,"enemies":"Cultist","floor":1,"turns":4},{"damage":5,"enemies":"2 Louse","floor":2,"turns":3},{"damage":28,"enemies":"Gremlin Nob","floor":8,"turns":4},{"damage":7,"enemies":"The Mushroom Lair","floor":13,"turns":3},{"damage":31,"enemies":"Lagavulin","floor":14,"turns":4},{"damage":25,"enemies":"Fading Forest","floor":16,"turns":11},{"damage":25,"enemies":"Spheric Guardian","floor":18,"turns":4},{"damage":27,"enemies":"Chosen","floor":19,"turns":4},{"damage":1,"enemies":"Snake Plant","floor":24,"turns":4},{"damage":1,"enemies":"Snecko","floor":29,"turns":4},{"damage":0,"enemies":"Champ","floor":33,"turns":6},{"damage":16,"enemies":"Orb Walker","floor":35,"turns":4},{"damage":10,"enemies":"3 Darklings","floor":39,"turns":4},{"damage":54,"enemies":"R_Hoarder","floor":45,"turns":7}],"seed_played":"-7290364874512420456","potions_obtained":[{"floor":1,"key":"BlessingOfTheForge"},{"floor":2,"key":"Milkshake"},{"floor":16,"key":"ColorlessPotion"},{"floor":18,"key":"Block Potion"},{"floor":19,"key":"Weak Potion"},{"floor":29,"key":"Strength Potion"},{"floor":39,"key":"LiquidBronze"}],"is_trial":false,"path_per_floor":["M","M","?","?","$","R","$","E","T","R","?","T","?","E","R","B",null,"M","M","?","$","?","R","M","R","T","R","?","M","$","?","R","B",null,"M","?","?","AVR","M","R","$","R","T","R","E"],"character_chosen":"DEFECT","items_purchased":["Membership Card","Heatsinks","Static Discharge","Heatsinks","Electrodynamics","Sweeping Beam","Conserve Battery","Defragment","PowerPotion","SkillPotion","Replay:Dark Deal","Pet Ghost","BasicCrystalCard+1","Thunder Strike","Melter","PreservedInsect","Strength Potion","FearPotion","hubris:SoftwareUpdate","ReplayUltimateDefense","Genetic Algorithm","AttackPotion"],"campfire_rested":7,"item_purchase_floors":[0,0,0,0,5,5,7,21,21,21,21,30,30,30,30,30,30,30,41,41,41,41],"current_hp_per_floor":[71,66,51,51,51,51,51,23,23,45,45,45,38,7,29,24,75,50,23,23,23,23,38,37,52,52,52,52,51,51,51,51,51,52,36,36,23,23,13,28,28,43,43,52,0,0],"gold":95,"neow_bonus":"","is_daily":false,"chose_seed":false,"campfire_upgraded":1,"win_rate":0.0,"timestamp":1609790138,"path_taken":["M","?","?","?","$","R","?","E","T","R","?","?","?","E","R","BOSS","M","M","?","$","?","R","M","R","T","R","?","M","$","?","R","BOSS","M","?","?","AVR","M","R","$","R","T","R","E"],"items_purchased_type":["Relic","Card","Card","Card","Card","Card","Card","Card","Potion","Potion","Card","Relic","Card","Card","Card","Relic","Potion","Potion","Relic","Card","Card","Potion"],"build_version":"2020-12-22","purchased_purges":0,"victory":false,"max_hp_per_floor":[75,75,75,75,75,75,75,75,75,75,75,75,75,75,75,75,75,75,75,75,75,52,52,52,52,52,52,52,52,52,52,52,52,52,52,52,52,52,52,52,52,52,52,52,52,52],"card_choices":[{"not_picked":["Turbo","Steam"],"picked":"ReplaySort","floor":1},{"not_picked":["Beam Cell","Redo"],"picked":"Ball Lightning","floor":2},{"not_picked":["Panic Button","BootSequence"],"picked":"Lockon","floor":8},{"not_picked":["ReplayGash","Aggregate"],"picked":"Thunder Strike","floor":13},{"not_picked":["Redo","ReplayRNGCard"],"picked":"Static Discharge","floor":14},{"not_picked":["Mirror Shield","ReplayTheSpireMod:Fabricate Wheel"],"picked":"Echo Form","floor":16},{"not_picked":["Stack","Leap+1"],"picked":"Beam Cell","floor":18},{"not_picked":["Chaos","Ball Lightning"],"picked":"Genetic Algorithm+1","floor":19},{"not_picked":["Melter","Stack"],"picked":"Core Surge","floor":24},{"not_picked":["Crystallizer+1","Fusion+1"],"picked":"BasicCrystalCard","floor":29},{"not_picked":["ReplayTheSpireMod:Fabricate Wheel","Seek"],"picked":"Creative AI","floor":33},{"not_picked":["Crystallizer+1","Tempest+1"],"picked":"Fusion+1","floor":35},{"not_picked":["Reprogram","Defragment+1"],"picked":"BasicCrystalCard+1","floor":37},{"not_picked":["Leap","Darkness+1"],"picked":"Time Bomb+1","floor":39},{"not_picked":["Aggregate","Beam Cell"],"picked":"Rebound+1","floor":44}],"player_experience":24634,"relics_obtained":[{"floor":8,"key":"Bottled Flame"},{"floor":9,"key":"Simple Rune"},{"floor":12,"key":"Blue Doll"},{"floor":13,"key":"Odd Mushroom"},{"floor":14,"key":"hubris:OldNail"},{"floor":26,"key":"hubris:CrystalStatue"},{"floor":43,"key":"Dream Catcher"}],"event_choices":[{"damage_healed":0,"gold_gain":0,"player_choice":"Entered Light","damage_taken":15,"max_hp_gain":0,"max_hp_loss":0,"event_name":"Shining Light","floor":3,"gold_loss":0,"cards_upgraded":["Strike_B","Defend_B"]},{"damage_healed":0,"gold_gain":175,"player_choice":"AGREE","damage_taken":0,"max_hp_gain":0,"max_hp_loss":0,"event_name":"Liars Game","floor":11,"gold_loss":0,"cards_obtained":["Doubt"]},{"damage_healed":0,"gold_gain":0,"player_choice":"Fought Mushrooms","damage_taken":0,"max_hp_gain":0,"max_hp_loss":0,"event_name":"Mushrooms","floor":13,"gold_loss":0},{"damage_healed":0,"gold_gain":0,"player_choice":"Simplicity","damage_taken":0,"max_hp_gain":0,"max_hp_loss":0,"event_name":"Back to Basics","floor":20,"gold_loss":0,"cards_upgraded":["Strike_B","Strike_B","Strike_B","Defend_B","Defend_B","Defend_B","Defend_B"]}],"is_beta":false,"boss_relics":[{"not_picked":["Sozu","Tiny House"],"picked":"SacredBark"},{"not_picked":["Abe\u0027s Treasure","Replay:Grab Bag"],"picked":"Inserter"}],"items_purged_floors":[],"is_endless":false,"potions_floor_spawned":[1,2,16,18,19,29,39],"killed_by":"R_Hoarder","ascension_level":0}}