{"host":"k4et7hlhlqy8fuoz","time":1609758036,"event":{"mods":["2.2 Compatiblity","AchievementEnabler","BaseMod","Colored Map","DeckTracker","Highlight Path","Minty Spire (QoL Compilation)","Random Character Button","Rare Cards Sparkle"],"gold_per_floor":[144,144,219,494,539,584,629,228,228,273,273,273,318,363,363,663,663,708,106,151,151,1,91,91,91,166,166,211,256,256,301,301,301,301],"floor_reached":33,"playtime":1966,"items_purged":["Regret"],"score":284,"play_id":"0bcb90ed-a870-4977-8c35-4b447b4453ff","local_time":"20210104120036","daily_mods":["Chimera","Diverse","Midas"],"is_ascension_mode":false,"campfire_choices":[{"floor":12,"key":"REST"},{"floor":15,"key":"REST"},{"floor":24,"key":"REST"},{"floor":27,"key":"REST"},{"floor":30,"key":"REST"},{"floor":32,"key":"REST"}],"circlet_count":0,"master_deck":["Bash","Survivor","Zap","Eruption","Strike_R","Strike_G","Strike_B","Defend_R","Defend_G","Defend_P","Dodge and Roll","Anger","Sweeping Beam","Pommel Strike","Conserve Battery","Blade Dance+1","Rage+1","Sunder","Die Die Die","Coolheaded+1","Forethought+1","All Out Attack","Capacitor","Leap+1","Cloak And Dagger+1","Fusion+1","Thunderclap","Deadly Poison+1","Bouncing Flask+1","Crippling Poison+1"],"relics":["Cracked Core","Strawberry","Runic Capacitor","Toxic Egg 2","Inserter","Blood Vial","Membership Card","Orichalcum","Singing Bowl","Happy Flower","Darkstone Periapt"],"acts_visited":["Exordium","TheCity"],"potions_floor_usage":[16,16,23,23,33],"damage_taken":[{"damage":0,"enemies":"Cultist","floor":1,"turns":3},{"damage":18,"enemies":"Small Slimes","floor":5,"turns":3},{"damage":2,"enemies":"2 Louse","floor":6,"turns":2},{"damage":33,"enemies":"2 Fungi Beasts","floor":7,"turns":3},{"damage":1,"enemies":"Blue Slaver","floor":10,"turns":4},{"damage":6,"enemies":"Red Slaver","floor":13,"turns":3},{"damage":10,"enemies":"3 Louse","floor":14,"turns":4},{"damage":57,"enemies":"The Guardian","floor":16,"turns":12},{"damage":13,"enemies":"Spheric Guardian","floor":18,"turns":5},{"damage":25,"enemies":"2 Thieves","floor":20,"turns":3},{"damage":46,"enemies":"Slavers","floor":23,"turns":5},{"damage":12,"enemies":"Snecko","floor":28,"turns":4},{"damage":30,"enemies":"Cultist and Chosen","floor":29,"turns":7},{"damage":13,"enemies":"Shelled Parasite and Fungi","floor":31,"turns":5},{"damage":88,"enemies":"Collector","floor":33,"turns":5}],"seed_played":"-6631355389535803282","potions_obtained":[{"floor":7,"key":"Energy Potion"},{"floor":13,"key":"Fire Potion"},{"floor":14,"key":"AttackPotion"},{"floor":16,"key":"EssenceOfSteel"},{"floor":20,"key":"EssenceOfSteel"},{"floor":23,"key":"SneckoOil"},{"floor":31,"key":"Dexterity Potion"}],"is_trial":false,"path_per_floor":["M","?","?","?","M","M","M","$","T","M","?","R","M","M","R","B",null,"M","$","M","?","$","E","R","?","T","R","M","M","R","M","R","B"],"character_chosen":"DEFECT","items_purchased":["Strawberry","Runic Capacitor","Conserve Battery","Forethought+1","All Out Attack","Capacitor","Blood Vial","Membership Card","Orichalcum","Leap+1","Singing Bowl","Thunderclap"],"campfire_rested":6,"item_purchase_floors":[8,8,8,19,19,19,19,19,19,19,22,22],"current_hp_per_floor":[75,75,64,64,46,44,11,18,18,17,22,48,42,32,58,1,87,74,74,51,51,51,9,35,35,35,61,51,23,49,38,64,0,0],"gold":301,"neow_bonus":"","is_daily":true,"chose_seed":false,"campfire_upgraded":0,"win_rate":0.0,"timestamp":1609758036,"path_taken":["M","?","?","?","?","M","M","$","T","M","?","R","M","M","R","BOSS","M","$","M","?","$","E","R","?","T","R","M","M","R","M","R","BOSS"],"items_purchased_type":["Relic","Relic","Card","Card","Card","Card","Relic","Relic","Relic","Card","Relic","Card"],"build_version":"2020-12-22","purchased_purges":1,"victory":false,"max_hp_per_floor":[75,75,75,75,75,75,75,82,82,82,87,87,87,87,87,87,87,87,87,87,87,87,89,89,89,89,89,89,89,89,89,89,89,89],"card_choices":[{"not_picked":["Deadly Poison","Reflex"],"picked":"Dodge and Roll","floor":1},{"not_picked":["Cloak And Dagger","FTL"],"picked":"Anger","floor":5},{"not_picked":["Rupture","Hologram"],"picked":"Sweeping Beam","floor":6},{"not_picked":["Clash","Redo"],"picked":"Pommel Strike","floor":7},{"not_picked":["Go for the Eyes","Sweeping Beam"],"picked":"Blade Dance+1","floor":10},{"not_picked":["Thunderclap","Go for the Eyes"],"picked":"Rage+1","floor":13},{"not_picked":["Prepared+1","Clothesline"],"picked":"Sunder","floor":14},{"not_picked":["Barricade","Electrodynamics"],"picked":"Die Die Die","floor":16},{"not_picked":["Masterful Stab","Skewer"],"picked":"Coolheaded+1","floor":18},{"not_picked":["Storm","Clothesline"],"picked":"Cloak And Dagger+1","floor":20},{"not_picked":["Steam Power+1","Uppercut","Scrape"],"picked":"Singing Bowl","floor":23},{"not_picked":["Heavy Blade","Quick Slash+1"],"picked":"Deadly Poison+1","floor":28},{"not_picked":["Turbo+1","Go for the Eyes"],"picked":"Bouncing Flask+1","floor":29},{"not_picked":["Clothesline+1","Expertise+1"],"picked":"Crippling Poison+1","floor":31}],"player_experience":58373,"relics_obtained":[{"floor":9,"key":"Toxic Egg 2"},{"floor":23,"key":"Happy Flower"},{"floor":26,"key":"Darkstone Periapt"}],"event_choices":[{"damage_healed":0,"gold_gain":0,"player_choice":"Leave","damage_taken":0,"max_hp_gain":0,"max_hp_loss":0,"event_name":"The Cleric","floor":2,"gold_loss":0},{"damage_healed":0,"gold_gain":75,"player_choice":"Gather Gold","damage_taken":11,"max_hp_gain":0,"max_hp_loss":0,"event_name":"World of Goop","floor":3,"gold_loss":0},{"damage_healed":0,"gold_gain":275,"player_choice":"Desecrate","damage_taken":0,"max_hp_gain":0,"max_hp_loss":0,"event_name":"Golden Shrine","floor":4,"gold_loss":0,"cards_obtained":["Regret"]},{"damage_healed":0,"gold_gain":0,"player_choice":"Donut","damage_taken":0,"max_hp_gain":5,"max_hp_loss":0,"event_name":"Big Fish","floor":11,"gold_loss":0},{"damage_healed":0,"gold_gain":0,"player_choice":"Read","damage_taken":0,"max_hp_gain":0,"max_hp_loss":0,"event_name":"The Library","floor":21,"gold_loss":0,"cards_obtained":["Fusion"]},{"damage_healed":0,"gold_gain":0,"player_choice":"Ignored","damage_taken":0,"max_hp_gain":0,"max_hp_loss":0,"event_name":"Vampires","floor":25,"gold_loss":0}],"is_beta":false,"boss_relics":[{"not_picked":["Black Star","Cursed Key"],"picked":"Inserter"}],"items_purged_floors":[8],"is_endless":false,"potions_floor_spawned":[7,13,14,16,20,23,31],"killed_by":"Collector","ascension_level":0}}