{"host":"e52c7hvho6xny3hd","time":1609776644,"event":{"mods":["AchievementEnabler","BaseMod","Colored Map","DeckTracker","Minty Spire (QoL Compilation)","Permanent Neow","StSLib"],"gold_per_floor":[109,284,301,315,11,11,37,52,52,52,80,80,98,98,98,194,244,254,254,267,267,282,282,313,313,360,376,36,36,53,68,68,163,163,177,191,244,0,19,19,32,0,50,50,66,66,82,100,100,100],"floor_reached":51,"playtime":2373,"items_purged":["Strike_B","Doubt"],"score":1062,"play_id":"aa77db38-ac62-4120-af3e-5053faa9d1d2","local_time":"20210105011044","is_ascension_mode":true,"campfire_choices":[{"data":"Zap","floor":6.0,"key":"SMITH"},{"data":"Chill","floor":10.0,"key":"SMITH"},{"floor":15.0,"key":"REST"},{"data":"Scrape","floor":23.0,"key":"SMITH"},{"data":"Beam Cell","floor":29.0,"key":"SMITH"},{"floor":32.0,"key":"REST"},{"data":"Seek","floor":40.0,"key":"SMITH"},{"data":"Go for the Eyes","floor":46.0,"key":"SMITH"},{"data":"Glacier","floor":49.0,"key":"SMITH"}],"circlet_count":0,"master_deck":["Strike_B+1","Strike_B","Strike_B+1","Defend_B","Defend_B","Defend_B","Defend_B","Zap+1","Dualcast","Cold Snap","Conserve Battery","Chill+1","Gash+1","Beam Cell+1","All For One","Cold Snap","FTL+1","Scrape+1","Glacier+1","Go for the Eyes+1","Undo+1","Gash","Seek+1","Coolheaded+1","Beam Cell+1","BootSequence+1","Gash","Coolheaded+1"],"relics":["Cracked Core","ClockworkSouvenir","Vajra","Symbiotic Virus","TungstenRod","Incense Burner","Tiny House","MutagenicStrength","Cables","Toy Ornithopter","Whetstone","Ornamental Fan","Sozu","StoneCalendar","Pear","Red Mask","PreservedInsect"],"acts_visited":["Exordium","TheCity","TheBeyond"],"potions_floor_usage":[50,50],"damage_taken":[{"damage":5.0,"enemies":"2 Louse","floor":1.0,"turns":2.0},{"damage":0.0,"enemies":"Jaw Worm","floor":3.0,"turns":3.0},{"damage":10.0,"enemies":"Small Slimes","floor":4.0,"turns":4.0},{"damage":8.0,"enemies":"Lagavulin","floor":7.0,"turns":7.0},{"damage":9.0,"enemies":"Exordium Thugs","floor":8.0,"turns":4.0},{"damage":10.0,"enemies":"Gremlin Nob","floor":11.0,"turns":4.0},{"damage":10.0,"enemies":"Blue Slaver","floor":13.0,"turns":2.0},{"damage":24.0,"enemies":"The Guardian","floor":16.0,"turns":13.0},{"damage":2.0,"enemies":"Chosen","floor":18.0,"turns":4.0},{"damage":11.0,"enemies":"2 Thieves","floor":20.0,"turns":4.0},{"damage":8.0,"enemies":"Snecko","floor":22.0,"turns":3.0},{"damage":21.0,"enemies":"Slavers","floor":24.0,"turns":6.0},{"damage":5.0,"enemies":"Shelled Parasite and Fungi","floor":27.0,"turns":2.0},{"damage":0.0,"enemies":"Centurion and Healer","floor":30.0,"turns":4.0},{"damage":0.0,"enemies":"Snake Plant","floor":31.0,"turns":2.0},{"damage":0.0,"enemies":"Champ","floor":33.0,"turns":6.0},{"damage":3.0,"enemies":"3 Darklings","floor":35.0,"turns":7.0},{"damage":0.0,"enemies":"Orb Walker","floor":36.0,"turns":3.0},{"damage":0.0,"enemies":"2 Orb Walkers","floor":37.0,"turns":2.0},{"damage":0.0,"enemies":"Writhing Mass","floor":39.0,"turns":6.0},{"damage":5.0,"enemies":"Transient","floor":41.0,"turns":5.0},{"damage":8.0,"enemies":"Spire Growth","floor":45.0,"turns":4.0},{"damage":0.0,"enemies":"3 Darklings","floor":47.0,"turns":4.0},{"damage":0.0,"enemies":"Writhing Mass","floor":48.0,"turns":4.0},{"damage":3,"enemies":"Time Eater","floor":50,"turns":7}],"seed_played":"-5320851859540730343","potions_obtained":[{"floor":1.0,"key":"Energy Potion"},{"floor":3.0,"key":"DistilledChaos"},{"floor":11.0,"key":"Strength Potion"},{"floor":16.0,"key":"EssenceOfSteel"},{"floor":27.0,"key":"Fruit Juice"},{"floor":30.0,"key":"SteroidPotion"},{"floor":31.0,"key":"Block Potion"}],"is_trial":false,"path_per_floor":["M","?","M","M","$","R","E","M","T","R","E","?","M","?","R","B",null,"M","?","M","?","M","R","E","?","T","M","$","R","M","M","R","B",null,"M","M","?","$","M","R","M","?","T","?","M","R","M","M","R","B",null],"character_chosen":"DEFECT","items_purchased":["ClockworkSouvenir","Chill","Ornamental Fan","Pear"],"campfire_rested":2,"item_purchase_floors":[5,5,28,38],"current_hp_per_floor":[70,70,70,60,60,60,52,43,43,43,33,31,21,21,45,21,72,70,70,59,59,51,51,30,30,30,35,35,35,35,35,62,62,85,82,82,82,92,92,92,87,87,87,87,79,79,79,79,79,86],"gold":100,"neow_bonus":"TEN_PERCENT_HP_BONUS","is_daily":false,"chose_seed":false,"campfire_upgraded":7,"win_rate":0.0,"timestamp":1609776644,"path_taken":["M","?","M","M","$","R","E","M","T","R","E","?","M","?","R","BOSS","M","?","M","?","?","R","E","?","T","M","$","R","?","M","R","BOSS","M","?","?","?","M","R","M","?","T","?","M","R","M","M","R","BOSS"],"items_purchased_type":["Relic","Card","Relic","Relic"],"build_version":"2020-12-22","purchased_purges":2,"victory":true,"max_hp_per_floor":[82,82,82,82,82,82,82,82,82,82,82,82,82,82,82,82,87,87,87,87,87,87,87,87,87,87,92,92,92,92,92,92,92,92,92,92,92,102,102,102,102,102,102,102,102,102,102,102,102,102],"card_choices":[{"not_picked":["Beam Cell","Force Field"],"picked":"Cold Snap","floor":1.0},{"not_picked":["Aggregate","Auto Shields"],"picked":"Conserve Battery","floor":3.0},{"not_picked":["Conserve Battery","Hologram"],"picked":"Ball Lightning","floor":4.0},{"not_picked":["Static Discharge","Consume"],"picked":"Gash","floor":7.0},{"not_picked":["Redo","Ball Lightning","Static Discharge"],"picked":"SKIP","floor":8.0},{"not_picked":["Go for the Eyes","Leap"],"picked":"Beam Cell","floor":11.0},{"not_picked":["Hello World","Ball Lightning"],"picked":"All For One","floor":13.0},{"not_picked":["Sweeping Beam","Turbo"],"picked":"Cold Snap","floor":17.0},{"not_picked":["Beam Cell","Leap","Streamline+1"],"picked":"SKIP","floor":18.0},{"not_picked":["Redo","Ball Lightning"],"picked":"FTL+1","floor":20.0},{"not_picked":["Coolheaded","Chaos+1"],"picked":"Glacier","floor":22.0},{"not_picked":["Loop+1","Compile Driver","Beam Cell"],"picked":"SKIP","floor":24.0},{"not_picked":["Multi-Cast","Barrage"],"picked":"Go for the Eyes","floor":27.0},{"not_picked":["Sweeping Beam","Cold Snap"],"picked":"Undo+1","floor":30.0},{"not_picked":["Compile Driver","Go for the Eyes"],"picked":"Gash","floor":31.0},{"not_picked":["Machine Learning","Creative AI"],"picked":"Seek","floor":33.0},{"not_picked":["Conserve Battery+1","Stack"],"picked":"Coolheaded+1","floor":35.0},{"not_picked":["Double Energy+1","Steam+1"],"picked":"Beam Cell+1","floor":36.0},{"not_picked":["Stack+1","Tempest+1","Sweeping Beam+1"],"picked":"SKIP","floor":39.0},{"not_picked":["Sweeping Beam","Biased Cognition"],"picked":"BootSequence+1","floor":41.0},{"not_picked":["Coolheaded","Streamline"],"picked":"Gash","floor":45.0},{"not_picked":["Beam Cell","Auto Shields","Lockon+1"],"picked":"SKIP","floor":47.0},{"not_picked":["Defragment","Steam Power"],"picked":"Coolheaded+1","floor":48.0}],"player_experience":624705,"relics_obtained":[{"floor":7.0,"key":"Vajra"},{"floor":9.0,"key":"Symbiotic Virus"},{"floor":11.0,"key":"TungstenRod"},{"floor":24.0,"key":"Cables"},{"floor":26.0,"key":"Whetstone"},{"floor":37.0,"key":"StoneCalendar"},{"floor":43.0,"key":"PreservedInsect"}],"event_choices":[{"damage_healed":0.0,"max_hp_gain":0.0,"max_hp_loss":0.0,"gold_gain":175.0,"event_name":"Liars Game","player_choice":"AGREE","floor":2.0,"gold_loss":0.0,"damage_taken":0.0,"cards_obtained":["Doubt"]},{"damage_healed":0.0,"max_hp_gain":0.0,"max_hp_loss":0.0,"gold_gain":0.0,"event_name":"Scrap Ooze","player_choice":"Success","floor":12.0,"gold_loss":0.0,"damage_taken":3.0,"relics_obtained":["Incense Burner"]},{"damage_healed":0.0,"max_hp_gain":0.0,"max_hp_loss":0.0,"gold_gain":0.0,"event_name":"Shining Light","player_choice":"Ignored","floor":14.0,"gold_loss":0.0,"damage_taken":0.0},{"damage_healed":0.0,"max_hp_gain":0.0,"max_hp_loss":0.0,"gold_gain":0.0,"event_name":"Drug Dealer","player_choice":"Inject Mutagens","floor":19.0,"gold_loss":0.0,"damage_taken":0.0,"relics_obtained":["MutagenicStrength"]},{"damage_healed":0.0,"max_hp_gain":0.0,"max_hp_loss":0.0,"gold_gain":0.0,"event_name":"The Library","player_choice":"Read","floor":21.0,"gold_loss":0.0,"damage_taken":0.0,"cards_obtained":["Scrape"]},{"damage_healed":0.0,"max_hp_gain":0.0,"max_hp_loss":0.0,"gold_gain":0.0,"event_name":"WeMeetAgain","player_choice":"Gave Potion","floor":25.0,"gold_loss":0.0,"damage_taken":0.0,"relics_obtained":["Toy Ornithopter"]},{"damage_healed":0.0,"max_hp_gain":0.0,"max_hp_loss":0.0,"gold_gain":0.0,"event_name":"Mysterious Sphere","player_choice":"Fight","floor":37.0,"gold_loss":0.0,"damage_taken":0.0},{"damage_healed":0.0,"max_hp_gain":0.0,"max_hp_loss":0.0,"gold_gain":0.0,"event_name":"Tomb of Lord Red Mask","player_choice":"Paid","floor":42.0,"gold_loss":32.0,"damage_taken":0.0,"relics_obtained":["Red Mask"]},{"cards_removed":["Ball Lightning"],"damage_healed":0.0,"max_hp_gain":0.0,"max_hp_loss":0.0,"gold_gain":0.0,"event_name":"Falling","player_choice":"Removed Attack","floor":44.0,"gold_loss":0.0,"damage_taken":0.0}],"is_beta":false,"boss_relics":[{"not_picked":["Snecko Eye","Velvet Choker"],"picked":"Tiny House"},{"not_picked":["Busted Crown","Coffee Dripper"],"picked":"Sozu"}],"items_purged_floors":[5,28],"is_endless":false,"potions_floor_spawned":[1,3,11,16,18,27,30,31,33,35,36,48],"ascension_level":9}}