{"host":"m77rrhbqzv44va4v","time":1609788425,"event":{"mods":["AchievementEnabler","BaseMod","Colored Map","DeckTracker","Keyboard Shortcuts","Minty Spire (QoL Compilation)","StSLib","SuperFastMode","everything is the same but u backflip on backflip"],"gold_per_floor":[112,112,112,9,30,30,69,69,69,106,133,133,133,160,160,243,252,152,152],"floor_reached":18,"playtime":360,"items_purged":[],"score":386,"play_id":"3a523125-663b-43db-81a8-7029555a0e36","local_time":"20210105042705","is_ascension_mode":true,"campfire_choices":[{"data":"Footwork","floor":6.0,"key":"SMITH"},{"data":"PiercingWail","floor":8.0,"key":"SMITH"},{"floor":13.0,"key":"REST"},{"floor":15.0,"key":"REST"}],"circlet_count":0,"master_deck":["AscendersBane","Strike_G","Strike_G","Strike_G","Strike_G","Defend_G","Defend_G","Defend_G","Defend_G","Defend_G","Survivor","Neutralize","Backflip","Footwork+1","PiercingWail+1","Riddle With Holes","Blade Dance","Outmaneuver","Corpse Explosion","CurseOfTheBell"],"relics":["Ring of the Snake","NeowsBlessing","CeramicFish","Anchor","Matryoshka","Toy Ornithopter","Lizard Tail","Gremlin Horn","Calling Bell","Tiny Chest","Pantograph","Turnip"],"acts_visited":["Exordium","TheCity"],"potions_floor_usage":[],"damage_taken":[{"damage":0.0,"enemies":"Small Slimes","floor":1.0,"turns":1.0},{"damage":0.0,"enemies":"2 Louse","floor":5.0,"turns":1.0},{"damage":0.0,"enemies":"Lagavulin","floor":7.0,"turns":1.0},{"damage":54.0,"enemies":"3 Sentries","floor":10.0,"turns":16.0},{"damage":0.0,"enemies":"Cultist","floor":11.0,"turns":5.0},{"damage":1.0,"enemies":"Looter","floor":14.0,"turns":4.0},{"damage":27.0,"enemies":"The Guardian","floor":16.0,"turns":16.0},{"damage":24,"enemies":"2 Thieves","floor":18,"turns":4}],"seed_played":"1110521668142575880","potions_obtained":[{"floor":5.0,"key":"CunningPotion"},{"floor":7.0,"key":"Ancient Potion"},{"floor":10.0,"key":"Strength Potion"}],"is_trial":false,"path_per_floor":["M","?","?","?","M","R","E","R","T","E","M","?","R","M","R","B",null,"M"],"character_chosen":"THE_SILENT","items_purchased":[],"campfire_rested":2,"item_purchase_floors":[],"current_hp_per_floor":[59,41,63,63,63,63,63,63,63,12,12,5,24,23,42,20,55,31,31],"gold":152,"neow_bonus":"THREE_ENEMY_KILL","is_daily":false,"chose_seed":false,"campfire_upgraded":2,"win_rate":0.0,"timestamp":1609788425,"path_taken":["M","?","?","?","?","R","E","R","T","E","M","?","R","M","R","BOSS","M"],"items_purchased_type":[],"build_version":"2020-12-22","purchased_purges":0,"victory":false,"max_hp_per_floor":[66,66,66,66,66,66,66,66,66,66,66,66,66,66,66,66,66,66,66],"card_choices":[{"not_picked":["Blade Dance","Quick Slash"],"picked":"Backflip","floor":1.0},{"not_picked":["Acrobatics","Leg Sweep"],"picked":"Footwork","floor":5.0},{"not_picked":["Slice","Calculated Gamble"],"picked":"PiercingWail","floor":7.0},{"not_picked":["Poisoned Stab","Endless Agony"],"picked":"Riddle With Holes","floor":10.0},{"not_picked":["All Out Attack","Cloak And Dagger"],"picked":"Blade Dance","floor":11.0},{"not_picked":["Expertise","Deflect"],"picked":"Outmaneuver","floor":14.0},{"not_picked":["Adrenaline","Doppelganger"],"picked":"Corpse Explosion","floor":16.0}],"player_experience":889286,"relics_obtained":[{"floor":7.0,"key":"Matryoshka"},{"floor":9.0,"key":"Toy Ornithopter"},{"floor":9.0,"key":"Lizard Tail"},{"floor":10.0,"key":"Gremlin Horn"},{"floor":17.0,"key":"Tiny Chest"},{"floor":17.0,"key":"Pantograph"},{"floor":17.0,"key":"Turnip"}],"event_choices":[{"damage_healed":0.0,"max_hp_gain":0.0,"max_hp_loss":0.0,"gold_gain":0.0,"event_name":"Scrap Ooze","player_choice":"Success","floor":2.0,"gold_loss":0.0,"damage_taken":18.0,"relics_obtained":["CeramicFish"]},{"damage_healed":22.0,"max_hp_gain":0.0,"max_hp_loss":0.0,"gold_gain":0.0,"event_name":"Big Fish","player_choice":"Banana","floor":3.0,"gold_loss":0.0,"damage_taken":0.0},{"damage_healed":0.0,"max_hp_gain":0.0,"max_hp_loss":0.0,"gold_gain":0.0,"event_name":"WeMeetAgain","player_choice":"Paid Gold","floor":4.0,"gold_loss":103.0,"damage_taken":0.0,"relics_obtained":["Anchor"]},{"cards_removed":["Strike_G"],"damage_healed":0.0,"max_hp_gain":0.0,"max_hp_loss":0.0,"gold_gain":0.0,"event_name":"Golden Wing","player_choice":"Card Removal","floor":12.0,"gold_loss":0.0,"damage_taken":7.0}],"is_beta":false,"boss_relics":[{"not_picked":["Coffee Dripper","HoveringKite"],"picked":"Calling Bell"}],"items_purged_floors":[],"is_endless":false,"potions_floor_spawned":[5,7,10],"killed_by":"2 Thieves","ascension_level":20}}