{"host":"tw7a6rmo9h75ssrt","time":1609800831,"event":{"mods":["AchievementEnabler","Act Like it!","BaseMod","Colored Map","Highlight Path","Minty Spire (QoL Compilation)","Permanent Neow","Quick Restart","Relic Stats","SuperFastMode"],"gold_per_floor":[111,111,111,36,51,51,83,83,130,149,149,166,179,179,179,274,274,290,319,62,62,73,107,107,117,117,117,152,152,179,195,195,290,290,303,353,364,715,86,86,86,86,86,86,97,97,97,16,16,16],"floor_reached":51,"playtime":2259,"items_purged":["Strike_R","Parasite","Strike_R"],"score":896,"play_id":"d264a0c4-11ec-40eb-8d4f-f4f3233575e3","local_time":"20210105065351","is_ascension_mode":true,"campfire_choices":[{"data":"Bash","floor":6.0,"key":"SMITH"},{"data":"Ghostly Armor","floor":8.0,"key":"SMITH"},{"data":"Bloodletting","floor":11.0,"key":"SMITH"},{"floor":15.0,"key":"REST"},{"floor":24.0,"key":"REST"},{"floor":27.0,"key":"REST"},{"floor":32.0,"key":"REST"},{"data":"Pommel Strike","floor":40.0,"key":"SMITH"},{"floor":44.0,"key":"REST"},{"data":"Pommel Strike","floor":46.0,"key":"SMITH"},{"floor":49.0,"key":"REST"}],"circlet_count":0,"master_deck":["Strike_R","Strike_R","Defend_R","Defend_R","Defend_R","Defend_R","Bash+1","Ghostly Armor+1","Bloodletting+1","Pommel Strike+1","Pommel Strike+1","Brutality+1","Heavy Blade+1","Rupture+1","Spot Weakness","Rupture+1","Flame Barrier+1","Berserk+1","Heavy Blade+1","True Grit+1","Parasite","Inflame+1","Panacea+1"],"relics":["Cursed Key","Blood Vial","Anchor","Velvet Choker","Red Mask","ClockworkSouvenir","Frozen Egg 2","Toxic Egg 2","Bronze Scales","Sozu","Ginger","Old Coin","Ornamental Fan","Matryoshka","Dream Catcher","Bottled Flame"],"acts_visited":["Exordium","TheCity","TheBeyond"],"potions_floor_usage":[],"damage_taken":[{"damage":1.0,"enemies":"2 Louse","floor":1.0,"turns":3.0},{"damage":2.0,"enemies":"Jaw Worm","floor":5.0,"turns":3.0},{"damage":30.0,"enemies":"Lagavulin","floor":7.0,"turns":8.0},{"damage":1.0,"enemies":"Small Slimes","floor":10.0,"turns":4.0},{"damage":9.0,"enemies":"Exordium Thugs","floor":12.0,"turns":4.0},{"damage":0.0,"enemies":"2 Fungi Beasts","floor":13.0,"turns":4.0},{"damage":0.0,"enemies":"Gremlin Nob","floor":14.0,"turns":1.0},{"damage":51.0,"enemies":"Slime Boss","floor":16.0,"turns":12.0},{"damage":21.0,"enemies":"Shell Parasite","floor":18.0,"turns":6.0},{"damage":51.0,"enemies":"Masked Bandits","floor":19.0,"turns":7.0},{"damage":2.0,"enemies":"Chosen","floor":22.0,"turns":3.0},{"damage":22.0,"enemies":"Slavers","floor":23.0,"turns":8.0},{"damage":5.0,"enemies":"Snake Plant","floor":25.0,"turns":3.0},{"damage":5.0,"enemies":"Gremlin Leader","floor":28.0,"turns":5.0},{"damage":47.0,"enemies":"Book of Stabbing","floor":30.0,"turns":5.0},{"damage":25.0,"enemies":"Snecko","floor":31.0,"turns":4.0},{"damage":41.0,"enemies":"Collector","floor":33.0,"turns":6.0},{"damage":12.0,"enemies":"3 Shapes","floor":35.0,"turns":4.0},{"damage":4.0,"enemies":"Mind Bloom Boss Battle","floor":36.0,"turns":5.0},{"damage":2.0,"enemies":"Orb Walker","floor":37.0,"turns":3.0},{"damage":37.0,"enemies":"2 Orb Walkers","floor":38.0,"turns":5.0},{"damage":4.0,"enemies":"Transient","floor":45.0,"turns":5.0},{"damage":56,"enemies":"Time Eater","floor":50,"turns":6}],"seed_played":"5379104315477526125","potions_obtained":[{"floor":10.0,"key":"SmokeBomb"},{"floor":12.0,"key":"SpeedPotion"},{"floor":19.0,"key":"BloodPotion"},{"floor":22.0,"key":"Weak Potion"},{"floor":25.0,"key":"Fruit Juice"},{"floor":30.0,"key":"EssenceOfSteel"}],"is_trial":false,"path_per_floor":["M","?","?","$","M","R","E","R","T","M","R","M","M","E","R","B",null,"M","?","$","?","M","E","R","M","T","R","E","?","E","M","R","B",null,"M","?","M","?","$","R","$","?","T","R","M","R","?","$","R","B",null],"character_chosen":"IRONCLAD","items_purchased":["ClockworkSouvenir","Ornamental Fan","Matryoshka","True Grit+1","Panacea+1"],"campfire_rested":6,"item_purchase_floors":[20,39,39,39,48],"current_hp_per_floor":[79,84,84,84,82,82,52,52,52,53,53,46,48,50,75,26,85,64,15,15,15,31,11,35,32,32,56,58,87,40,17,43,4,87,75,73,73,38,38,38,38,38,38,64,62,62,62,62,87,31],"gold":16,"neow_bonus":"BOSS_RELIC","is_daily":false,"chose_seed":false,"campfire_upgraded":5,"win_rate":0.0,"timestamp":1609800831,"path_taken":["M","?","?","$","M","R","E","R","T","M","R","M","?","E","R","BOSS","M","?","$","?","M","E","R","?","T","R","E","?","E","M","R","BOSS","M","?","M","?","$","R","$","?","T","R","?","R","?","?","R","BOSS"],"items_purchased_type":["Relic","Relic","Relic","Card","Card"],"build_version":"2020-12-22","purchased_purges":3,"victory":true,"max_hp_per_floor":[80,85,85,85,85,85,85,85,85,85,85,85,85,85,85,85,85,85,85,82,82,82,82,82,82,82,82,87,87,87,87,87,87,87,87,87,87,87,87,87,87,87,87,87,87,87,87,87,87,87],"relic_stats":{"Blood Vial":32,"Sozu":2,"Dream Catcher":2,"counters":[23,114],"Ornamental Fan":[20],"Bronze Scales":[111],"Ginger":[1],"Cursed Key":2,"obtain_stats":[{"Velvet Choker":17,"Ginger":36,"Frozen Egg 2":23,"Cursed Key":0,"Burning Blood":0,"ClockworkSouvenir":20,"Old Coin":38,"Blood Vial":7,"Sozu":34,"Anchor":9,"Dream Catcher":43,"Bottled Flame":43,"Matryoshka":39,"Ornamental Fan":39,"Bronze Scales":30,"Red Mask":19,"Toxic Egg 2":28},{"Velvet Choker":8,"Ginger":19,"Frozen Egg 2":12,"Cursed Key":0,"Burning Blood":0,"ClockworkSouvenir":10,"Old Coin":21,"Blood Vial":3,"Sozu":17,"Anchor":3,"Dream Catcher":21,"Bottled Flame":21,"Matryoshka":21,"Ornamental Fan":21,"Bronze Scales":15,"Red Mask":10,"Toxic Egg 2":14},{"Velvet Choker":39,"Ginger":95,"Frozen Egg 2":63,"Cursed Key":0,"Burning Blood":0,"ClockworkSouvenir":52,"Old Coin":103,"Blood Vial":14,"Sozu":86,"Anchor":14,"Dream Catcher":103,"Bottled Flame":103,"Matryoshka":103,"Ornamental Fan":103,"Bronze Scales":76,"Red Mask":52,"Toxic Egg 2":71}]},"card_choices":[{"not_picked":["Warcry","Intimidate","Seeing Red"],"picked":"SKIP","floor":1.0},{"not_picked":["Headbutt","Body Slam"],"picked":"Ghostly Armor","floor":5.0},{"not_picked":["Twin Strike","Sword Boomerang"],"picked":"Bloodletting","floor":7.0},{"not_picked":["Flex","Bloodletting"],"picked":"Pommel Strike","floor":10.0},{"not_picked":["Cleave","Sentinel","Wild Strike"],"picked":"SKIP","floor":12.0},{"not_picked":["Headbutt","Armaments"],"picked":"Pommel Strike","floor":13.0},{"not_picked":["Feed","Fiend Fire"],"picked":"Brutality","floor":16.0},{"not_picked":["Warcry","Dark Embrace","Havoc"],"picked":"SKIP","floor":18.0},{"not_picked":["Sword Boomerang+1","Clothesline"],"picked":"Heavy Blade+1","floor":19.0},{"not_picked":["Thunderclap","Combust","Entrench"],"picked":"SKIP","floor":22.0},{"not_picked":["Sword Boomerang+1","Dropkick+1"],"picked":"Rupture+1","floor":23.0},{"not_picked":["Uppercut","Thunderclap"],"picked":"Spot Weakness","floor":25.0},{"not_picked":["Flex+1","Heavy Blade"],"picked":"Rupture+1","floor":28.0},{"not_picked":["Body Slam","Thunderclap+1"],"picked":"Flame Barrier+1","floor":30.0},{"not_picked":["Wild Strike","Immolate","Heavy Blade"],"picked":"SKIP","floor":31.0},{"not_picked":["Reaper","Limit Break+1"],"picked":"Berserk+1","floor":33.0},{"not_picked":["Twin Strike+1","Pommel Strike","Body Slam"],"picked":"SKIP","floor":35.0},{"not_picked":["Armaments+1","Perfected Strike+1","Havoc+1"],"picked":"SKIP","floor":37.0},{"not_picked":["Flex+1","Double Tap+1"],"picked":"Heavy Blade+1","floor":38.0},{"not_picked":["Sword Boomerang+1","Second Wind+1"],"picked":"Inflame+1","floor":44.0},{"not_picked":["Bloodletting+1","Pummel","Rage+1"],"picked":"SKIP","floor":45.0}],"player_experience":20170,"relics_obtained":[{"floor":7.0,"key":"Blood Vial"},{"floor":9.0,"key":"Anchor"},{"floor":19.0,"key":"Red Mask"},{"floor":23.0,"key":"Frozen Egg 2"},{"floor":28.0,"key":"Toxic Egg 2"},{"floor":30.0,"key":"Bronze Scales"},{"floor":36.0,"key":"Ginger"},{"floor":38.0,"key":"Old Coin"},{"floor":43.0,"key":"Dream Catcher"},{"floor":43.0,"key":"Bottled Flame"}],"event_choices":[{"damage_healed":0.0,"max_hp_gain":5.0,"max_hp_loss":0.0,"gold_gain":0.0,"event_name":"Big Fish","player_choice":"Donut","floor":2.0,"gold_loss":0.0,"damage_taken":0.0},{"damage_healed":0.0,"max_hp_gain":0.0,"max_hp_loss":0.0,"gold_gain":0.0,"event_name":"Shining Light","player_choice":"Ignored","floor":3.0,"gold_loss":0.0,"damage_taken":0.0},{"damage_healed":0.0,"max_hp_gain":0.0,"max_hp_loss":0.0,"gold_gain":0.0,"event_name":"Masked Bandits","player_choice":"Fought Bandits","floor":19.0,"gold_loss":0.0,"damage_taken":0.0},{"damage_healed":0.0,"max_hp_gain":0.0,"max_hp_loss":0.0,"gold_gain":0.0,"event_name":"Accursed Blacksmith","player_choice":"Forge","floor":21.0,"gold_loss":0.0,"damage_taken":0.0,"cards_upgraded":["Brutality"]},{"damage_healed":29.0,"max_hp_gain":0.0,"max_hp_loss":0.0,"gold_gain":0.0,"event_name":"The Library","player_choice":"Heal","floor":29.0,"gold_loss":0.0,"damage_taken":0.0},{"damage_healed":0.0,"max_hp_gain":0.0,"max_hp_loss":0.0,"gold_gain":0.0,"event_name":"MindBloom","player_choice":"Fight","floor":36.0,"gold_loss":0.0,"damage_taken":0.0},{"damage_healed":0.0,"max_hp_gain":0.0,"max_hp_loss":0.0,"gold_gain":0.0,"event_name":"Mysterious Sphere","player_choice":"Fight","floor":38.0,"gold_loss":0.0,"damage_taken":0.0},{"damage_healed":0.0,"max_hp_gain":0.0,"max_hp_loss":0.0,"gold_gain":0.0,"event_name":"SensoryStone","player_choice":"Memory 1","floor":42.0,"gold_loss":0.0,"damage_taken":0.0},{"cards_removed":["Strike_R"],"damage_healed":0.0,"max_hp_gain":0.0,"max_hp_loss":0.0,"gold_gain":0.0,"event_name":"Purifier","player_choice":"Purged","floor":47.0,"gold_loss":0.0,"damage_taken":0.0}],"is_beta":false,"boss_relics":[{"not_picked":["Tiny House","SlaversCollar"],"picked":"Velvet Choker"},{"not_picked":["Coffee Dripper","SacredBark"],"picked":"Sozu"}],"items_purged_floors":[4,20,39],"is_endless":false,"potions_floor_spawned":[10,12,14,19,22,25,30,38,45],"ascension_level":4}}