{"host":"vf63mcydhpkptnpw","time":1609804630,"event":{"mods":["BaseMod","Downfall","Minty Spire (QoL Compilation)","Shade Mod","StSLib","The Cursed","The Disciple","The Hierophant","TheBandit"],"gold_per_floor":[99,99,99,99,99,47,47,32,32,48,33,33,33,33],"floor_reached":12,"playtime":585,"items_purged":[],"score":62,"play_id":"ca532a79-5e78-4aa0-b388-64d97b291e7f","local_time":"20210105005710","is_ascension_mode":false,"campfire_choices":[{"floor":1,"key":"RECALL"}],"circlet_count":0,"master_deck":["champ:Strike","champ:Strike","champ:Strike","champ:Strike","champ:Defend","champ:Defend","champ:Defend","champ:Execute","champ:Taunt","champ:RapidStrikes","champ:FanOfKnives","champ:StrikeOfGenius","champ:PerfectedStrike","champ:FocusedGladiator","champ:FightOn","champ:GladiatorStyle","champ:ShieldWall","champ:ArenaPreparation"],"relics":["champ:ChampionCrown","downfall:HeartsMalice"],"acts_visited":["Exordium"],"potions_floor_usage":[],"damage_taken":[{"damage":0,"enemies":"Jaw Worm","floor":2,"turns":1},{"damage":0,"enemies":"Cultist","floor":3,"turns":1},{"damage":0,"enemies":"2 Louse","floor":5,"turns":1},{"damage":7,"enemies":"downfall:FleeingMerchant","floor":6,"turns":4},{"damage":20,"enemies":"downfall:FleeingMerchant","floor":8,"turns":4},{"damage":5,"enemies":"Large Slime","floor":10,"turns":5},{"damage":28,"enemies":"downfall:FleeingMerchant","floor":11,"turns":4},{"damage":38,"enemies":"Gremlin Nob","floor":12,"turns":4}],"seed_played":"123211641155981038","potions_obtained":[{"floor":4,"key":"Guardian:BlockOnCardUsePotion"},{"floor":4,"key":"ColorlessPotion"},{"floor":4,"key":"ColorlessPotion"}],"is_trial":false,"path_per_floor":["R","M","M","?","M","$","T","$","?","M","$","E"],"character_chosen":"THE_CHAMP","items_purchased":["champ:FocusedGladiator"],"campfire_rested":0,"item_purchase_floors":[6],"current_hp_per_floor":[90,90,90,90,90,90,90,75,75,75,55,25,25,25],"gold":33,"neow_bonus":"THREE_ENEMY_KILL","is_daily":false,"chose_seed":false,"campfire_upgraded":0,"win_rate":0.0,"timestamp":1609804630,"path_taken":["R","M","M","?","?","$","T","$","?","?","?","E"],"items_purchased_type":["Card"],"build_version":"2020-12-22","purchased_purges":0,"victory":false,"max_hp_per_floor":[90,90,90,90,90,90,90,90,90,90,90,90,90,90],"card_choices":[{"not_picked":["champ:BerserkersShout","champ:DeathBlow"],"picked":"champ:RapidStrikes","floor":2},{"not_picked":["champ:AdrenalArmor","champ:Backstep"],"picked":"champ:FanOfKnives","floor":3},{"not_picked":["champ:FanOfKnives","champ:TornadoPunch"],"picked":"champ:StrikeOfGenius","floor":5},{"not_picked":["champ:EndlessRage","champ:Haymaker"],"picked":"champ:PerfectedStrike","floor":6},{"not_picked":["champ:FocusedGladiator","champ:FocusedBerserking"],"picked":"champ:FightOn","floor":8},{"not_picked":["champ:BladeFlurry","champ:TornadoPunch"],"picked":"champ:ShieldWall","floor":10},{"not_picked":["champ:Lariat","champ:PreciseThrust"],"picked":"champ:ArenaPreparation","floor":11}],"player_experience":283004,"relics_obtained":[],"event_choices":[{"damage_healed":0,"gold_gain":0,"player_choice":"Got Potions","damage_taken":0,"max_hp_gain":0,"max_hp_loss":0,"event_name":"Lab","floor":4,"gold_loss":0},{"damage_healed":0,"gold_gain":0,"cards_transformed":["champ:Defend"],"player_choice":"Transformed","damage_taken":0,"max_hp_gain":0,"max_hp_loss":0,"event_name":"Transmorgrifier","floor":9,"gold_loss":0,"cards_obtained":["champ:GladiatorStyle"]}],"is_beta":false,"boss_relics":[],"items_purged_floors":[],"is_endless":false,"potions_floor_spawned":[10],"killed_by":"Gremlin Nob","ascension_level":0}}