{"host":"jh7kh5nqtgzr3auj","time":1609781786,"event":{"mods":["AchievementEnabler","Act Like it!","Arknights The Spire","BaseMod","CapriCore","Highlight Path","HumanHunterMod(怪物杀人mod)","Minty Spire (QoL Compilation)","Quick Restart","StSLib","TestMod"],"gold_per_floor":[110,124,49,69,69,69,95,166,235,635,635,635,679,703,703,703,703],"floor_reached":16,"playtime":997,"items_purged":["ats:Strike C"],"score":108,"play_id":"3623b516-983f-40c9-8131-3761cf4b2ba2","local_time":"20210105013626","is_ascension_mode":false,"campfire_choices":[{"data":"ats:Emotion Absorption","floor":6.0,"key":"SMITH"},{"data":"ats:Dogmatic Field","floor":11.0,"key":"SMITH"},{"data":"ats:Childhood Dance","floor":15,"key":"SMITH"}],"circlet_count":0,"master_deck":["ats:Strike G","ats:Strike S","ats:Strike V","ats:Armor Crushing Shot","ats:Defend","ats:Defend","ats:Defend+1","ats:Defend+1","ats:Emotion Absorption+1","ats:Curse Doll","ats:Explosion Area Strengthen","ats:Dogmatic Field+1","ats:Childhood Dance+1","ats:Closed Bolt Burst Fire+1"],"relics":["ats:Sanity","testmod-Déjàvu","NeowsBlessing","ats:Originium","Dream Catcher","testmod-Motorcycle","Golden Idol","Molten Egg 2"],"acts_visited":["Exordium"],"potions_floor_usage":[14,16],"damage_taken":[{"damage":0.0,"enemies":"Cultist","floor":1.0,"turns":1.0},{"damage":0.0,"enemies":"Jaw Worm","floor":2.0,"turns":1.0},{"damage":0.0,"enemies":"Small Slimes","floor":4.0,"turns":2.0},{"damage":20.0,"enemies":"Lagavulin","floor":7.0,"turns":8.0},{"damage":15,"enemies":"Gremlin Nob","floor":13,"turns":4},{"damage":21,"enemies":"Exordium Wildlife","floor":14,"turns":6},{"damage":76,"enemies":"Slime Boss","floor":16,"turns":9}],"seed_played":"3299134814006295160","potions_obtained":[{"floor":4.0,"key":"testmod-TestPotion"},{"floor":13,"key":"Strength Potion"},{"floor":14,"key":"testmod-TestPotion"}],"is_trial":false,"path_per_floor":["M","M","$","M","?","R","E","T","T","?","R","?","E","M","R","B"],"character_chosen":"DOCTOR_CLASS","items_purchased":[],"campfire_rested":0,"item_purchase_floors":[],"current_hp_per_floor":[72,72,72,72,72,72,52,52,52,52,52,34,19,64,64,27,27],"gold":703,"neow_bonus":"THREE_ENEMY_KILL","is_daily":false,"chose_seed":false,"campfire_upgraded":3,"win_rate":0.0,"timestamp":1609781786,"path_taken":["M","M","$","M","?","R","E","?","T","?","R","?","E","M","R","BOSS"],"items_purchased_type":[],"build_version":"2020-12-22","purchased_purges":1,"victory":false,"max_hp_per_floor":[72,72,72,72,72,72,72,72,72,72,72,72,72,72,72,72,72],"card_choices":[{"not_picked":["ats:Healing Drone","ats:Poison Spread"],"picked":"ats:Curse Doll","floor":1.0},{"not_picked":["ats:Ignite","ats:Poison Spread"],"picked":"ats:Explosion Area Strengthen","floor":2.0},{"not_picked":["ats:Powerful Strike","ats:Assault Order","ats:Flexible Camouflage"],"picked":"SKIP","floor":4.0},{"not_picked":["ats:Apocalypse","ats:Spore Proliferation"],"picked":"ats:Dogmatic Field","floor":7.0},{"not_picked":["ats:Explosion Area Strengthen+1","ats:Revitalization"],"picked":"ats:Childhood Dance","floor":13},{"not_picked":["ats:Rapid Magazine","ats:Explosion Area Strengthen+1"],"picked":"ats:Closed Bolt Burst Fire+1","floor":14}],"player_experience":267625,"relics_obtained":[{"floor":7.0,"key":"ats:Originium"},{"floor":7.0,"key":"Dream Catcher"},{"floor":9.0,"key":"testmod-Motorcycle"},{"floor":13,"key":"Molten Egg 2"},{"floor":13,"key":"ats:Originium"}],"event_choices":[{"damage_healed":0.0,"max_hp_gain":0.0,"max_hp_loss":0.0,"gold_gain":0.0,"event_name":"给自己的盒子","player_choice":"Swap Relic","floor":5.0,"relics_lost":["War Paint"],"gold_loss":0.0,"damage_taken":0.0,"relics_obtained":["War Paint"]},{"damage_healed":0.0,"max_hp_gain":0.0,"max_hp_loss":0.0,"gold_gain":400.0,"event_name":"恩洛斯的盘子","player_choice":"Sell","floor":10.0,"relics_lost":["testmod-TestBox"],"gold_loss":0.0,"damage_taken":0.0},{"damage_healed":0.0,"max_hp_gain":0.0,"max_hp_loss":0.0,"gold_gain":0.0,"event_name":"Golden Idol","player_choice":"Take Damage","floor":12.0,"gold_loss":0.0,"damage_taken":18.0,"relics_obtained":["Golden Idol"]}],"is_beta":false,"boss_relics":[],"items_purged_floors":[3],"is_endless":false,"potions_floor_spawned":[4,13,14],"killed_by":"Slime Boss","ascension_level":0}}