{"host":"yy8mitdds7tg9c5m","time":1609731613,"event":{"mods":["Act Like it!","AlwaysNeverKeys","BaseMod","Better Note","Downfall","GifTheSpireLib","Minty Spire (QoL Compilation)","Permanent Neow","Quick Restart","StSLib","egg"],"gold_per_floor":[109,109,109,128,2,2,2,32,84,84,37,37,53,128,128,223,223,223,79,98,98,98,98,10,10,10,10,44,57,57,57,57,156,156,175,228,238,238,238],"floor_reached":38,"playtime":1201,"items_purged":["Regret"],"score":438,"play_id":"621923b2-c7a4-46d4-81ea-70fc4f0d8442","local_time":"20210103234013","is_ascension_mode":false,"campfire_choices":[{"data":"Bash","floor":6.0,"key":"SMITH"},{"data":"Flex","floor":10.0,"key":"SMITH"},{"data":"Sword Boomerang","floor":12.0,"key":"SMITH"},{"data":"Inflame","floor":15.0,"key":"SMITH"},{"data":"Berserk","floor":23.0,"key":"SMITH"},{"data":"Whirlwind","floor":30.0,"key":"SMITH"},{"floor":32.0,"key":"REST"}],"circlet_count":0,"master_deck":["Strike_R","Strike_R","Strike_R+1","Strike_R","Strike_R","Defend_R","Defend_R","Defend_R","Defend_R","Bash+1","Disarm+1","Sword Boomerang+1","Flex+1","Whirlwind+1","Cleave","Inflame+1","Berserk+1","Demon Form+1","Flex+1","Intimidate+1","Shrug It Off+1","Demon Form","Shockwave+1"],"relics":["Burning Blood","Mango","Vajra","Mercury Hourglass","Kunai","Art of War","SlaversCollar","Toxic Egg 2","FaceOfCleric","Bottled Tornado","Calipers","InkBottle","Mark of Pain","Thread and Needle"],"acts_visited":["Exordium","TheCity","TheBeyond"],"potions_floor_usage":[33,38],"damage_taken":[{"damage":5.0,"enemies":"2 Louse","floor":1.0,"turns":3.0},{"damage":8.0,"enemies":"Jaw Worm","floor":4.0,"turns":5.0},{"damage":14.0,"enemies":"Gremlin Nob","floor":8.0,"turns":3.0},{"damage":0.0,"enemies":"Small Slimes","floor":13.0,"turns":2.0},{"damage":0.0,"enemies":"Hexaghost","floor":16.0,"turns":7.0},{"damage":0.0,"enemies":"Chosen","floor":18.0,"turns":1.0},{"damage":0.0,"enemies":"Spheric Guardian","floor":20.0,"turns":3.0},{"damage":0.0,"enemies":"Cultist and Chosen","floor":27.0,"turns":1.0},{"damage":36.0,"enemies":"Book of Stabbing","floor":28.0,"turns":5.0},{"damage":12.0,"enemies":"Centurion and Healer","floor":29.0,"turns":5.0},{"damage":26,"enemies":"Champ","floor":33,"turns":6},{"damage":0,"enemies":"3 Shapes","floor":35,"turns":4},{"damage":69,"enemies":"2 Orb Walkers","floor":36,"turns":4},{"damage":0,"enemies":"Orb Walker","floor":37,"turns":3},{"damage":38,"enemies":"Transient","floor":38,"turns":5}],"seed_played":"6367544920979973787","potions_obtained":[{"floor":1.0,"key":"SmokeBomb"},{"floor":13.0,"key":"DistilledChaos"},{"floor":20.0,"key":"SmokeBomb"},{"floor":29.0,"key":"Weak Potion"},{"floor":33,"key":"CultistPotion"},{"floor":37,"key":"SkillPotion"}],"is_trial":false,"path_per_floor":["M","?","?","M","$","R","?","E","T","R","$","R","M","?","R","B",null,"M","?","M","?","?","R","$","T","T","M","E","M","R","?","R","B",null,"M","?","M","M"],"character_chosen":"IRONCLAD","items_purchased":["Flex","Cleave","Flex+1","Intimidate+1"],"campfire_rested":1,"item_purchase_floors":[5,11,24,24],"current_hp_per_floor":[86,69,69,67,67,67,55,47,47,47,47,47,53,42,42,48,86,86,86,86,86,86,86,86,86,86,87,58,53,53,53,79,60,90,91,29,36,0,0],"gold":238,"neow_bonus":"ONE_RARE_RELIC","is_daily":false,"chose_seed":false,"campfire_upgraded":6,"win_rate":0.0,"timestamp":1609731613,"path_taken":["M","?","?","M","$","R","?","E","T","R","?","R","M","?","R","BOSS","M","?","M","?","?","R","?","?","T","M","E","M","R","?","R","BOSS","M","?","M","M"],"items_purchased_type":["Card","Card","Card","Card"],"build_version":"2020-12-22","purchased_purges":1,"victory":false,"max_hp_per_floor":[86,86,86,86,86,86,86,86,86,86,86,86,86,86,86,86,86,86,86,86,86,86,86,86,86,86,87,88,89,89,89,89,90,90,91,92,93,93,93],"card_choices":[{"not_picked":["Intimidate","Dual Wield"],"picked":"Disarm","floor":1.0},{"not_picked":["Clash","Body Slam"],"picked":"Sword Boomerang","floor":4.0},{"not_picked":["Intimidate","Havoc"],"picked":"Whirlwind","floor":8.0},{"not_picked":["Wild Strike","Havoc"],"picked":"Inflame","floor":13.0},{"not_picked":["Juggernaut","Bludgeon"],"picked":"Berserk","floor":16.0},{"not_picked":["Rampage","True Grit+1","Dropkick+1"],"picked":"SKIP","floor":20.0},{"not_picked":["Second Wind+1","Perfected Strike","Combust"],"picked":"SKIP","floor":28.0},{"not_picked":["Burning Pact+1","Rage+1"],"picked":"Shrug It Off+1","floor":29.0},{"not_picked":["Brutality","Immolate"],"picked":"Demon Form","floor":33},{"not_picked":["Wild Strike","Cleave"],"picked":"Shockwave+1","floor":35},{"not_picked":["Searing Blow","Entrench+1","Blood for Blood+1"],"picked":"SKIP","floor":37}],"player_experience":178074,"relics_obtained":[{"floor":8.0,"key":"Kunai"},{"floor":9.0,"key":"Art of War"},{"floor":25.0,"key":"Bottled Tornado"},{"floor":26.0,"key":"Calipers"},{"floor":28.0,"key":"InkBottle"},{"floor":36,"key":"Thread and Needle"}],"event_choices":[{"damage_healed":0.0,"max_hp_gain":0.0,"max_hp_loss":0.0,"gold_gain":0.0,"event_name":"Shining Light","player_choice":"Entered Light","floor":2.0,"gold_loss":0.0,"damage_taken":17.0,"cards_upgraded":["Strike_R","Disarm"]},{"damage_healed":0.0,"max_hp_gain":0.0,"max_hp_loss":0.0,"gold_gain":0.0,"event_name":"Big Fish","player_choice":"Box","floor":3.0,"gold_loss":0.0,"damage_taken":0.0,"relics_obtained":["Vajra"],"cards_obtained":["Regret"]},{"damage_healed":0.0,"max_hp_gain":0.0,"max_hp_loss":0.0,"gold_gain":0.0,"event_name":"Scrap Ooze","player_choice":"Success","floor":7.0,"gold_loss":0.0,"damage_taken":12.0,"relics_obtained":["Mercury Hourglass"]},{"damage_healed":0.0,"max_hp_gain":0.0,"max_hp_loss":0.0,"gold_gain":75.0,"event_name":"World of Goop","player_choice":"Gather Gold","floor":14.0,"gold_loss":0.0,"damage_taken":11.0},{"damage_healed":0.0,"max_hp_gain":0.0,"max_hp_loss":0.0,"gold_gain":0.0,"event_name":"WeMeetAgain","player_choice":"Paid Gold","floor":19.0,"gold_loss":144.0,"damage_taken":0.0,"relics_obtained":["Toxic Egg 2"]},{"damage_healed":0.0,"max_hp_gain":0.0,"max_hp_loss":0.0,"gold_gain":0.0,"event_name":"FaceTrader","player_choice":"Trade","floor":21.0,"gold_loss":0.0,"damage_taken":0.0,"relics_obtained":["FaceOfCleric"]},{"cards_removed":["Berserk"],"damage_healed":0.0,"max_hp_gain":0.0,"max_hp_loss":0.0,"gold_gain":0.0,"event_name":"betterNote:BetterNote","player_choice":"Take \u0026 Give","floor":22.0,"gold_loss":0.0,"damage_taken":0.0,"cards_obtained":["Demon Form"]},{"damage_healed":0.0,"max_hp_gain":0.0,"max_hp_loss":0.0,"gold_gain":0.0,"event_name":"Ghosts","player_choice":"Ignored","floor":31.0,"gold_loss":0.0,"damage_taken":0.0},{"damage_healed":0,"gold_gain":0,"player_choice":"Fight","damage_taken":0,"max_hp_gain":0,"max_hp_loss":0,"event_name":"Mysterious Sphere","floor":36,"gold_loss":0}],"is_beta":false,"boss_relics":[{"not_picked":["Runic Pyramid","Runic Cube"],"picked":"SlaversCollar"},{"not_picked":["Astrolabe","Cursed Key"],"picked":"Mark of Pain"}],"items_purged_floors":[5],"is_endless":false,"potions_floor_spawned":[1,13,20,27,29,33,37],"killed_by":"Transient","ascension_level":0}}