{"host":"5wf60zc4jjt9ov65","time":1609794041,"event":{"mods":["AchievementEnabler","BaseMod","Beaked The Cultist","Better Altar","Better Match","Better Note","Better Sensory Stone","Better Skull","Better Third Choice","BetterRewards","Colored Map","Colored Powertips","Downfall","Googly Eyes","Halation","Highlight Path","Hubris","Infinite Spire","Minty Spire (QoL Compilation)","Permanent Neow","Quick Restart","Replay The Spire","StSLib","The Bug Knight","The Construct"],"gold_per_floor":[362,6,6,17,17,49,49,75,75,101,101,117,67,67,67,168,168,188,203,203,215,233,233,56,56,56,56,56,69,404,404,404,507,507,520,520,265,265,282,282,282,282],"floor_reached":41,"playtime":2663,"items_purged":["Strike_B","hexamod:Defend","Strike_B"],"score":500,"play_id":"241f6b23-7a24-42e1-8ce3-03d53ca0988d","local_time":"20210104160041","is_ascension_mode":false,"campfire_choices":[{"data":"Zap","floor":11.0,"key":"SMITH"},{"data":"White Noise","floor":23.0,"key":"SMITH"},{"data":"White Noise","floor":25.0,"key":"SMITH"},{"data":"Double Energy","floor":27.0,"key":"SMITH"},{"floor":32.0,"key":"REST"},{"floor":40.0,"key":"REST"}],"circlet_count":0,"master_deck":["Strike_B","Strike_B","Defend_B","Defend_B","Zap+1","Dualcast","Barrage","Mirror Shield","Stack","Replay:SS_hec_2+1","Double Energy+1","Redo+1","White Noise+1","Crystallizer","Cold Snap","Amplify","Gash+1","BasicCrystalCard","Beam Cell+1","White Noise+1","Capacitor","Loop","Crystallizer","Echo Form","Gash","Mayhem","Doom and Gloom","Self Repair"],"relics":["Cracked Core","Replay:Frozen Program","Blood Vial","hubris:RGBLights","Shuriken","ReplayTheSpireMod:Ninjato","hubris:Icosahedron","hubris:Stopwatch","GremlinMask","Mirror","Old Coin","Black Star","Prayer Wheel","ReplayTheSpireMod:ShopPack"],"acts_visited":["Exordium","TheCity","TheBeyond"],"potions_floor_usage":[41,41],"damage_taken":[{"damage":4.0,"enemies":"Cultist","floor":1.0,"turns":4.0},{"damage":0.0,"enemies":"Small Slimes","floor":4.0,"turns":3.0},{"damage":0.0,"enemies":"Gremlin Nob","floor":6.0,"turns":5.0},{"damage":0.0,"enemies":"Lagavulin","floor":8.0,"turns":7.0},{"damage":3.0,"enemies":"3 Sentries","floor":10.0,"turns":6.0},{"damage":0.0,"enemies":"2 Louse","floor":12.0,"turns":2.0},{"damage":12.0,"enemies":"Slime Boss","floor":16.0,"turns":13.0},{"damage":2.0,"enemies":"Chosen","floor":18.0,"turns":5.0},{"damage":9.0,"enemies":"3 Byrds","floor":19.0,"turns":6.0},{"damage":0.0,"enemies":"Centurion and Healer","floor":21.0,"turns":9.0},{"damage":0.0,"enemies":"Snecko","floor":22.0,"turns":6.0},{"damage":0.0,"enemies":"Cultist and Chosen","floor":29.0,"turns":7.0},{"damage":25.0,"enemies":"Slavers","floor":30.0,"turns":7.0},{"damage":27.0,"enemies":"Automaton","floor":33.0,"turns":10.0},{"damage":40.0,"enemies":"Orb Walker","floor":35.0,"turns":5.0},{"damage":14.0,"enemies":"3 Shapes","floor":39.0,"turns":7.0},{"damage":51,"enemies":"Reptomancer","floor":41,"turns":3}],"seed_played":"-5171186956084340063","potions_obtained":[{"floor":6.0,"key":"Fire Potion"},{"floor":12.0,"key":"LifebloodPotion"},{"floor":16.0,"key":"Explosive Potion"},{"floor":18.0,"key":"Adrenaline Potion"},{"floor":29.0,"key":"construct:ShiftPotion"},{"floor":30.0,"key":"Death Potion"},{"floor":33.0,"key":"FocusPotion"},{"floor":39.0,"key":"Milkshake"}],"is_trial":false,"path_per_floor":["M","$","?","M","$","E","?","E","T","E","R","M","?","?","R_BF","B",null,"M","M","?","M","M","R","$","R","T","R","?","M","E","?","R","B",null,"M","?","$","?","M","R","E"],"character_chosen":"DEFECT","items_purchased":["Mirror Shield","Replay:Frozen Program","Stack","Capacitor","ReplayTheSpireMod:ShopPack"],"campfire_rested":2,"item_purchase_floors":[2,2,2,24,37],"current_hp_per_floor":[75,75,75,75,75,75,75,75,75,72,72,74,74,74,75,63,75,73,66,66,68,70,70,70,70,70,70,70,72,49,34,56,31,75,35,35,35,35,23,45,0,0],"gold":282,"neow_bonus":"TWO_FIFTY_GOLD","is_daily":false,"chose_seed":false,"campfire_upgraded":4,"win_rate":0.0,"timestamp":1609794041,"path_taken":["M","?","?","?","$","E","?","E","T","E","R","M","?","?","R_BF","BOSS","M","M","?","?","?","R","$","R","T","R","?","M","E","?","R","BOSS","M","?","$","?","?","R","E"],"items_purchased_type":["Card","Relic","Card","Card","Relic"],"build_version":"2020-12-22","purchased_purges":3,"victory":false,"max_hp_per_floor":[75,75,75,75,75,75,75,75,75,75,75,75,75,75,75,75,75,75,75,75,75,75,75,75,75,75,75,75,75,75,75,75,75,75,75,75,75,75,75,75,75,75],"card_choices":[{"not_picked":["Conserve Battery","BasicCrystalCard"],"picked":"Barrage","floor":1.0},{"not_picked":["ReplaySolidLightProjector","Undo"],"picked":"Double Energy","floor":4.0},{"not_picked":["Turbo","hubris:DoWhile"],"picked":"Redo","floor":6.0},{"not_picked":["Loop","Fission"],"picked":"White Noise","floor":8.0},{"not_picked":["Amplify","Barrage"],"picked":"Crystallizer","floor":10.0},{"not_picked":["Hologram","Conserve Battery"],"picked":"Cold Snap","floor":12.0},{"not_picked":["hubris:Prefetch","All For One"],"picked":"Amplify","floor":16.0},{"not_picked":["ReplayGash+1","ReplayTheSpireMod:GoodbyeWorld"],"picked":"Gash+1","floor":18.0},{"not_picked":["Recycle","Streamline"],"picked":"BasicCrystalCard","floor":19.0},{"not_picked":["Rebound","Biased Cognition"],"picked":"Beam Cell+1","floor":21.0},{"not_picked":["Melter","Stack"],"picked":"White Noise","floor":22.0},{"not_picked":["FTL","Hologram"],"picked":"Loop","floor":29.0},{"not_picked":["Ball Lightning","Multi-Cast"],"picked":"Crystallizer","floor":30.0},{"not_picked":["Rainbow","Seek"],"picked":"ReplayTheSpireMod:Fabricate Wheel","floor":33.0},{"not_picked":["ReplaySort","Cold Snap+1"],"picked":"Gash","floor":35.0},{"not_picked":["Rebound","Steam Power","Turbo"],"picked":"SKIP","floor":35.0},{"not_picked":["Replay:Dark Deal","Panache"],"picked":"Mayhem","floor":37.0},{"not_picked":["hubris:PowerSurge","Seek"],"picked":"Self Repair","floor":39.0},{"not_picked":["Steam","Stack+1","Turbo"],"picked":"SKIP","floor":39.0}],"player_experience":26130,"relics_obtained":[{"floor":6.0,"key":"Blood Vial"},{"floor":8.0,"key":"hubris:RGBLights"},{"floor":9.0,"key":"Shuriken"},{"floor":10.0,"key":"ReplayTheSpireMod:Ninjato"},{"floor":26.0,"key":"Mirror"},{"floor":30.0,"key":"Old Coin"}],"event_choices":[{"damage_healed":0.0,"max_hp_gain":0.0,"max_hp_loss":0.0,"gold_gain":0.0,"event_name":"betterNote:BetterNote","player_choice":"Take","floor":3.0,"gold_loss":0.0,"damage_taken":0.0,"cards_obtained":["Replay:SS_hec_2"]},{"cards_removed":["Slimebound:Split"],"damage_healed":0.0,"max_hp_gain":0.0,"max_hp_loss":0.0,"gold_gain":0.0,"event_name":"The Cleric","player_choice":"Card Removal","floor":13.0,"gold_loss":50.0,"damage_taken":0.0},{"damage_healed":0.0,"max_hp_gain":0.0,"max_hp_loss":0.0,"gold_gain":0.0,"event_name":"FaceTrader","player_choice":"Trade","floor":20.0,"gold_loss":0.0,"damage_taken":0.0,"relics_obtained":["GremlinMask"]},{"damage_healed":0.0,"max_hp_gain":0.0,"max_hp_loss":0.0,"gold_gain":0.0,"event_name":"Ghosts","player_choice":"Ignored","floor":28.0,"gold_loss":0.0,"damage_taken":0.0},{"damage_healed":0.0,"max_hp_gain":0.0,"max_hp_loss":15.0,"gold_gain":2.0,"event_name":"betterStone:BetterStone","player_choice":"2","floor":31.0,"gold_loss":0.0,"damage_taken":0.0},{"damage_healed":0.0,"max_hp_gain":0.0,"max_hp_loss":0.0,"gold_gain":0.0,"event_name":"Mysterious Sphere","player_choice":"Ignored","floor":36.0,"gold_loss":0.0,"damage_taken":0.0},{"damage_healed":0.0,"max_hp_gain":0.0,"max_hp_loss":0.0,"gold_gain":0.0,"cards_transformed":["Defend_B"],"event_name":"Transmorgrifier","player_choice":"Transformed","floor":38.0,"gold_loss":0.0,"damage_taken":0.0,"cards_obtained":["Doom and Gloom"]}],"is_beta":false,"boss_relics":[{"not_picked":["hubris:HollowSoul","ChewingGum"],"picked":"hubris:Stopwatch"},{"not_picked":["hubris:TerracottaHorce","ReplayTheSpireMod:DimensionalGlitch"],"picked":"Black Star"}],"items_purged_floors":[2,24,37],"is_endless":false,"potions_floor_spawned":[6,12,16,18,29,30,33,39],"killed_by":"Reptomancer","ascension_level":0}}