{"host":"zjxcc3u4aqpoowwq","time":1609796108,"event":{"mods":["100% Spire Juice","2.2 Compatiblity","AchievementEnabler","BaseMod","Better Third Choice","CapriCore","Colored Map","Keyboard Shortcuts","Minty Spire (QoL Compilation)","StSLib"],"gold_per_floor":[117,117,129,109,129,129,162,178,178,103,122,122,168,198,78,173,53,72,89,9,24,24,24,24,24,47,59,59,59,87,98,98,203,203,213,213,224,104,104,136,152,0,26,26,38,38,67,87,87,87],"floor_reached":51,"playtime":2707,"items_purged":["Pain"],"score":825,"play_id":"8ec53af8-ae91-4972-a7e3-91ebd41c1c67","local_time":"20210105063508","is_ascension_mode":false,"campfire_choices":[{"data":"Moonworks:Ambush","floor":6.0,"key":"SMITH"},{"data":"Moonworks:CompletionReward","floor":15.0,"key":"SMITH"},{"data":"Moonworks:CrystalBarrier","floor":23.0,"key":"SMITH"},{"floor":29.0,"key":"REST"},{"floor":32.0,"key":"REST"},{"floor":46.0,"key":"REST"},{"data":"Moonworks:Poppoformation","floor":49.0,"key":"SMITH"}],"circlet_count":0,"master_deck":["Moonworks:Strike","Moonworks:Strike","Moonworks:Defend+1","Moonworks:Defend","Moonworks:Defend","Moonworks:Defend","Moonworks:Ambush+1","Moonworks:LongDistanceShot","Moonworks:Heat300Percent+1","Moonworks:FinalSurgery","Moonworks:MiracleRedBeanIceCream","Moonworks:FullSpeedAlicianrone","Moonworks:CompletionReward+1","Apotheosis+1","Moonworks:WeAreWaruda","Moonworks:AwakeningOfTalent","Moonworks:CrystalBarrier+1","Moonworks:BeyondHell+1","Moonworks:BindingChains+1","Moonworks:CookingTime+1","Moonworks:HolyNight","CurseOfTheBell","Moonworks:BigBangBell","Madness","Madness","Moonworks:ShieldCounter","Moonworks:Poppoformation+1"],"relics":["Moonworks:BrokenBomb","Moonworks:Homemark","Pen Nib","WarpedTongs","Singing Bowl","Eternal Feather","PreservedInsect","Shuriken","Black Star","Nilry\u0027s Codex","Art of War","War Paint","Pear","Calling Bell","Blood Vial","Question Card","Gambling Chip","Bag of Preparation","Moonworks:LittleGull","Red Mask","Bronze Scales","Bag of Marbles","Potion Belt"],"acts_visited":["Exordium","TheCity","TheBeyond"],"potions_floor_usage":[50,50],"damage_taken":[{"damage":6.0,"enemies":"Jaw Worm","floor":1.0,"turns":2.0},{"damage":0.0,"enemies":"Cultist","floor":3.0,"turns":2.0},{"damage":0.0,"enemies":"2 Louse","floor":5.0,"turns":2.0},{"damage":3.0,"enemies":"Gremlin Nob","floor":7.0,"turns":2.0},{"damage":4.0,"enemies":"Blue Slaver","floor":8.0,"turns":4.0},{"damage":1.0,"enemies":"Looter","floor":11.0,"turns":3.0},{"damage":18.0,"enemies":"Slime Boss","floor":16.0,"turns":7.0},{"damage":3.0,"enemies":"Chosen","floor":18.0,"turns":3.0},{"damage":12.0,"enemies":"3 Byrds","floor":19.0,"turns":4.0},{"damage":22.0,"enemies":"Centurion and Healer","floor":21.0,"turns":5.0},{"damage":0.0,"enemies":"Snecko","floor":27.0,"turns":5.0},{"damage":49.0,"enemies":"Slavers","floor":30.0,"turns":6.0},{"damage":19.0,"enemies":"Sentry and Sphere","floor":31.0,"turns":5.0},{"damage":18.0,"enemies":"Champ","floor":33.0,"turns":9.0},{"damage":6.0,"enemies":"Orb Walker","floor":35.0,"turns":4.0},{"damage":1.0,"enemies":"3 Darklings","floor":37.0,"turns":8.0},{"damage":22.0,"enemies":"Nemesis","floor":40.0,"turns":9.0},{"damage":12.0,"enemies":"Transient","floor":41.0,"turns":5.0},{"damage":31.0,"enemies":"Spire Growth","floor":45.0,"turns":6.0},{"damage":0.0,"enemies":"Giant Head","floor":47.0,"turns":7.0},{"damage":20.0,"enemies":"Maw","floor":48.0,"turns":6.0},{"damage":63,"enemies":"Awakened One","floor":50,"turns":13}],"seed_played":"-7289805472099984232","potions_obtained":[{"floor":5.0,"key":"SkillPotion"},{"floor":11.0,"key":"BlessingOfTheForge"},{"floor":18.0,"key":"SpeedPotion"},{"floor":27.0,"key":"Regen Potion"},{"floor":30.0,"key":"Strength Potion"},{"floor":33.0,"key":"Energy Potion"},{"floor":35.0,"key":"FearPotion"}],"is_trial":false,"path_per_floor":["M","?","M","?","M","R","E","M","T","$","M","?","T","?","R","B",null,"M","M","$","M","$","R","?","?","T","M","?","R","E","M","R","B",null,"M","?","M","$","$","E","M","?","T","?","M","R","E","M","R","B",null],"character_chosen":"THE_STARBREAKER","items_purchased":["Moonworks:CrystalBarrier"],"campfire_rested":3,"item_purchase_floors":[20],"current_hp_per_floor":[54,54,54,54,54,54,53,49,49,49,48,48,48,48,57,39,62,61,49,49,27,27,39,23,23,23,23,23,54,30,21,55,45,76,77,77,78,78,78,60,60,60,60,49,28,68,70,54,69,16],"gold":87,"neow_bonus":"RANDOM_COMMON_RELIC","is_daily":false,"chose_seed":false,"campfire_upgraded":4,"win_rate":0.0,"timestamp":1609796108,"path_taken":["M","?","?","?","?","R","E","M","T","$","M","?","?","?","R","BOSS","M","M","$","M","$","R","?","?","T","M","?","R","E","?","R","BOSS","M","?","M","?","$","E","M","?","T","?","M","R","E","M","R","BOSS"],"items_purchased_type":["Card"],"build_version":"2020-12-22","purchased_purges":1,"victory":true,"max_hp_per_floor":[60,60,60,60,60,60,62,62,62,62,62,62,62,62,62,62,62,64,64,64,64,64,64,64,64,64,64,64,64,74,76,76,76,76,78,78,80,80,80,82,84,84,84,84,84,84,84,86,86,86],"card_choices":[{"not_picked":["Moonworks:LulusLuckyEgg","Moonworks:CloudOfSeagulls"],"picked":"Moonworks:Heat300Percent","floor":1.0},{"not_picked":["Moonworks:BackdoorTrade","Moonworks:CompletionReward"],"picked":"Moonworks:FinalSurgery","floor":3.0},{"not_picked":["Moonworks:MixPhenomenon","Moonworks:JonathanRush"],"picked":"Moonworks:MiracleRedBeanIceCream","floor":5.0},{"not_picked":["Moonworks:IndiscriminateFireSupport","Moonworks:NicePresent","Moonworks:AngelHand"],"picked":"Singing Bowl","floor":7.0},{"not_picked":["Moonworks:NicePresent","Moonworks:BigMagnum"],"picked":"Moonworks:FullSpeedAlicianrone","floor":8.0},{"not_picked":["Moonworks:Heat300Percent","Moonworks:NicePresent"],"picked":"Moonworks:CompletionReward","floor":11.0},{"not_picked":["Moonworks:SubspaceTunnel","Moonworks:SinkOrSwim"],"picked":"Moonworks:WeAreWaruda","floor":16.0},{"not_picked":["Moonworks:DeployBits","Moonworks:ForcedRevival","Moonworks:ImOnFire"],"picked":"Singing Bowl","floor":18.0},{"not_picked":["Moonworks:IndiscriminateFireSupport","Moonworks:ImOnFire"],"picked":"Moonworks:AwakeningOfTalent","floor":19.0},{"not_picked":["Moonworks:Dinner+1","Moonworks:LulusLuckyEgg"],"picked":"Moonworks:BeyondHell+1","floor":21.0},{"not_picked":["Moonworks:SealedMemories","Moonworks:Poppoformation+1"],"picked":"Moonworks:BindingChains+1","floor":27.0},{"not_picked":["Moonworks:AwakeningOfTalent","Moonworks:ImOnFire"],"picked":"Moonworks:CookingTime+1","floor":30.0},{"not_picked":["Moonworks:Assault","Moonworks:ImOnFire","Moonworks:BigMagnum"],"picked":"Singing Bowl","floor":31.0},{"not_picked":["Moonworks:OutOfAmmo","Moonworks:Wanted"],"picked":"Moonworks:HolyNight","floor":33.0},{"not_picked":["Moonworks:WindyEnchantment","Moonworks:CastOff","Moonworks:UnpaidWork+1","Moonworks:ImOnFire+1"],"picked":"Singing Bowl","floor":35.0},{"not_picked":["Moonworks:ImOnFire+1","Moonworks:Dash+1","Moonworks:CloudOfSeagulls","Moonworks:BeyondHell+1"],"picked":"Singing Bowl","floor":37.0},{"not_picked":["Moonworks:Assault+1","Moonworks:JonathanRush+1","Moonworks:DeployBits+1","Moonworks:Blazing"],"picked":"Singing Bowl","floor":40.0},{"not_picked":["Moonworks:CloudOfSeagulls+1","Moonworks:Assault+1","Moonworks:ImOnFire+1","Moonworks:LuckyCharm"],"picked":"Singing Bowl","floor":41.0},{"not_picked":["Moonworks:CompletionReward","Moonworks:DeployBits+1","Moonworks:LulusLuckyEgg"],"picked":"Moonworks:ShieldCounter","floor":45.0},{"not_picked":["Moonworks:LulusLuckyEgg","Moonworks:EvilSpyWorkPreparation+1","Moonworks:BigMagnum+1"],"picked":"Moonworks:Poppoformation","floor":47.0},{"not_picked":["Moonworks:BeyondHell+1","Moonworks:ImOnFire+1","Moonworks:EvilSpyWorkPreparation","Moonworks:BigMagnum"],"picked":"Singing Bowl","floor":48.0}],"player_experience":813609,"relics_obtained":[{"floor":7.0,"key":"Singing Bowl"},{"floor":9.0,"key":"Eternal Feather"},{"floor":13.0,"key":"PreservedInsect"},{"floor":24.0,"key":"Nilry\u0027s Codex"},{"floor":26.0,"key":"Art of War"},{"floor":30.0,"key":"War Paint"},{"floor":30.0,"key":"Pear"},{"floor":34.0,"key":"Blood Vial"},{"floor":34.0,"key":"Question Card"},{"floor":34.0,"key":"Gambling Chip"},{"floor":40.0,"key":"Bag of Preparation"},{"floor":40.0,"key":"Moonworks:LittleGull"},{"floor":43.0,"key":"Bronze Scales"},{"floor":47.0,"key":"Bag of Marbles"},{"floor":47.0,"key":"Potion Belt"}],"event_choices":[{"damage_healed":0.0,"max_hp_gain":0.0,"max_hp_loss":0.0,"gold_gain":0.0,"event_name":"Accursed Blacksmith","player_choice":"Rummage","floor":2.0,"gold_loss":0.0,"damage_taken":0.0,"relics_obtained":["WarpedTongs"],"cards_obtained":["Pain"]},{"damage_healed":0.0,"max_hp_gain":0.0,"max_hp_loss":0.0,"gold_gain":100.0,"event_name":"Wheel of Change","player_choice":"Gold","floor":4.0,"gold_loss":0.0,"damage_taken":0.0},{"damage_healed":48.0,"max_hp_gain":0.0,"max_hp_loss":62.0,"gold_gain":0.0,"event_name":"betterThird:BetterShining","player_choice":"Embrace","floor":12.0,"gold_loss":0.0,"damage_taken":0.0},{"damage_healed":0.0,"max_hp_gain":0.0,"max_hp_loss":0.0,"gold_gain":30.0,"event_name":"Dead Adventurer","player_choice":"Searched \u00273\u0027 times","floor":14.0,"gold_loss":0.0,"damage_taken":0.0,"relics_obtained":["Shuriken"]},{"damage_healed":0.0,"max_hp_gain":0.0,"max_hp_loss":0.0,"gold_gain":0.0,"event_name":"Cursed Tome","player_choice":"Obtained Book","floor":24.0,"gold_loss":0.0,"damage_taken":16.0},{"cards_removed":["Moonworks:Strike"],"damage_healed":0.0,"max_hp_gain":0.0,"max_hp_loss":0.0,"gold_gain":0.0,"event_name":"Bonfire Elementals","player_choice":"Offered Basic","floor":28.0,"gold_loss":0.0,"damage_taken":0.0},{"damage_healed":0.0,"max_hp_gain":0.0,"max_hp_loss":0.0,"gold_gain":0.0,"cards_transformed":["Moonworks:Strike"],"event_name":"Transmorgrifier","player_choice":"Transformed","floor":36.0,"gold_loss":0.0,"damage_taken":0.0,"cards_obtained":["Moonworks:BigBangBell"]},{"damage_healed":0.0,"max_hp_gain":0.0,"max_hp_loss":0.0,"gold_gain":0.0,"event_name":"Tomb of Lord Red Mask","player_choice":"Paid","floor":42.0,"gold_loss":32.0,"damage_taken":0.0,"relics_obtained":["Red Mask"]},{"damage_healed":0.0,"max_hp_gain":0.0,"max_hp_loss":0.0,"gold_gain":0.0,"event_name":"Winding Halls","player_choice":"Embrace Madness","floor":44.0,"gold_loss":0.0,"damage_taken":11.0,"cards_obtained":["Madness","Madness"]}],"is_beta":false,"boss_relics":[{"not_picked":["SacredBark","Runic Dome"],"picked":"Black Star"},{"not_picked":["Busted Crown","Coffee Dripper"],"picked":"Calling Bell"}],"items_purged_floors":[10],"is_endless":false,"potions_floor_spawned":[5,11,18,27,30,33,35,37],"ascension_level":0}}