{"host":"odz7g4gpgch153rb","time":1609727793,"event":{"mods":["AchievementEnabler","BaseMod","Better Match","Better Third Choice","BetterRewards","GifTheSpireLib","Infinite Spire","Jedi Mod","Minty Spire (QoL Compilation)","Quick Restart","Replay The Spire","Spikes Relics","StSLib","Stuff the Spire","The Blue Laboratory","Trackpad"],"gold_per_floor":[109,109,11,11,11,11,36,36,36,36,51,51,62,62,62,133,133,143,177,177,197,69,69,69,69],"floor_reached":24,"playtime":1090,"items_purged":["Strike_G"],"score":398,"play_id":"f1466570-c4a7-4a07-aaac-a8e493f05b8d","local_time":"20210103213633","is_ascension_mode":true,"campfire_choices":[{"data":"Accuracy","floor":6.0,"key":"SMITH"},{"data":"Envenom","floor":8.0,"key":"SMITH"},{"data":"infinitespire:Collect","floor":10.0,"key":"SMITH"},{"data":"Neutralize","floor":12.0,"key":"SMITH"},{"data":"Cloak And Dagger","floor":15.0,"key":"SMITH"},{"floor":23,"key":"REST"}],"circlet_count":0,"master_deck":["AscendersBane","Strike_G","Strike_G","Strike_G","Strike_G","Defend_G","Defend_G","Defend_G","Defend_G","Defend_G","Survivor","Neutralize+1","Hidden Blade","Accuracy+1","Cloak And Dagger+1","infinitespire:Collect+1","Envenom+1","A Thousand Cuts","StuffTheSpire:Injection"],"relics":["Ring of the Snake","NeowsBlessing","jedi:ghostblades","GiantMaggot","RoseTintedShades","CosmicIsotope","Red Mask"],"acts_visited":["Exordium","TheCity"],"potions_floor_usage":[19,19,21,24],"damage_taken":[{"damage":0.0,"enemies":"2 Louse","floor":1.0,"turns":2.0},{"damage":0.0,"enemies":"Lagavulin","floor":7.0,"turns":1.0},{"damage":0.0,"enemies":"Jaw Worm","floor":11.0,"turns":1.0},{"damage":0.0,"enemies":"Small Slimes","floor":13.0,"turns":4.0},{"damage":31.0,"enemies":"Slime Boss","floor":16.0,"turns":9.0},{"damage":0,"enemies":"Spheric Guardian","floor":18,"turns":2},{"damage":25,"enemies":"Masked Bandits","floor":19,"turns":5},{"damage":15,"enemies":"Shell Parasite","floor":21,"turns":3},{"damage":47,"enemies":"Slavers","floor":24,"turns":5}],"seed_played":"1158316936259287809","potions_obtained":[{"floor":7.0,"key":"blueLaboratory:FrostheartPotion"},{"floor":16.0,"key":"SpeedPotion"},{"floor":18,"key":"EssenceOfSteel"},{"floor":19,"key":"BlessingOfTheForge"}],"is_trial":false,"path_per_floor":["M","?","$","?","?","R","E","R","T","R","M","R","M","T","R","B",null,"M","?","?","M","$","R","E"],"character_chosen":"THE_SILENT","items_purchased":["Accuracy","Cloak And Dagger","blueLaboratory:FruitPunch"],"campfire_rested":1,"item_purchase_floors":[3,3,22],"current_hp_per_floor":[59,64,64,64,47,47,47,47,47,47,47,47,47,47,47,16,57,57,32,32,17,17,38,0,0],"gold":69,"neow_bonus":"THREE_ENEMY_KILL","is_daily":false,"chose_seed":false,"campfire_upgraded":5,"win_rate":0.0,"timestamp":1609727793,"path_taken":["M","?","$","?","?","R","E","R","T","R","M","R","?","?","R","BOSS","M","?","?","M","$","R","E"],"items_purchased_type":["Card","Card","Potion"],"build_version":"2020-12-22","purchased_purges":1,"victory":false,"max_hp_per_floor":[66,71,71,71,71,71,71,71,71,71,71,71,71,71,71,71,71,71,71,71,71,71,71,73,73],"card_choices":[{"not_picked":["StuffTheSpire:Incantation","Dagger Throw"],"picked":"Hidden Blade","floor":1.0},{"not_picked":["Replay:Fractal Strike","infinitespire:SevenWalls"],"picked":"infinitespire:Collect","floor":5.0},{"not_picked":["ReplayTheSpireMod:Shiv Toss","Flying Knee"],"picked":"Envenom","floor":7.0},{"not_picked":["StuffTheSpire:MirrorStance","StuffTheSpire:BrimstoneBlast","StuffTheSpire:ClusterCrunch"],"picked":"SKIP","floor":11.0},{"not_picked":["Well Laid Plans","StuffTheSpire:BumpUp","jedi:pocketpoison"],"picked":"SKIP","floor":13.0},{"not_picked":["Replay:Bag of Tricks","Die Die Die"],"picked":"A Thousand Cuts","floor":16.0},{"not_picked":["Predator","Dash","StuffTheSpire:Python"],"picked":"SKIP","floor":18},{"not_picked":["StuffTheSpire:ClusterCrunch","Fluid Movement"],"picked":"StuffTheSpire:Injection","floor":19},{"not_picked":["Flying Knee","StuffTheSpire:Incantation","Underhanded Strike"],"picked":"SKIP","floor":21}],"player_experience":994433,"relics_obtained":[{"floor":7.0,"key":"jedi:ghostblades"},{"floor":9.0,"key":"GiantMaggot"},{"floor":14.0,"key":"RoseTintedShades"},{"floor":19,"key":"Red Mask"}],"event_choices":[{"damage_healed":0.0,"max_hp_gain":5.0,"max_hp_loss":0.0,"gold_gain":0.0,"event_name":"Big Fish","player_choice":"Donut","floor":2.0,"gold_loss":0.0,"damage_taken":0.0},{"damage_healed":0,"gold_gain":0,"player_choice":"Fought Bandits","damage_taken":0,"max_hp_gain":0,"max_hp_loss":0,"event_name":"Masked Bandits","floor":19,"gold_loss":0},{"damage_healed":0,"gold_gain":0,"player_choice":"Ignored","damage_taken":0,"max_hp_gain":0,"max_hp_loss":0,"event_name":"Ghosts","floor":20,"gold_loss":0}],"is_beta":false,"boss_relics":[{"not_picked":["infinitespire:Cupcake","trackpad:Coffee"],"picked":"CosmicIsotope"}],"items_purged_floors":[22],"is_endless":false,"potions_floor_spawned":[7,13,16,18,19],"killed_by":"Slavers","ascension_level":17}}