{"host":"52m1o8iwwagurbjs","time":1609792499,"event":{"mods":["AchievementEnabler","BaseMod","Bestiary","Colored Powertips","GifTheSpireLib","Minty Spire (QoL Compilation)","Quick Restart","RNG Fix","Relic Stats","StSLib"],"gold_per_floor":[113,123,140,27,27,56,56,76,76,76,76,111,125,158,158,248,248,269,269,269],"floor_reached":19,"playtime":889,"items_purged":[],"score":413,"play_id":"8838c1b1-30c9-4d82-9239-c2c2081e8929","local_time":"20210104153459","is_ascension_mode":true,"campfire_choices":[{"floor":7.0,"key":"REST"},{"floor":11.0,"key":"REST"},{"floor":15.0,"key":"REST"}],"circlet_count":0,"master_deck":["AscendersBane","Strike_B","Strike_B","Strike_B","Strike_B","Defend_B","Defend_B","Defend_B","Defend_B","Zap","Dualcast","Conserve Battery","Barrage","Leap","Glacier","Go for the Eyes","Gash","Coolheaded","Tempest","Glacier","Darkness","Biased Cognition","Defragment"],"relics":["Fusion Hammer","Ice Cream","Ornamental Fan","Ginger","Golden Idol","Pear","Regal Pillow","SlaversCollar"],"acts_visited":["Exordium","TheCity"],"potions_floor_usage":[],"damage_taken":[{"damage":1.0,"enemies":"Cultist","floor":1.0,"turns":3.0},{"damage":0.0,"enemies":"Jaw Worm","floor":2.0,"turns":5.0},{"damage":1.0,"enemies":"2 Louse","floor":3.0,"turns":2.0},{"damage":23.0,"enemies":"Lagavulin","floor":6.0,"turns":12.0},{"damage":14.0,"enemies":"Lots of Slimes","floor":8.0,"turns":7.0},{"damage":13.0,"enemies":"3 Sentries","floor":12.0,"turns":11.0},{"damage":1.0,"enemies":"Looter","floor":13.0,"turns":3.0},{"damage":0.0,"enemies":"Lagavulin","floor":14.0,"turns":5.0},{"damage":19.0,"enemies":"The Guardian","floor":16.0,"turns":12.0},{"damage":21,"enemies":"Chosen","floor":18,"turns":5},{"damage":60,"enemies":"Masked Bandits","floor":19,"turns":3}],"seed_played":"3190064935896847663","potions_obtained":[{"floor":3.0,"key":"Fruit Juice"},{"floor":13.0,"key":"AttackPotion"},{"floor":14.0,"key":"Dexterity Potion"}],"is_trial":false,"path_per_floor":["M","M","M","$","?","E","R","M","T","?","R","E","M","E","R","B",null,"M","?"],"character_chosen":"DEFECT","items_purchased":["Glacier","Go for the Eyes"],"campfire_rested":3,"item_purchase_floors":[4,4],"current_hp_per_floor":[63,63,62,62,62,39,60,51,51,51,69,66,65,65,79,60,74,53,0,0],"gold":269,"neow_bonus":"BOSS_RELIC","is_daily":false,"chose_seed":false,"campfire_upgraded":0,"win_rate":0.0,"timestamp":1609792499,"path_taken":["M","M","M","$","?","E","R","M","T","?","R","E","M","E","R","BOSS","M","?"],"items_purchased_type":["Card","Card"],"build_version":"2020-12-22","purchased_purges":0,"victory":false,"max_hp_per_floor":[71,71,71,71,71,71,71,76,76,69,69,79,79,79,79,79,79,79,79,79],"relic_stats":{"Regal Pillow":0,"counters":[11,68],"Ornamental Fan":[16],"Golden Idol":47,"Ginger":[8],"obtain_stats":[{"Ice Cream":5,"SlaversCollar":17,"Regal Pillow":14,"Pear":12,"Ornamental Fan":6,"Golden Idol":10,"Fusion Hammer":0,"Ginger":9,"Cracked Core":0},{"Ice Cream":3,"SlaversCollar":9,"Regal Pillow":8,"Pear":6,"Ornamental Fan":4,"Golden Idol":5,"Fusion Hammer":0,"Ginger":5,"Cracked Core":0},{"Ice Cream":10,"SlaversCollar":60,"Regal Pillow":48,"Pear":40,"Ornamental Fan":22,"Golden Idol":29,"Fusion Hammer":0,"Ginger":29,"Cracked Core":0}]},"card_choices":[{"not_picked":["Redo","Heatsinks"],"picked":"Conserve Battery","floor":1.0},{"not_picked":["Turbo","Force Field"],"picked":"Barrage","floor":2.0},{"not_picked":["Redo","Beam Cell"],"picked":"Leap","floor":3.0},{"not_picked":["Streamline","Force Field"],"picked":"Gash","floor":6.0},{"not_picked":["Go for the Eyes","Beam Cell"],"picked":"Coolheaded","floor":8.0},{"not_picked":["Fission","Storm"],"picked":"Tempest","floor":12.0},{"not_picked":["Barrage","Steam"],"picked":"Glacier","floor":13.0},{"not_picked":["Self Repair","Coolheaded"],"picked":"Darkness","floor":14.0},{"not_picked":["Amplify","Electrodynamics"],"picked":"Biased Cognition","floor":16.0},{"not_picked":["Coolheaded+1","Turbo"],"picked":"Defragment","floor":18}],"player_experience":1094151,"relics_obtained":[{"floor":5.0,"key":"Ice Cream"},{"floor":6.0,"key":"Ornamental Fan"},{"floor":9.0,"key":"Ginger"},{"floor":12.0,"key":"Pear"},{"floor":14.0,"key":"Regal Pillow"}],"event_choices":[{"damage_healed":0.0,"max_hp_gain":0.0,"max_hp_loss":0.0,"gold_gain":0.0,"event_name":"Wheel of Change","player_choice":"Relic","floor":5.0,"gold_loss":0.0,"damage_taken":0.0},{"damage_healed":0.0,"max_hp_gain":0.0,"max_hp_loss":7.0,"gold_gain":0.0,"event_name":"Golden Idol","player_choice":"Lose Max HP","floor":10.0,"gold_loss":0.0,"damage_taken":0.0,"relics_obtained":["Golden Idol"]},{"damage_healed":0,"gold_gain":0,"player_choice":"Fought Bandits","damage_taken":0,"max_hp_gain":0,"max_hp_loss":0,"event_name":"Masked Bandits","floor":19,"gold_loss":0}],"is_beta":false,"boss_relics":[{"not_picked":["Pandora\u0027s Box","Tiny House"],"picked":"SlaversCollar"}],"items_purged_floors":[],"is_endless":false,"potions_floor_spawned":[3,13,14],"killed_by":"Masked Bandits","ascension_level":19}}