{"host":"xcuflocadasoaqda","time":1609743562,"event":{"mods":["BaseMod","Bestiary","Filter the Spire","Minty Spire (QoL Compilation)","Relic Stats"],"gold_per_floor":[119,138,154,154,11,11,21,21,71,99,111,111,126,153,153,249,249,262,262,272,288,307,307,337,337,337,367,367,75,75,100,100,198,198,215,234,44,62,76,108,108,135,135,135,135,135,150,164,164,164,164,164,9,42,42],"floor_reached":56,"playtime":3178,"items_purged":["Neutralize+1"],"score":1590,"play_id":"ebb3f003-0d89-4bc4-a0fc-7bda874b4882","local_time":"20210104005922","is_ascension_mode":true,"campfire_choices":[{"data":"Blade Dance","floor":6.0,"key":"SMITH"},{"data":"Dagger Spray","floor":8.0,"key":"SMITH"},{"data":"Tools of the Trade","floor":15.0,"key":"SMITH"},{"data":"Terror","floor":23.0,"key":"SMITH"},{"data":"Malaise","floor":25.0,"key":"SMITH"},{"data":"Dash","floor":28.0,"key":"SMITH"},{"data":"Accuracy","floor":32.0,"key":"SMITH"},{"data":"Wraith Form v2","floor":41.0,"key":"SMITH"},{"data":"Grand Finale","floor":45.0,"key":"SMITH"},{"floor":49,"key":"RECALL"},{"data":"Escape Plan","floor":52,"key":"SMITH"}],"circlet_count":0,"master_deck":["Survivor+1","Blade Dance+1","Blade Dance+1","Dash+1","Tools of the Trade+1","Leg Sweep","Grand Finale+1","Terror+1","Malaise+1","Accuracy+1","Wraith Form v2+1","Prepared+1","Escape Plan+1","Acrobatics","Acrobatics+1","Reflex+1"],"relics":["Pandora\u0027s Box","Sling","Whetstone","War Paint","Akabeko","Coffee Dripper","Gremlin Horn","Omamori","Anchor","OrangePellets","Lantern","WristBlade","Frozen Eye","PreservedInsect","Dream Catcher","Medical Kit","Toy Ornithopter"],"acts_visited":["Exordium","TheCity","TheBeyond","TheEnding"],"potions_floor_usage":[55,55,55],"damage_taken":[{"damage":5.0,"enemies":"2 Louse","floor":1.0,"turns":14.0},{"damage":0.0,"enemies":"Cultist","floor":2.0,"turns":4.0},{"damage":0.0,"enemies":"Small Slimes","floor":3.0,"turns":2.0},{"damage":0.0,"enemies":"Looter","floor":7.0,"turns":2.0},{"damage":2.0,"enemies":"3 Sentries","floor":10.0,"turns":3.0},{"damage":0.0,"enemies":"Large Slime","floor":11.0,"turns":2.0},{"damage":0.0,"enemies":"Blue Slaver","floor":13.0,"turns":2.0},{"damage":0.0,"enemies":"Gremlin Nob","floor":14.0,"turns":3.0},{"damage":2.0,"enemies":"The Guardian","floor":16.0,"turns":12.0},{"damage":0.0,"enemies":"Shell Parasite","floor":18.0,"turns":2.0},{"damage":7.0,"enemies":"2 Thieves","floor":20.0,"turns":3.0},{"damage":0.0,"enemies":"3 Cultists","floor":21.0,"turns":3.0},{"damage":4.0,"enemies":"Snake Plant","floor":22.0,"turns":3.0},{"damage":0.0,"enemies":"Slavers","floor":24.0,"turns":1.0},{"damage":0.0,"enemies":"Book of Stabbing","floor":27.0,"turns":4.0},{"damage":0.0,"enemies":"Slavers","floor":31.0,"turns":2.0},{"damage":0.0,"enemies":"Collector","floor":33.0,"turns":3.0},{"damage":0.0,"enemies":"3 Shapes","floor":35.0,"turns":5.0},{"damage":0.0,"enemies":"3 Darklings","floor":36.0,"turns":2.0},{"damage":0.0,"enemies":"Jaw Worm Horde","floor":38.0,"turns":2.0},{"damage":0.0,"enemies":"Writhing Mass","floor":39.0,"turns":2.0},{"damage":0.0,"enemies":"Reptomancer","floor":40.0,"turns":1.0},{"damage":0.0,"enemies":"Giant Head","floor":42.0,"turns":1.0},{"damage":0,"enemies":"Sphere and 2 Shapes","floor":47,"turns":1},{"damage":0,"enemies":"Maw","floor":48,"turns":2},{"damage":0,"enemies":"Donu and Deca","floor":50,"turns":3},{"damage":0,"enemies":"Shield and Spear","floor":54,"turns":3},{"damage":13,"enemies":"The Heart","floor":55,"turns":5}],"seed_played":"-4244065008784828591","potions_obtained":[{"floor":2.0,"key":"GamblersBrew"},{"floor":3.0,"key":"Energy Potion"},{"floor":14.0,"key":"Ancient Potion"},{"floor":24.0,"key":"DuplicationPotion"},{"floor":36.0,"key":"SpeedPotion"}],"is_trial":false,"path_per_floor":["M","M","M","?","$","R","M","R","T","E","M","$","M","E","R","B",null,"M","?","M","M","M","R","E","R","T","E","R","$","?","E","R","B",null,"M","M","$","M","M","E","R","E","T","?","R","?","M","M","R","B",null,"R","$","E","B",null],"character_chosen":"THE_SILENT","items_purchased":["Sling","Accuracy","OrangePellets","Acrobatics","Frozen Eye","Medical Kit"],"campfire_rested":0,"item_purchase_floors":[5,29,29,37,37,53],"current_hp_per_floor":[65,65,65,65,65,65,65,65,65,63,63,63,63,63,63,61,70,70,70,63,63,59,59,59,59,59,59,59,59,59,59,59,59,70,70,70,70,70,70,70,70,70,70,70,70,70,70,70,70,70,70,70,70,70,63],"gold":42,"neow_bonus":"BOSS_RELIC","is_daily":false,"chose_seed":false,"campfire_upgraded":10,"win_rate":0.0,"timestamp":1609743562,"path_taken":["M","M","M","?","$","R","M","R","T","E","?","?","M","E","R","BOSS","M","?","?","M","M","R","E","R","T","E","R","$","?","E","R","BOSS","M","M","$","M","M","E","R","E","T","?","R","?","M","M","R","BOSS","R","$","E","BOSS"],"items_purchased_type":["Relic","Card","Relic","Card","Relic","Relic"],"build_version":"2020-12-22","purchased_purges":1,"victory":true,"max_hp_per_floor":[70,70,70,70,70,70,70,70,70,70,70,70,70,70,70,70,70,70,70,70,70,70,70,70,70,70,70,70,70,70,70,70,70,70,70,70,70,70,70,70,70,70,70,70,70,70,70,70,70,70,70,70,70,70,70],"relic_stats":{"OrangePellets":[12],"Dream Catcher":0,"Gremlin Horn":[11,11],"counters":[28,92],"Pandora\u0027s Box":["A Thousand Cuts","Cloak And Dagger","Predator","Endless Agony","Grand Finale","Reflex","Flying Knee","Glass Knife","Backflip","Backstab"],"PreservedInsect":193,"Whetstone":["Neutralize"],"War Paint":["Survivor","Blade Dance"],"Medical Kit":[6],"obtain_stats":[{"Lantern":31,"Gremlin Horn":24,"PreservedInsect":40,"Omamori":26,"Whetstone":9,"War Paint":10,"Sling":5,"Medical Kit":53,"Akabeko":14,"OrangePellets":29,"Frozen Eye":37,"Anchor":27,"Dream Catcher":42,"WristBlade":34,"Pandora\u0027s Box":0,"Coffee Dripper":17,"Toy Ornithopter":54,"Ring of the Snake":0},{"Lantern":16,"Gremlin Horn":14,"PreservedInsect":22,"Omamori":14,"Whetstone":4,"War Paint":5,"Sling":3,"Medical Kit":26,"Akabeko":8,"OrangePellets":15,"Frozen Eye":19,"Anchor":15,"Dream Catcher":23,"WristBlade":17,"Pandora\u0027s Box":0,"Coffee Dripper":9,"Toy Ornithopter":27,"Ring of the Snake":0},{"Lantern":62,"Gremlin Horn":56,"PreservedInsect":77,"Omamori":56,"Whetstone":22,"War Paint":25,"Sling":20,"Medical Kit":84,"Akabeko":32,"OrangePellets":60,"Frozen Eye":72,"Anchor":60,"Dream Catcher":78,"WristBlade":65,"Pandora\u0027s Box":0,"Coffee Dripper":44,"Toy Ornithopter":87,"Ring of the Snake":0}],"Toy Ornithopter":6},"card_choices":[{"not_picked":["Dagger Spray","Sucker Punch"],"picked":"Blade Dance","floor":1.0},{"not_picked":["Escape Plan","Crippling Poison"],"picked":"Dagger Spray","floor":2.0},{"not_picked":["Sucker Punch","Endless Agony","Backflip"],"picked":"SKIP","floor":3.0},{"not_picked":["Catalyst","Deflect"],"picked":"Blade Dance","floor":7.0},{"not_picked":["Dagger Throw","Deadly Poison","Slice"],"picked":"SKIP","floor":10.0},{"not_picked":["Deflect","Noxious Fumes"],"picked":"Dash","floor":11.0},{"not_picked":["Sucker Punch","Slice"],"picked":"Tools of the Trade","floor":13.0},{"not_picked":["Expertise","Masterful Stab"],"picked":"Leg Sweep","floor":14.0},{"not_picked":["A Thousand Cuts","Unload"],"picked":"Grand Finale","floor":16.0},{"not_picked":["Deflect","Heel Hook+1"],"picked":"Terror","floor":18.0},{"not_picked":["Tactician","Heel Hook","Deadly Poison"],"picked":"SKIP","floor":20.0},{"not_picked":["Poisoned Stab","Deadly Poison","Flying Knee"],"picked":"SKIP","floor":21.0},{"not_picked":["Dodge and Roll","Choke","Deadly Poison+1"],"picked":"SKIP","floor":22.0},{"not_picked":["Sucker Punch+1","Dodge and Roll"],"picked":"Malaise","floor":24.0},{"not_picked":["Deflect","Calculated Gamble","Heel Hook"],"picked":"SKIP","floor":27.0},{"not_picked":["Deadly Poison","A Thousand Cuts","Noxious Fumes"],"picked":"SKIP","floor":31.0},{"not_picked":["Night Terror","After Image"],"picked":"Wraith Form v2","floor":33.0},{"not_picked":["Sucker Punch+1","Choke"],"picked":"Prepared+1","floor":35.0},{"not_picked":["Dagger Spray+1","PiercingWail+1"],"picked":"Escape Plan","floor":36.0},{"not_picked":["Deflect+1","Poisoned Stab"],"picked":"Acrobatics+1","floor":38.0},{"not_picked":["Glass Knife","Acrobatics","Endless Agony"],"picked":"SKIP","floor":39.0},{"not_picked":["Glass Knife","Acrobatics","Endless Agony"],"picked":"SKIP","floor":39.0},{"not_picked":["Eviscerate+1","Expertise+1"],"picked":"Reflex+1","floor":40.0},{"not_picked":["Dagger Spray+1","Bane","Choke+1"],"picked":"SKIP","floor":42.0},{"not_picked":["Backstab","Acrobatics+1","Blade Dance+1"],"picked":"SKIP","floor":47},{"not_picked":["Accuracy","Slice","Acrobatics+1"],"picked":"SKIP","floor":48},{"not_picked":["Bouncing Flask","Noxious Fumes","Deadly Poison"],"picked":"SKIP","floor":54}],"player_experience":1876842,"relics_obtained":[{"floor":9.0,"key":"Whetstone"},{"floor":10.0,"key":"War Paint"},{"floor":14.0,"key":"Akabeko"},{"floor":24.0,"key":"Gremlin Horn"},{"floor":26.0,"key":"Omamori"},{"floor":27.0,"key":"Anchor"},{"floor":31.0,"key":"Lantern"},{"floor":40.0,"key":"PreservedInsect"},{"floor":42.0,"key":"Dream Catcher"},{"floor":54,"key":"Toy Ornithopter"}],"event_choices":[{"damage_healed":0.0,"max_hp_gain":0.0,"max_hp_loss":0.0,"gold_gain":0.0,"event_name":"Transmorgrifier","player_choice":"Ignored","floor":4.0,"gold_loss":0.0,"damage_taken":0.0},{"damage_healed":0.0,"max_hp_gain":0.0,"max_hp_loss":0.0,"gold_gain":0.0,"event_name":"NoteForYourself","player_choice":"Ignored","floor":19.0,"gold_loss":0.0,"damage_taken":0.0},{"damage_healed":0.0,"max_hp_gain":0.0,"max_hp_loss":0.0,"gold_gain":0.0,"event_name":"Back to Basics","player_choice":"Simplicity","floor":30.0,"gold_loss":0.0,"damage_taken":0.0,"cards_upgraded":[]},{"cards_removed":["Dagger Spray"],"damage_healed":0.0,"max_hp_gain":0.0,"max_hp_loss":0.0,"gold_gain":0.0,"event_name":"Falling","player_choice":"Removed Attack","floor":44.0,"gold_loss":0.0,"damage_taken":0.0},{"damage_healed":18,"gold_gain":0,"player_choice":"Writhe","damage_taken":0,"max_hp_gain":0,"max_hp_loss":0,"event_name":"Winding Halls","floor":46,"gold_loss":0,"cards_obtained":["Writhe"]}],"is_beta":false,"boss_relics":[{"not_picked":["SacredBark","Fusion Hammer"],"picked":"Coffee Dripper"},{"not_picked":["Philosopher\u0027s Stone","Empty Cage"],"picked":"WristBlade"}],"items_purged_floors":[29],"is_endless":false,"potions_floor_spawned":[2,3,14,18,24,27,36,42,47],"ascension_level":1}}