{"host":"ewfe3cr33ktd9xzj","time":1609741290,"event":{"mods":["AchievementEnabler","BaseMod","Colored Map","Custom Start","DeckTracker","Minty Spire (QoL Compilation)","Rare Cards Sparkle","StSLib","everything is the same but u backflip on backflip"],"gold_per_floor":[113,113,136,286,73,73,106,106,130,164,188,188,202,223,223,322,322,337,355,355,355,82,82,117,117,117,131,165,90,124,549,549,643,643,661,685,120,140,140,184,184,164,164,185,228,258,270,350,362,374,374],"floor_reached":50,"playtime":1574,"items_purged":["Doubt","Strike_G","Strike_G"],"score":1557,"play_id":"f57193de-7e01-497f-ade7-2eca3ce7c180","local_time":"20210104152130","is_ascension_mode":true,"campfire_choices":[{"data":"Cloak And Dagger","floor":6.0,"key":"SMITH"},{"data":"Accuracy","floor":8.0,"key":"SMITH"},{"data":"Blade Dance","floor":15.0,"key":"SMITH"},{"data":"Phantasmal Killer","floor":23.0,"key":"SMITH"},{"data":"Dodge and Roll","floor":32.0,"key":"SMITH"},{"data":"Adrenaline","floor":41,"key":"SMITH"},{"data":"Footwork","floor":47,"key":"SMITH"},{"floor":49,"key":"RECALL"}],"circlet_count":0,"master_deck":["AscendersBane","Strike_G","Strike_G","Strike_G","Defend_G","Defend_G+1","Defend_G","Defend_G","Defend_G","Survivor","Neutralize","Blade Dance+1","Cloak And Dagger+1","Accuracy+1","Calculated Gamble","Well Laid Plans","Blade Dance+1","Phantasmal Killer+1","Cloak And Dagger","Infinite Blades","Cloak And Dagger","Prepared","Dodge and Roll+1","Footwork+1","Blade Dance","Backflip","A Thousand Cuts","CurseOfTheBell","Adrenaline+1","Calculated Gamble","Flash of Steel","Escape Plan","Backflip+1","Flechettes"],"relics":["Ring of the Snake","NeowsBlessing","Golden Idol","The Courier","Anchor","PreservedInsect","WristBlade","Oddly Smooth Stone","Bag of Marbles","HornCleat","Shovel","Pantograph","Old Coin","Blue Candle","Calling Bell","Bag of Preparation","Mummified Hand","FossilizedHelix","White Beast Statue","Toy Ornithopter","Vajra","Centennial Puzzle","MawBank","Tough Bandages"],"acts_visited":["Exordium","TheCity","TheBeyond"],"potions_floor_usage":[50],"damage_taken":[{"damage":0.0,"enemies":"Small Slimes","floor":1.0,"turns":1.0},{"damage":0.0,"enemies":"2 Louse","floor":3.0,"turns":1.0},{"damage":0.0,"enemies":"Lagavulin","floor":7.0,"turns":1.0},{"damage":2.0,"enemies":"3 Sentries","floor":10.0,"turns":6.0},{"damage":0.0,"enemies":"Jaw Worm","floor":11.0,"turns":2.0},{"damage":0.0,"enemies":"Large Slime","floor":13.0,"turns":3.0},{"damage":0.0,"enemies":"Exordium Wildlife","floor":14.0,"turns":1.0},{"damage":0.0,"enemies":"Slime Boss","floor":16.0,"turns":7.0},{"damage":0.0,"enemies":"Spheric Guardian","floor":18.0,"turns":1.0},{"damage":3.0,"enemies":"2 Thieves","floor":19.0,"turns":4.0},{"damage":0.0,"enemies":"Gremlin Leader","floor":24.0,"turns":4.0},{"damage":1.0,"enemies":"Sentry and Sphere","floor":27.0,"turns":3.0},{"damage":0.0,"enemies":"Slavers","floor":28.0,"turns":3.0},{"damage":0.0,"enemies":"Book of Stabbing","floor":30.0,"turns":3.0},{"damage":0.0,"enemies":"Colosseum Slavers","floor":31.0,"turns":3.0},{"damage":0.0,"enemies":"Colosseum Nobs","floor":31.0,"turns":3.0},{"damage":21.0,"enemies":"Champ","floor":33.0,"turns":6.0},{"damage":18.0,"enemies":"3 Darklings","floor":35.0,"turns":6.0},{"damage":8.0,"enemies":"3 Shapes","floor":36.0,"turns":2.0},{"damage":0.0,"enemies":"Writhing Mass","floor":38.0,"turns":4.0},{"damage":0.0,"enemies":"Giant Head","floor":40.0,"turns":5.0},{"damage":0,"enemies":"Maw","floor":44,"turns":4},{"damage":0,"enemies":"Nemesis","floor":45,"turns":2},{"damage":0,"enemies":"Jaw Worm Horde","floor":46,"turns":3},{"damage":0,"enemies":"2 Orb Walkers","floor":48,"turns":3},{"damage":25,"enemies":"Awakened One","floor":50,"turns":5}],"seed_played":"7337077215533706520","potions_obtained":[{"floor":1.0,"key":"AttackPotion"},{"floor":10.0,"key":"Dexterity Potion"},{"floor":24.0,"key":"Strength Potion"},{"floor":30.0,"key":"BlessingOfTheForge"},{"floor":31.0,"key":"ColorlessPotion"},{"floor":36.0,"key":"PowerPotion"},{"floor":38.0,"key":"SpeedPotion"},{"floor":42,"key":"Explosive Potion"},{"floor":44,"key":"Block Potion"}],"is_trial":false,"path_per_floor":["M","?","M","?","$","R","E","R","T","E","M","?","M","M","R","B",null,"M","M","?","?","$","R","E","T","T","M","E","?","E","?","R","B",null,"M","M","$","M","?","E","R","?","T","M","E","M","R","?","R","B"],"character_chosen":"THE_SILENT","items_purchased":["Cloak And Dagger","Accuracy","Infinite Blades","Cloak And Dagger","Prepared","Fire Potion","White Beast Statue","Toy Ornithopter","Vajra"],"campfire_rested":0,"item_purchase_floors":[5,5,22,22,22,22,37,37,37],"current_hp_per_floor":[59,36,36,36,36,36,36,36,36,34,34,14,14,14,14,14,53,53,50,50,50,50,50,50,50,50,49,49,49,49,49,49,45,61,43,35,35,40,40,40,40,40,40,40,40,40,40,40,40,41,41],"gold":374,"neow_bonus":"THREE_ENEMY_KILL","is_daily":false,"chose_seed":false,"campfire_upgraded":7,"win_rate":0.0,"timestamp":1609741290,"path_taken":["M","?","M","?","$","R","E","R","T","E","M","?","M","?","R","BOSS","M","M","?","?","$","R","E","?","T","?","E","?","E","?","R","BOSS","M","M","$","M","?","E","R","?","T","M","E","?","R","?","R","BOSS"],"items_purchased_type":["Card","Card","Card","Card","Card","Potion","Relic","Relic","Relic"],"build_version":"2020-12-22","purchased_purges":3,"victory":false,"max_hp_per_floor":[66,66,66,66,66,66,66,66,66,66,66,66,66,66,66,66,66,66,66,66,66,66,66,66,66,66,66,66,66,66,66,66,66,66,66,66,66,66,66,66,66,66,66,66,66,66,66,66,66,66,66],"card_choices":[{"not_picked":["Distraction","PiercingWail"],"picked":"Bouncing Flask","floor":1.0},{"not_picked":["Prepared","Poisoned Stab"],"picked":"Blade Dance","floor":3.0},{"not_picked":["Escape Plan","Expertise"],"picked":"Calculated Gamble","floor":7.0},{"not_picked":["Concentrate","Slice","Bane"],"picked":"SKIP","floor":10.0},{"not_picked":["Concentrate","Slice","Bane"],"picked":"SKIP","floor":10.0},{"not_picked":["Dodge and Roll","All Out Attack"],"picked":"Well Laid Plans","floor":11.0},{"not_picked":["Quick Slash","Prepared"],"picked":"Blade Dance","floor":13.0},{"not_picked":["Deflect","Skewer","Underhanded Strike"],"picked":"SKIP","floor":14.0},{"not_picked":["Bullet Time","Burst"],"picked":"Phantasmal Killer","floor":16.0},{"not_picked":["Poisoned Stab","PiercingWail"],"picked":"Cloak And Dagger","floor":18.0},{"not_picked":["Deadly Poison","Noxious Fumes","Riddle With Holes"],"picked":"SKIP","floor":19.0},{"not_picked":["Underhanded Strike","Noxious Fumes"],"picked":"Dodge and Roll","floor":24.0},{"not_picked":["Underhanded Strike","Leg Sweep","Choke"],"picked":"SKIP","floor":27.0},{"not_picked":["Catalyst","Flechettes"],"picked":"Footwork","floor":28.0},{"not_picked":["Dash","Corpse Explosion"],"picked":"Blade Dance","floor":30.0},{"not_picked":["Flying Knee","Masterful Stab"],"picked":"Backflip","floor":31.0},{"not_picked":["Doppelganger","Bullet Time"],"picked":"A Thousand Cuts","floor":33.0},{"not_picked":["Deadly Poison","Predator+1","Sucker Punch"],"picked":"SKIP","floor":35.0},{"not_picked":["Sucker Punch+1","Acrobatics+1"],"picked":"Adrenaline","floor":36.0},{"not_picked":["Setup","Outmaneuver+1"],"picked":"Calculated Gamble","floor":38.0},{"not_picked":["Dramatic Entrance","Forethought"],"picked":"Flash of Steel","floor":39.0},{"not_picked":["Setup","Malaise"],"picked":"Escape Plan","floor":40.0},{"not_picked":["Prepared","Outmaneuver"],"picked":"Backflip+1","floor":44},{"not_picked":["Venomology","Blade Dance"],"picked":"Flechettes","floor":45},{"not_picked":["Blade Dance","Backflip","Skewer+1"],"picked":"SKIP","floor":46}],"player_experience":1036,"relics_obtained":[{"floor":7.0,"key":"The Courier"},{"floor":9.0,"key":"Anchor"},{"floor":10.0,"key":"PreservedInsect"},{"floor":24.0,"key":"Oddly Smooth Stone"},{"floor":25.0,"key":"Bag of Marbles"},{"floor":26.0,"key":"HornCleat"},{"floor":28.0,"key":"Shovel"},{"floor":30.0,"key":"Pantograph"},{"floor":31.0,"key":"Old Coin"},{"floor":31.0,"key":"Blue Candle"},{"floor":34.0,"key":"Bag of Preparation"},{"floor":34.0,"key":"Mummified Hand"},{"floor":34.0,"key":"FossilizedHelix"},{"floor":40.0,"key":"Centennial Puzzle"},{"floor":45,"key":"MawBank"},{"floor":48,"key":"Tough Bandages"}],"event_choices":[{"damage_healed":0.0,"max_hp_gain":0.0,"max_hp_loss":0.0,"gold_gain":0.0,"event_name":"Golden Idol","player_choice":"Take Damage","floor":2.0,"gold_loss":0.0,"damage_taken":23.0,"relics_obtained":["Golden Idol"]},{"damage_healed":0.0,"max_hp_gain":0.0,"max_hp_loss":0.0,"gold_gain":150.0,"event_name":"Liars Game","player_choice":"AGREE","floor":4.0,"gold_loss":0.0,"damage_taken":0.0,"cards_obtained":["Doubt"]},{"damage_healed":0.0,"max_hp_gain":0.0,"max_hp_loss":0.0,"gold_gain":0.0,"event_name":"Shining Light","player_choice":"Entered Light","floor":12.0,"gold_loss":0.0,"damage_taken":20.0,"cards_upgraded":["Defend_G","Blade Dance"]},{"damage_healed":0.0,"max_hp_gain":0.0,"max_hp_loss":0.0,"gold_gain":0.0,"event_name":"Cursed Tome","player_choice":"Ignored","floor":20.0,"gold_loss":0.0,"damage_taken":0.0},{"damage_healed":0.0,"max_hp_gain":0.0,"max_hp_loss":0.0,"gold_gain":0.0,"event_name":"The Mausoleum","player_choice":"Ignored","floor":21.0,"gold_loss":0.0,"damage_taken":0.0},{"cards_removed":["Bouncing Flask"],"damage_healed":0.0,"max_hp_gain":0.0,"max_hp_loss":0.0,"gold_gain":0.0,"event_name":"Beggar","player_choice":"Gave Gold","floor":29.0,"gold_loss":75.0,"damage_taken":0.0},{"damage_healed":0.0,"max_hp_gain":0.0,"max_hp_loss":0.0,"gold_gain":0.0,"event_name":"Colosseum","player_choice":"Fight","floor":31.0,"gold_loss":0.0,"damage_taken":0.0},{"damage_healed":0.0,"max_hp_gain":0.0,"max_hp_loss":0.0,"gold_gain":0.0,"event_name":"Colosseum","player_choice":"Fought Nobs","floor":31.0,"gold_loss":0.0,"damage_taken":0.0},{"damage_healed":0.0,"max_hp_gain":0.0,"max_hp_loss":0.0,"gold_gain":0.0,"event_name":"SensoryStone","player_choice":"Memory 1","floor":39.0,"gold_loss":0.0,"damage_taken":0.0},{"damage_healed":0,"gold_gain":0,"player_choice":"Bought 1 Potion","damage_taken":0,"max_hp_gain":0,"max_hp_loss":0,"event_name":"The Woman in Blue","floor":42,"gold_loss":0},{"damage_healed":0,"gold_gain":0,"player_choice":"Fight","damage_taken":0,"max_hp_gain":0,"max_hp_loss":0,"event_name":"Mysterious Sphere","floor":48,"gold_loss":0}],"is_beta":false,"boss_relics":[{"not_picked":["Ring of the Serpent","Fusion Hammer"],"picked":"WristBlade"},{"not_picked":["Busted Crown","Coffee Dripper"],"picked":"Calling Bell"}],"items_purged_floors":[5,22,37],"is_endless":false,"potions_floor_spawned":[1,10,24,27,30,31,36,38,40,44,45,46,48],"killed_by":"Awakened One","ascension_level":20}}