{"host":"9kuc8qxv67wkis18","time":1609784825,"event":{"mods":["2.2 Compatiblity","AchievementEnabler","Aspiration","Astrologer","Bard","BaseMod","Beaked The Cultist","Bestiary","Better Note","Better Third Choice","Block Reminder","Challenge The Spire","ChefMod","Conspire","Curses Come First","GifTheSpireLib","Glutton Mod","Halation","Hermit","Highlight Path","Hubris","Infinite Spire","Jorbs\u0027s Wanderer Trilogy","Marked Mod","Melee Mod","Minty Spire (QoL Compilation)","Permanent Neow","Potionbrewer","Random Character Button","Rare Cards Sparkle","Replay The Spire","Shade Mod","Somnambulant","Spikes Relics","StSLib","Stuff the Spire","The Accelerator","The Blue Laboratory","The Caster","The Construct","The Cursed","The Disciple","The Florist","The Forsaken","The Hierophant","The Judge","The Juggle","The Jungle","The Marked","The Necromancer","The Showman","The Wild Card","TheArtist","Thieving Mod","everything is the same but u backflip on backflip","thorton","vexMod"],"gold_per_floor":[117,131,56,70,70,70,100,100,100,100,100,100,119,130,130,193,193],"floor_reached":16,"playtime":1384,"items_purged":["Strike_G"],"score":100,"play_id":"e81a1650-ebb3-4c6e-bcb9-8212bea350b8","local_time":"20210104132705","is_ascension_mode":false,"campfire_choices":[{"data":"InfectiousVector","floor":6.0,"key":"SMITH"},{"floor":10,"key":"REST"},{"data":"Neutralize","floor":12,"key":"SMITH"},{"data":"Strike_G","floor":15,"key":"SMITH"}],"circlet_count":0,"master_deck":["Strike_G+1","Strike_G","Strike_G","Strike_G","Defend_G","Defend_G","Defend_G","Defend_G","Defend_G","Survivor","Neutralize+1","InfectiousVector+1","Injury"],"relics":["Ring of the Snake","vexMod:BarristanHead","vexMod:ConsolationPrize","Toxic Egg 2","hubris:Metronome"],"acts_visited":["Exordium"],"potions_floor_usage":[16,16,16],"damage_taken":[{"damage":0.0,"enemies":"Jaw Worm","floor":1.0,"turns":5.0},{"damage":2.0,"enemies":"Small Slimes","floor":2.0,"turns":5.0},{"damage":0.0,"enemies":"2 Louse","floor":4.0,"turns":3.0},{"damage":35,"enemies":"Gremlin Nob","floor":7,"turns":6},{"damage":6,"enemies":"Exordium Thugs","floor":13,"turns":6},{"damage":0,"enemies":"Looter","floor":14,"turns":4},{"damage":63,"enemies":"Slime Boss","floor":16,"turns":16}],"seed_played":"4044510143599008823","potions_obtained":[{"floor":1.0,"key":"SteroidPotion"},{"floor":7,"key":"potionbrewer:SplittingPotion"}],"is_trial":false,"path_per_floor":["M","M","$","M","?","R","E","?","T","R","?","R","M","M","R","B"],"character_chosen":"THE_SILENT","items_purchased":[],"campfire_rested":1,"item_purchase_floors":[],"current_hp_per_floor":[70,68,68,68,61,61,26,26,26,47,70,70,64,64,64,1,1],"gold":193,"neow_bonus":"THREE_CARDS","is_daily":false,"chose_seed":false,"campfire_upgraded":3,"win_rate":0.0,"timestamp":1609784825,"path_taken":["M","M","$","M","?","R","E","?","T","R","?","R","?","M","R","BOSS"],"items_purchased_type":[],"build_version":"2020-12-22","purchased_purges":1,"victory":false,"max_hp_per_floor":[70,70,70,70,70,70,70,70,70,70,70,70,70,70,70,70,70],"card_choices":[{"not_picked":["Bane","Masterful Stab"],"picked":"InfectiousVector","floor":1.0},{"not_picked":["Sucker Punch","StuffTheSpire:BumpUp","Eviscerate"],"picked":"SKIP","floor":2.0},{"not_picked":["Draining Mist","Predator","StuffTheSpire:Python"],"picked":"SKIP","floor":4.0},{"not_picked":["Quick Slash","aspiration:Lunge","StuffTheSpire:MirrorStance"],"picked":"SKIP","floor":7},{"not_picked":["StuffTheSpire:BumpUp","hubris:SlightOfHand+1","Masterful Stab"],"picked":"SKIP","floor":13},{"not_picked":["StuffTheSpire:Python+1","StuffTheSpire:BumpUp","Underhanded Strike"],"picked":"SKIP","floor":14}],"player_experience":161006,"relics_obtained":[{"floor":7,"key":"vexMod:ConsolationPrize"},{"floor":9,"key":"hubris:Metronome"}],"event_choices":[{"damage_healed":0.0,"max_hp_gain":0.0,"max_hp_loss":0.0,"gold_gain":0.0,"event_name":"betterThird:BetterScrap","player_choice":"Relic ","floor":5.0,"gold_loss":0.0,"damage_taken":7.0,"cards_obtained":["ReplayTheSpireMod:System Scan"]},{"damage_healed":23,"gold_gain":0,"player_choice":"Full Heal","damage_taken":0,"max_hp_gain":0,"max_hp_loss":0,"event_name":"Wheel of Change","floor":11,"gold_loss":0}],"is_beta":false,"boss_relics":[],"items_purged_floors":[3],"is_endless":false,"potions_floor_spawned":[1,7],"killed_by":"Slime Boss","ascension_level":0}}