{"host":"088jo5vb400xciyq","time":1609729272,"event":{"mods":["BaseMod","Infinite Spire","Minty Spire (QoL Compilation)","Rare Cards Sparkle","Shop Mod","StSLib"],"gold_per_floor":[109,184,184,184,204,204,204,204,230,240,240,256,267,278,278,278,278],"floor_reached":16,"playtime":385,"items_purged":[],"score":92,"play_id":"07601267-37bf-4ddb-9930-562a9a7702fa","local_time":"20210103200112","is_ascension_mode":false,"campfire_choices":[{"data":"Go for the Eyes","floor":6,"key":"SMITH"},{"data":"Rebound","floor":8,"key":"SMITH"},{"data":"Zap","floor":11,"key":"SMITH"},{"data":"Beam Cell","floor":15,"key":"SMITH"}],"circlet_count":0,"master_deck":["Strike_B","Strike_B","Strike_B","Defend_B","Defend_B","Defend_B+1","Zap+1","Dualcast+1","Go for the Eyes+1","Rebound+1","Force Field","Ball Lightning","Ball Lightning","Beam Cell+1"],"relics":["Cracked Core","Regal Pillow","Kunai","War Paint"],"acts_visited":["Exordium"],"potions_floor_usage":[],"damage_taken":[{"damage":1,"enemies":"Cultist","floor":1,"turns":3},{"damage":8,"enemies":"Jaw Worm","floor":5,"turns":3},{"damage":0,"enemies":"2 Louse","floor":10,"turns":2},{"damage":10,"enemies":"Gremlin Gang","floor":12,"turns":4},{"damage":11,"enemies":"3 Louse","floor":13,"turns":2},{"damage":0,"enemies":"Large Slime","floor":14,"turns":3},{"damage":26,"enemies":"The Guardian","floor":16,"turns":5}],"seed_played":"8327469950818323311","potions_obtained":[{"floor":1,"key":"SpeedPotion"},{"floor":13,"key":"SmokeBomb"},{"floor":14,"key":"Dexterity Potion"}],"is_trial":false,"path_per_floor":["M","?","?","?","M","R","T","R","T","M","R","M","M","M","R","B"],"character_chosen":"DEFECT","items_purchased":[],"campfire_rested":0,"item_purchase_floors":[],"current_hp_per_floor":[74,63,56,49,41,41,41,41,41,41,41,31,20,20,20,0,0],"gold":278,"neow_bonus":"REMOVE_CARD","is_daily":false,"chose_seed":false,"campfire_upgraded":4,"win_rate":0.0,"timestamp":1609729272,"path_taken":["M","?","?","?","M","R","?","R","T","M","R","M","?","M","R","BOSS"],"items_purchased_type":[],"build_version":"2020-12-22","purchased_purges":0,"victory":false,"max_hp_per_floor":[75,75,75,75,75,75,75,75,75,75,75,75,75,75,75,75,75],"card_choices":[{"not_picked":["Stack","Turbo"],"picked":"Go for the Eyes","floor":1},{"not_picked":["Double Energy","Barrage"],"picked":"Rebound","floor":5},{"not_picked":["Redo","Stack"],"picked":"Force Field","floor":10},{"not_picked":["Sunder","Compile Driver"],"picked":"Ball Lightning","floor":12},{"not_picked":["Go for the Eyes","Rebound"],"picked":"Ball Lightning","floor":13},{"not_picked":["Darkness","Auto Shields"],"picked":"Beam Cell","floor":14}],"player_experience":370980,"relics_obtained":[{"floor":7,"key":"Kunai"},{"floor":9,"key":"War Paint"}],"event_choices":[{"damage_healed":0,"gold_gain":75,"player_choice":"Gather Gold","damage_taken":11,"max_hp_gain":0,"max_hp_loss":0,"event_name":"World of Goop","floor":2,"gold_loss":0},{"cards_removed":["Defend_B"],"damage_healed":0,"gold_gain":0,"player_choice":"Card Removal","damage_taken":7,"max_hp_gain":0,"max_hp_loss":0,"event_name":"Golden Wing","floor":3,"gold_loss":0},{"damage_healed":0,"gold_gain":0,"player_choice":"Success","damage_taken":7,"relics_obtained":["Regal Pillow"],"max_hp_gain":0,"max_hp_loss":0,"event_name":"Scrap Ooze","floor":4,"gold_loss":0}],"is_beta":false,"boss_relics":[],"items_purged_floors":[],"is_endless":false,"potions_floor_spawned":[1,13,14],"killed_by":"The Guardian","ascension_level":0}}