{"host":"h0xw20cia6ppa69g","time":1609740550,"event":{"mods":["AchievementEnabler","BaseMod","Colored Map","Filter the Spire","Googly Eyes","Minty Spire (QoL Compilation)","Relic Stats","StSLib","The Awakened One except there are too many feathers","everything is the same but u backflip on backflip"],"gold_per_floor":[117,67,142,155,171,206,218,250,250,284,296,296,31,56,56,159,159,174,174,174,187,200,236,236,272,272,291,317,344,344,344],"floor_reached":30,"playtime":1570,"items_purged":[],"score":317,"play_id":"ef8c847d-1d70-4ebe-b790-db38ac2dd34f","local_time":"20210104000910","is_ascension_mode":true,"campfire_choices":[{"data":"Juggernaut","floor":15,"key":"SMITH"},{"data":"Disarm","floor":24,"key":"SMITH"}],"circlet_count":0,"master_deck":["Bash","Juggernaut+1","Carnage","Body Slam","Cleave","Reaper","Evolve","Shrug It Off","Shockwave","Rage","Barricade","Burning Pact","Anger","Clothesline","Whirlwind","Disarm+1","Havoc","Disarm","Entrench","True Grit+1","Shrug It Off","Ghostly Armor","True Grit+1","Dual Wield","Exhume"],"relics":["Burning Blood","Ancient Tea Set","Nunchaku","The Courier","Question Card","Mercury Hourglass","Pandora\u0027s Box","Strawberry","Nloth\u0027s Gift","CeramicFish","Mummified Hand","Vajra"],"acts_visited":["Exordium","TheCity"],"potions_floor_usage":[6,8,14,28,30,30],"damage_taken":[{"damage":2,"enemies":"Small Slimes","floor":1,"turns":4},{"damage":10,"enemies":"Jaw Worm","floor":4,"turns":4},{"damage":1,"enemies":"Cultist","floor":5,"turns":4},{"damage":22,"enemies":"Lagavulin","floor":6,"turns":6},{"damage":5,"enemies":"3 Louse","floor":7,"turns":3},{"damage":13,"enemies":"3 Sentries","floor":8,"turns":5},{"damage":40,"enemies":"Lagavulin","floor":10,"turns":7},{"damage":0,"enemies":"2 Fungi Beasts","floor":11,"turns":4},{"damage":34,"enemies":"3 Sentries","floor":14,"turns":7},{"damage":34,"enemies":"The Guardian","floor":16,"turns":11},{"damage":8,"enemies":"Chosen","floor":18,"turns":6},{"damage":13,"enemies":"3 Byrds","floor":21,"turns":4},{"damage":15,"enemies":"Snake Plant","floor":22,"turns":7},{"damage":26,"enemies":"Book of Stabbing","floor":23,"turns":8},{"damage":28,"enemies":"Gremlin Leader","floor":25,"turns":9},{"damage":28,"enemies":"Cultist and Chosen","floor":27,"turns":8},{"damage":0,"enemies":"Snecko","floor":28,"turns":5},{"damage":15,"enemies":"Snake Plant","floor":29,"turns":7},{"damage":61,"enemies":"Slavers","floor":30,"turns":6}],"seed_played":"-4947712145172375507","potions_obtained":[{"floor":1,"key":"SkillPotion"},{"floor":4,"key":"SteroidPotion"},{"floor":6,"key":"SteroidPotion"},{"floor":14,"key":"BloodPotion"},{"floor":16,"key":"BlessingOfTheForge"},{"floor":18,"key":"Ancient Potion"},{"floor":28,"key":"Weak Potion"}],"is_trial":false,"path_per_floor":["M","?","?","M","M","E","M","E","T","E","M","?","$","E","R","B",null,"M","?","?","M","M","E","R","E","T","M","M","M","E"],"character_chosen":"IRONCLAD","items_purchased":["Shockwave","Question Card"],"campfire_rested":0,"item_purchase_floors":[13,13],"current_hp_per_floor":[72,72,61,57,62,46,47,67,67,33,43,43,43,54,54,32,72,72,79,79,72,69,55,55,45,45,23,51,47,0,0],"gold":344,"neow_bonus":"THREE_RARE_CARDS","is_daily":false,"chose_seed":false,"campfire_upgraded":2,"win_rate":0.0,"timestamp":1609740550,"path_taken":["M","?","?","M","M","E","M","E","T","E","?","?","?","E","R","BOSS","M","?","?","M","M","E","R","E","T","?","M","M","E"],"items_purchased_type":["Card","Relic"],"build_version":"2020-12-22","purchased_purges":0,"victory":false,"max_hp_per_floor":[72,72,72,72,72,72,72,72,72,72,72,72,72,72,72,72,72,72,79,79,79,79,79,79,79,79,79,79,79,79,79],"relic_stats":{"Nunchaku":[11],"counters":[19,114],"Mummified Hand":[13],"CeramicFish":45,"Pandora\u0027s Box":["Burning Pact","Anger","Clothesline","Whirlwind","Disarm","Havoc","Disarm"],"Nloth\u0027s Gift":3,"Question Card":10,"obtain_stats":[{"Regal Pillow":6,"CeramicFish":23,"Vajra":26,"The Courier":10,"Ancient Tea Set":8,"Question Card":13,"Burning Blood":0,"Mercury Hourglass":14,"Nunchaku":9,"Mummified Hand":25,"Strawberry":19,"Pandora\u0027s Box":17,"Nloth\u0027s Gift":20},{"Regal Pillow":4,"CeramicFish":14,"Vajra":15,"The Courier":7,"Ancient Tea Set":6,"Question Card":8,"Burning Blood":0,"Mercury Hourglass":9,"Nunchaku":6,"Mummified Hand":15,"Strawberry":11,"Pandora\u0027s Box":10,"Nloth\u0027s Gift":11},{"Regal Pillow":18,"CeramicFish":79,"Vajra":88,"The Courier":33,"Ancient Tea Set":26,"Question Card":37,"Burning Blood":0,"Mercury Hourglass":44,"Nunchaku":26,"Mummified Hand":88,"Strawberry":60,"Pandora\u0027s Box":55,"Nloth\u0027s Gift":60}],"Burning Blood":103,"Mercury Hourglass":[302]},"card_choices":[{"not_picked":["Corruption","Limit Break"],"picked":"Juggernaut","floor":0},{"not_picked":["Shrug It Off","Pommel Strike"],"picked":"Carnage","floor":1},{"not_picked":["Sever Soul","Clothesline"],"picked":"Body Slam","floor":4},{"not_picked":["Heavy Blade","Perfected Strike","Dark Embrace"],"picked":"SKIP","floor":5},{"not_picked":["Blood for Blood","Twin Strike"],"picked":"Cleave","floor":6},{"not_picked":["Burning Pact","Rage"],"picked":"Reaper","floor":7},{"not_picked":["Clash","Wild Strike"],"picked":"Evolve","floor":8},{"not_picked":["Whirlwind","Havoc"],"picked":"Shrug It Off","floor":10},{"not_picked":["Anger","Fire Breathing","Combust"],"picked":"SKIP","floor":11},{"not_picked":["Shockwave","Sword Boomerang","Clash"],"picked":"Rage","floor":14},{"not_picked":["Offering","Double Tap","Feed"],"picked":"Barricade","floor":16},{"not_picked":["Blood for Blood","Sword Boomerang","Cleave","Clash"],"picked":"SKIP","floor":18},{"not_picked":["Sever Soul+1","Cleave","Warcry"],"picked":"Entrench","floor":21},{"not_picked":["Headbutt","Rampage+1","Carnage"],"picked":"True Grit+1","floor":22},{"not_picked":["Seeing Red","Exhume","Carnage"],"picked":"Shrug It Off","floor":23},{"not_picked":["Intimidate","Sentinel","Demon Form"],"picked":"Ghostly Armor","floor":25},{"not_picked":["Seeing Red","Rage","Cleave+1"],"picked":"True Grit+1","floor":27},{"not_picked":["Clothesline+1","Warcry","Sentinel"],"picked":"Dual Wield","floor":28},{"not_picked":["Heavy Blade","Reaper","Twin Strike"],"picked":"Exhume","floor":29}],"player_experience":3604567,"relics_obtained":[{"floor":6,"key":"Regal Pillow"},{"floor":8,"key":"Ancient Tea Set"},{"floor":9,"key":"Nunchaku"},{"floor":10,"key":"The Courier"},{"floor":14,"key":"Mercury Hourglass"},{"floor":23,"key":"CeramicFish"},{"floor":25,"key":"Mummified Hand"},{"floor":26,"key":"Vajra"}],"event_choices":[{"cards_removed":["Strike_R"],"damage_healed":0,"gold_gain":0,"player_choice":"Card Removal","damage_taken":0,"max_hp_gain":0,"max_hp_loss":0,"event_name":"The Cleric","floor":2,"gold_loss":50},{"damage_healed":0,"gold_gain":75,"player_choice":"Gather Gold","damage_taken":11,"max_hp_gain":0,"max_hp_loss":0,"event_name":"World of Goop","floor":3,"gold_loss":0},{"cards_removed":["Strike_R"],"damage_healed":0,"gold_gain":0,"player_choice":"Purged","damage_taken":0,"max_hp_gain":0,"max_hp_loss":0,"event_name":"Purifier","floor":12,"gold_loss":0},{"damage_healed":0,"gold_gain":0,"player_choice":"Opened","damage_taken":0,"relics_obtained":["Strawberry"],"max_hp_gain":0,"max_hp_loss":0,"event_name":"The Mausoleum","floor":19,"gold_loss":0},{"damage_healed":0,"gold_gain":0,"player_choice":"Traded Relic","damage_taken":0,"relics_obtained":["Nloth\u0027s Gift"],"max_hp_gain":0,"max_hp_loss":0,"event_name":"N\u0027loth","floor":20,"relics_lost":["Regal Pillow"],"gold_loss":0}],"is_beta":false,"boss_relics":[{"not_picked":["Black Blood","Runic Cube"],"picked":"Pandora\u0027s Box"}],"items_purged_floors":[],"is_endless":false,"potions_floor_spawned":[1,4,6,14,16,18,22,25,28],"killed_by":"Slavers","ascension_level":1}}