{"host":"0azimyi6n3ugndj4","time":1609790495,"event":{"mods":["2.2 Compatiblity","BaseMod","Bestiary","Conspire","Curses Come First","Defuse TimeMaze Blight","Hermit","Hubris","Hyrulean Relics","Infinite Spire","Jorbs\u0027s Wanderer Trilogy","Minty Spire (QoL Compilation)","Relic Stats","Replay The Spire","StSLib","SuperFastMode","The Cursed","The Hierophant","Uncapped","¡¼?Úª?ø«¡½REMEMod"],"gold_per_floor":[159,159,234,234,309,309,309],"floor_reached":6,"playtime":158,"items_purged":[],"score":218,"play_id":"2d499210-92e2-4dce-afda-f26571edea13","local_time":"20210105050135","daily_mods":["SealedDeck","Hoarder","Insanity","Chimera","Specialized","Vintage","ControlledChaos","Allstar","Diverse","Colorless Cards","Heirloom","Time Dilation","Flight","Elite Swarm","Lethality","Midas","Binary"],"is_ascension_mode":true,"campfire_choices":[],"circlet_count":0,"master_deck":["Demon Form","Wraith Form v2","Echo Form","DevaForm","stsjorbsmod:ArcaneForm","stsjorbsmod:WastingForm","AscendersBane","hubris:Hubris","Bash","Survivor","Zap","Eruption","Strike_R","Strike_G","Strike_B","Defend_R","Defend_G","Defend_P","Blood for Blood","hierophant:AuricBeam","Barrage","hierophant:ArchangelShield","hierophant:Encroach","hermit:Combo","Gash","PathToVictory","hierophant:Encroach","stsjorbsmod:Hurt","Thunderclap","stsjorbsmod:Channel","Replay:Undeath\u0027s Touch","Go for the Eyes","hermit:WideOpen","hierophant:Zeal","ReplayTheSpireMod:Private Reserves","hierophant:Empathy","Protect","hermit:Roulette","Dash","Rebound","hierophant:ConvertCurrency","TheCursedMod:CursedBlade","Hologram","conspire:SharedLibrary","Crippling Poison","infinitespire:OneForAll","Cleave","Warcry","hierophant:Empathy","hierophant:MorningPrayer","TheCursedMod:RavingStaff","hermit:SprayPray","hierophant:OrnateBuckler","Searing Blow","hermit:Coalescence","Blind","Replay:BluntJabs","Replay:AtTheReady","Stack","hierophant:FieryStrike","hierophant:Flagellation","stsjorbsmod:LocateObject","TheCursedMod:CursedBoomerang","hermit:Misfire","stsjorbsmod:WanderingMind","hermit:Vantage","Defy Death","hermit:Glare","hierophant:Repentance","hierophant:Repentance","hierophant:Repentance","hierophant:Repentance","hierophant:Repentance","hierophant:Repentance","hierophant:Repentance","hierophant:Repentance","hierophant:Repentance","hierophant:Repentance","hierophant:Repentance","hierophant:Repentance","hierophant:Repentance","hierophant:Repentance","hierophant:Repentance","TheCursedMod:EmpowerCircles","TheCursedMod:EmpowerCircles","TheCursedMod:EmpowerCircles","hierophant:Zeal","hierophant:Zeal","hierophant:Zeal","stsjorbsmod:FlameWard","stsjorbsmod:FlameWard","stsjorbsmod:FlameWard","Prepared","Prepared","Prepared","hermit:Enervate","hermit:Enervate","hermit:Enervate","PiercingWail","PiercingWail","PiercingWail","stsjorbsmod:Hurt","stsjorbsmod:Hurt","stsjorbsmod:Hurt","Havoc","Havoc","Havoc","Clash","Clash","Clash","Crippling Poison","Crippling Poison","Crippling Poison","hubris:Prefetch","hubris:Prefetch","hubris:Prefetch"],"relics":["Burning Blood","Frozen Eye","Busted Crown","REME_ComplimentaryCards","Ice Cream","hubris:MobiusCoin","CultistMask","Darkstone Periapt"],"acts_visited":["Exordium"],"potions_floor_usage":[5],"damage_taken":[{"damage":15,"enemies":"Small Slimes","floor":1,"turns":3},{"damage":40,"enemies":"2 Louse","floor":5,"turns":4},{"damage":17,"enemies":"Lagavulin","floor":6,"turns":2}],"seed_played":"1204380152724439162","potions_obtained":[{"floor":1,"key":"REME_GoldPotion"}],"is_trial":true,"path_per_floor":["M","?","?","?","M","E"],"character_chosen":"IRONCLAD","items_purchased":[],"campfire_rested":0,"item_purchase_floors":[],"current_hp_per_floor":[59,55,44,44,10,0,0],"gold":309,"neow_bonus":"","is_daily":false,"chose_seed":false,"campfire_upgraded":0,"win_rate":0.0,"timestamp":1609790495,"path_taken":["M","?","?","?","?","E"],"items_purchased_type":[],"build_version":"2020-12-22","purchased_purges":0,"victory":false,"max_hp_per_floor":[75,75,75,75,75,75,75],"relic_stats":{"Darkstone Periapt":0,"Busted Crown":4,"counters":[3,9],"obtain_stats":[{"Ice Cream":0,"Darkstone Periapt":5,"Frozen Eye":0,"hubris:MobiusCoin":1,"Busted Crown":0,"CultistMask":4,"Burning Blood":0,"REME_ComplimentaryCards":0},{"Ice Cream":0,"Darkstone Periapt":2,"Frozen Eye":0,"hubris:MobiusCoin":1,"Busted Crown":0,"CultistMask":1,"Burning Blood":0,"REME_ComplimentaryCards":0},{"Ice Cream":0,"Darkstone Periapt":7,"Frozen Eye":0,"hubris:MobiusCoin":3,"Busted Crown":0,"CultistMask":3,"Burning Blood":0,"REME_ComplimentaryCards":0}],"Burning Blood":12},"card_choices":[],"player_experience":1526231,"relics_obtained":[{"floor":1,"key":"hubris:MobiusCoin"},{"floor":5,"key":"Darkstone Periapt"}],"event_choices":[{"damage_healed":0,"gold_gain":0,"player_choice":"Leave","damage_taken":0,"max_hp_gain":0,"max_hp_loss":0,"event_name":"conspire:Investor","floor":2,"gold_loss":0},{"damage_healed":0,"gold_gain":75,"player_choice":"Gather Gold","damage_taken":11,"max_hp_gain":0,"max_hp_loss":0,"event_name":"World of Goop","floor":3,"gold_loss":0},{"damage_healed":0,"gold_gain":0,"player_choice":"Trade","damage_taken":0,"relics_obtained":["CultistMask"],"max_hp_gain":0,"max_hp_loss":0,"event_name":"FaceTrader","floor":4,"gold_loss":0}],"is_beta":false,"boss_relics":[],"items_purged_floors":[],"is_endless":false,"potions_floor_spawned":[1],"killed_by":"Lagavulin","ascension_level":20}}