{"host":"d2y4rmbezebiv8aj","time":1609757253,"event":{"mods":["AchievementEnabler","BaseMod","Bestiary","BetterRewards","Colored Map","Colored Powertips","Custom Start","Highlight Path","Minty Spire (QoL Compilation)","Quick Restart","Rare Cards Sparkle","Relic Sorter","Relic Stats","Shop Mod","Slay-I","StSLib","SuperFastMode"],"gold_per_floor":[115,131,131,150,163,177,212,487,562,562,572,582,582,582,582,683,683,695,433,449,58,58,58],"floor_reached":22,"playtime":805,"items_purged":["Parasite"],"score":235,"play_id":"f35c29e5-7e2c-4f32-8a2b-6ed26bb189ea","local_time":"20210104114733","is_ascension_mode":true,"campfire_choices":[{"data":"Infinite Blades","floor":10,"key":"SMITH"},{"floor":15,"key":"REST"}],"circlet_count":0,"master_deck":["Strike_G","Strike_G","Strike_G","Strike_G","Strike_G","Defend_G","Defend_G","Defend_G","Defend_G","Defend_G","Survivor","Neutralize","Accuracy+1","Backflip","Dagger Spray","Choke","Infinite Blades+1","Footwork","Slice","PiercingWail","Phantasmal Killer","Poisoned Stab","Infinite Blades","Prepared","Apotheosis","Accuracy"],"relics":["Ring of the Snake","NeowsBlessing","Pocketwatch","Bottled Lightning","Runic Pyramid","PreservedInsect","Juzu Bracelet"],"acts_visited":["Exordium","TheCity"],"potions_floor_usage":[7,7,11,12,16,20],"damage_taken":[{"damage":0,"enemies":"Small Slimes","floor":1,"turns":1},{"damage":0,"enemies":"2 Louse","floor":2,"turns":1},{"damage":0,"enemies":"Cultist","floor":4,"turns":1},{"damage":12,"enemies":"Looter","floor":5,"turns":5},{"damage":4,"enemies":"Large Slime","floor":6,"turns":9},{"damage":25,"enemies":"3 Sentries","floor":7,"turns":8},{"damage":15,"enemies":"Exordium Wildlife","floor":11,"turns":7},{"damage":7,"enemies":"Blue Slaver","floor":12,"turns":5},{"damage":18,"enemies":"Slime Boss","floor":16,"turns":9},{"damage":0,"enemies":"Chosen","floor":18,"turns":5},{"damage":14,"enemies":"Shell Parasite","floor":20,"turns":6},{"damage":43,"enemies":"Masked Bandits","floor":22,"turns":4}],"seed_played":"1464090658410944452","potions_obtained":[{"floor":1,"key":"DistilledChaos"},{"floor":2,"key":"EntropicBrew"},{"floor":16,"key":"Block Potion"}],"is_trial":false,"path_per_floor":["M","M","?","M","M","M","E","?","T","R","M","M","?","?","R","B",null,"M","$","M","$","?"],"character_chosen":"THE_SILENT","items_purchased":["PreservedInsect","Infinite Blades","Apotheosis","Juzu Bracelet","Accuracy"],"campfire_rested":1,"item_purchase_floors":[19,19,21,21,21],"current_hp_per_floor":[70,70,70,70,58,54,29,29,29,29,14,7,24,17,38,20,58,58,58,44,44,1,1],"gold":58,"neow_bonus":"THREE_ENEMY_KILL","is_daily":false,"chose_seed":false,"campfire_upgraded":1,"win_rate":0.0,"timestamp":1609757253,"path_taken":["M","M","?","M","M","M","E","?","T","R","?","M","?","?","R","BOSS","M","$","M","$","?"],"items_purchased_type":["Relic","Card","Card","Relic","Card"],"build_version":"2020-12-22","purchased_purges":1,"victory":false,"max_hp_per_floor":[70,70,70,70,70,70,70,70,70,70,70,70,70,70,70,70,70,70,67,67,67,67,67],"relic_stats":{"counters":[12,61],"PreservedInsect":0,"Juzu Bracelet":0,"obtain_stats":[{"NeowsBlessing":0,"PreservedInsect":19,"Juzu Bracelet":21,"Bottled Lightning":9,"Ring of the Snake":0,"Pocketwatch":7,"Runic Pyramid":17},{"NeowsBlessing":0,"PreservedInsect":10,"Juzu Bracelet":11,"Bottled Lightning":6,"Ring of the Snake":0,"Pocketwatch":6,"Runic Pyramid":9},{"NeowsBlessing":0,"PreservedInsect":51,"Juzu Bracelet":57,"Bottled Lightning":25,"Ring of the Snake":0,"Pocketwatch":25,"Runic Pyramid":46}],"Ring of the Snake":[24],"Pocketwatch":[15]},"card_choices":[{"not_picked":["Concentrate","Predator"],"picked":"Accuracy","floor":1},{"not_picked":["Skewer","Escape Plan"],"picked":"Backflip","floor":2},{"not_picked":["Deadly Poison","Outmaneuver"],"picked":"Dagger Spray","floor":4},{"not_picked":["Backflip","Expertise"],"picked":"Choke","floor":5},{"not_picked":["Setup","Quick Slash"],"picked":"Infinite Blades","floor":6},{"not_picked":["Deadly Poison","Leg Sweep"],"picked":"Footwork","floor":7},{"not_picked":["Deadly Poison","Dash"],"picked":"Slice","floor":11},{"not_picked":["Bane","Dagger Spray"],"picked":"PiercingWail","floor":12},{"not_picked":["Adrenaline","Night Terror"],"picked":"Phantasmal Killer","floor":16},{"not_picked":["Concentrate","Prepared"],"picked":"Poisoned Stab","floor":18},{"not_picked":["Expertise+1","Deadly Poison"],"picked":"Prepared","floor":20}],"player_experience":343988,"relics_obtained":[{"floor":7,"key":"Pocketwatch"},{"floor":9,"key":"Bottled Lightning"}],"event_choices":[{"damage_healed":0,"gold_gain":0,"player_choice":"Grow","damage_taken":0,"max_hp_gain":0,"max_hp_loss":0,"event_name":"Living Wall","floor":3,"gold_loss":0,"cards_upgraded":["Accuracy"]},{"damage_healed":0,"gold_gain":275,"player_choice":"Desecrate","damage_taken":0,"max_hp_gain":0,"max_hp_loss":0,"event_name":"Golden Shrine","floor":8,"gold_loss":0,"cards_obtained":["Regret"]},{"damage_healed":17,"gold_gain":0,"player_choice":"Healed and dodged fight","damage_taken":0,"max_hp_gain":0,"max_hp_loss":0,"event_name":"Mushrooms","floor":13,"gold_loss":0,"cards_obtained":["Parasite"]},{"cards_removed":["Regret"],"damage_healed":0,"gold_gain":0,"player_choice":"Card Removal","damage_taken":7,"max_hp_gain":0,"max_hp_loss":0,"event_name":"Golden Wing","floor":14,"gold_loss":0},{"damage_healed":0,"gold_gain":0,"player_choice":"Fought Bandits","damage_taken":0,"max_hp_gain":0,"max_hp_loss":0,"event_name":"Masked Bandits","floor":22,"gold_loss":0}],"is_beta":false,"boss_relics":[{"not_picked":["Runic Dome","Velvet Choker"],"picked":"Runic Pyramid"}],"items_purged_floors":[19],"is_endless":false,"potions_floor_spawned":[1,2,7,16],"killed_by":"Masked Bandits","ascension_level":5}}