{"host":"cv77zuuuekizn3ic","time":1609728533,"event":{"mods":["AchievementEnabler","BaseMod","Marisa£®ÏF”Í°°ƒß¿Ì…≥£©","Minty Spire (QoL Compilation)","StSLib","Waifu the Spire","everything is the same but u backflip on backflip","slay the spire mod where everything is the same but ironclad has a cowboy hat"],"gold_per_floor":[113,113,113,132,132,132,30,30,57,91,118,163,113,144,144,262,262,290,290,190,222,222,97,140,140,188,220,261,288,338,382,382,501,501,536,536,536,549,559,599,0,0,26,51,51,67,95,108,108,108,108,108,41,79,79],"floor_reached":56,"playtime":2982,"items_purged":["Defend_MRS","Defend_MRS","Strike_MRS","Strike_MRS"],"score":2396,"play_id":"f982c30f-bde8-48b0-9223-7a96d8cd91e6","local_time":"20210104104853","is_ascension_mode":true,"campfire_choices":[{"data":"MilkyWay","floor":6.0,"key":"SMITH"},{"data":"FairyDestructionRay","floor":8.0,"key":"SMITH"},{"data":"MilkyWay","floor":15.0,"key":"SMITH"},{"data":"Acceleration","floor":25.0,"key":"SMITH"},{"data":"MillisecondPulsars","floor":32.0,"key":"SMITH"},{"floor":45.0,"key":"RECALL"},{"data":"MaximisePower","floor":49.0,"key":"SMITH"},{"data":"UltimateShortwave","floor":52.0,"key":"SMITH"}],"circlet_count":0,"master_deck":["Strike_MRS","Strike_MRS","Defend_MRS+1","MasterSpark","UpSweep+1","MilkyWay+1","FairyDestructionRay+1","MillisecondPulsars+1","Acceleration+1","MilkyWay+1","PowerUp","BinaryStars","MilkyWay","Ghostly","Ghostly","Ghostly","Ghostly","ShootingEcho+1","ChargeUpSpray+1","TreasureHunter+1","MaximisePower+1","MeteoricShower+1","PowerUp+1","UltimateShortwave+1","Singularity","MagicChant+1"],"relics":["MiniHakkero","NeowsBlessing","Orichalcum","Strawberry","CaptainsWheel","Kunai","Coffee Dripper","FossilizedHelix","CeramicFish","Akabeko","Potion Belt","Gambling Chip","Runic Pyramid","TheAbacus","Lantern","Red Mask","Anchor","Whetstone","Art of War","MealTicket","Regal Pillow","Letter Opener","InkBottle"],"acts_visited":["Exordium","TheCity","TheBeyond","TheEnding"],"potions_floor_usage":[55,55,55,55,55,55,55],"damage_taken":[{"damage":0.0,"enemies":"Cultist","floor":1.0,"turns":1.0},{"damage":0.0,"enemies":"2 Louse","floor":4.0,"turns":1.0},{"damage":0.0,"enemies":"Gremlin Nob","floor":10.0,"turns":1.0},{"damage":0.0,"enemies":"Small Slimes","floor":11.0,"turns":3.0},{"damage":15.0,"enemies":"Lagavulin","floor":12.0,"turns":6.0},{"damage":0.0,"enemies":"Exordium Wildlife","floor":14.0,"turns":3.0},{"damage":8.0,"enemies":"The Guardian","floor":16.0,"turns":7.0},{"damage":0.0,"enemies":"Spheric Guardian","floor":18.0,"turns":1.0},{"damage":0.0,"enemies":"Chosen","floor":21.0,"turns":4.0},{"damage":0.0,"enemies":"Gremlin Leader","floor":24.0,"turns":5.0},{"damage":0.0,"enemies":"Book of Stabbing","floor":27.0,"turns":5.0},{"damage":0.0,"enemies":"Snake Plant","floor":28.0,"turns":4.0},{"damage":0.0,"enemies":"Snecko","floor":29.0,"turns":4.0},{"damage":0.0,"enemies":"Slavers","floor":30.0,"turns":5.0},{"damage":0.0,"enemies":"3 Cultists","floor":31.0,"turns":4.0},{"damage":0.0,"enemies":"Champ","floor":33.0,"turns":7.0},{"damage":0.0,"enemies":"3 Darklings","floor":35.0,"turns":4.0},{"damage":11.0,"enemies":"3 Shapes","floor":38.0,"turns":3.0},{"damage":0.0,"enemies":"Maw","floor":39.0,"turns":5.0},{"damage":0.0,"enemies":"Nemesis","floor":40.0,"turns":5.0},{"damage":0.0,"enemies":"Giant Head","floor":44.0,"turns":5.0},{"damage":0.0,"enemies":"Writhing Mass","floor":46.0,"turns":3.0},{"damage":0.0,"enemies":"Reptomancer","floor":47.0,"turns":4.0},{"damage":0.0,"enemies":"3 Darklings","floor":48.0,"turns":3.0},{"damage":0.0,"enemies":"Donu and Deca","floor":50.0,"turns":4.0},{"damage":0.0,"enemies":"Shield and Spear","floor":54.0,"turns":6.0},{"damage":0,"enemies":"The Heart","floor":55,"turns":6}],"seed_played":"-4573155847486733802","potions_obtained":[{"floor":4.0,"key":"Block Potion"},{"floor":10.0,"key":"DuplicationPotion"},{"floor":11.0,"key":"Energy Potion"},{"floor":12.0,"key":"SmokeBomb"},{"floor":14.0,"key":"Fire Potion"},{"floor":16.0,"key":"DistilledChaos"},{"floor":21.0,"key":"Block Potion"},{"floor":24.0,"key":"BottledSpark"},{"floor":28.0,"key":"BlessingOfTheForge"},{"floor":30.0,"key":"Strength Potion"},{"floor":31.0,"key":"EntropicBrew"},{"floor":37.0,"key":"EntropicBrew"},{"floor":37.0,"key":"Swift Potion"},{"floor":38.0,"key":"Swift Potion"},{"floor":40.0,"key":"PowerPotion"}],"is_trial":false,"path_per_floor":["M","?","?","M","?","R","$","R","T","E","M","E","?","M","R","B",null,"M","?","$","M","?","$","E","R","T","E","M","M","E","M","R","B",null,"M","?","?","M","M","E","$","?","T","E","R","M","E","M","R","B",null,"R","$","E","B",null],"character_chosen":"MARISA","items_purchased":["WitchOfGreed","TheAbacus","Lantern","UltimateShortwave","Singularity"],"campfire_rested":0,"item_purchase_floors":[7,41,41,41,53],"current_hp_per_floor":[68,53,58,58,55,55,55,55,62,62,62,47,47,47,47,39,75,75,43,43,43,43,43,43,43,43,43,43,43,43,43,43,43,43,43,43,43,32,32,32,32,32,32,32,32,32,32,32,32,32,40,40,43,43,43],"gold":79,"neow_bonus":"THREE_ENEMY_KILL","is_daily":false,"chose_seed":false,"campfire_upgraded":7,"win_rate":0.0,"timestamp":1609728533,"path_taken":["M","?","?","M","?","R","$","R","T","E","?","E","?","M","R","BOSS","M","?","$","M","?","$","E","R","T","E","M","?","E","M","R","BOSS","M","?","?","M","M","E","?","?","T","E","R","?","E","M","R","BOSS","R","$","E","BOSS"],"items_purchased_type":["Card","Relic","Relic","Card","Card"],"build_version":"2020-12-22","purchased_purges":4,"victory":true,"max_hp_per_floor":[75,75,80,80,80,80,80,80,87,87,87,87,87,87,87,87,87,87,43,43,43,43,43,43,43,43,43,43,43,43,43,43,43,43,43,43,43,43,43,43,43,43,43,43,43,43,43,43,43,43,43,43,43,43,43],"card_choices":[{"not_picked":["SuperPerseids","DC"],"picked":"MilkyWay","floor":1.0},{"not_picked":["IllusionStar","OrrerysSun"],"picked":"FairyDestructionRay","floor":4.0},{"not_picked":["MilkyWay","DoubleSpark"],"picked":"MillisecondPulsars","floor":10.0},{"not_picked":["UnstableBomb","NonDirectionalLaser"],"picked":"Acceleration","floor":11.0},{"not_picked":["WitchOfGreed","GrandCross"],"picked":"MilkyWay","floor":12.0},{"not_picked":["MagicAbsorber","NonDirectionalLaser"],"picked":"PowerUp","floor":14.0},{"not_picked":["CollectingQuirk","BigCrunch"],"picked":"BinaryStars","floor":16.0},{"not_picked":["StarlightTyphoon+1","DoubleSpark"],"picked":"MilkyWay","floor":18.0},{"not_picked":["DC+1","Orbital"],"picked":"ShootingEcho","floor":21.0},{"not_picked":["RefractionSpark","AbsoluteMagnitude","OrrerysSun"],"picked":"SKIP","floor":24.0},{"not_picked":["FinalSpark","RefractionSpark","BlazeAway+1"],"picked":"SKIP","floor":27.0},{"not_picked":["Robbery","AsteroidBelt"],"picked":"ChargeUpSpray+1","floor":28.0},{"not_picked":["Occultation+1","MysteriousBeam","NonDirectionalLaser"],"picked":"SKIP","floor":29.0},{"not_picked":["SuperPerseids","OrrerysSun+1","ShootingEcho"],"picked":"SKIP","floor":30.0},{"not_picked":["Occultation","6A"],"picked":"TreasureHunter","floor":31.0},{"not_picked":["BigCrunch","JA"],"picked":"MaximisePower","floor":33.0},{"not_picked":["PulseMagic","MysteriousBeam"],"picked":"MeteoricShower+1","floor":35.0},{"not_picked":["IllusionStar","PowerUp","SprinkleStarSeal"],"picked":"SKIP","floor":38.0},{"not_picked":["GalacticHalo+1","DoubleSpark","LuminesStrike+1"],"picked":"SKIP","floor":39.0},{"not_picked":["DoubleSpark+1","UnstableBomb"],"picked":"PowerUp+1","floor":40.0},{"not_picked":["DC","PowerUp","SuperPerseids"],"picked":"SKIP","floor":44.0},{"not_picked":["DC","PowerUp","SuperPerseids"],"picked":"SKIP","floor":44.0},{"not_picked":["GalacticHalo+1","PowerUp","MachineGunSpark"],"picked":"SKIP","floor":46.0},{"not_picked":["WitchLeyline","AbsoluteMagnitude","LuminesStrike"],"picked":"SKIP","floor":47.0},{"not_picked":["MysteriousBeam+1","PulseMagic","StarBarrage"],"picked":"SKIP","floor":48.0},{"not_picked":["SuperPerseids","StarBarrage+1"],"picked":"MagicChant+1","floor":54.0}],"player_experience":690127,"relics_obtained":[{"floor":9.0,"key":"Strawberry"},{"floor":10.0,"key":"CaptainsWheel"},{"floor":12.0,"key":"Kunai"},{"floor":24.0,"key":"CeramicFish"},{"floor":27.0,"key":"Akabeko"},{"floor":30.0,"key":"Potion Belt"},{"floor":33.0,"key":"Gambling Chip"},{"floor":43.0,"key":"Anchor"},{"floor":44.0,"key":"Whetstone"},{"floor":44.0,"key":"Art of War"},{"floor":47.0,"key":"MealTicket"},{"floor":47.0,"key":"Regal Pillow"},{"floor":54.0,"key":"Letter Opener"},{"floor":54.0,"key":"InkBottle"}],"event_choices":[{"damage_healed":0.0,"max_hp_gain":0.0,"max_hp_loss":0.0,"gold_gain":0.0,"event_name":"Shining Light","player_choice":"Entered Light","floor":2.0,"gold_loss":0.0,"damage_taken":15.0,"cards_upgraded":["Defend_MRS","UpSweep"]},{"damage_healed":0.0,"max_hp_gain":5.0,"max_hp_loss":0.0,"gold_gain":0.0,"event_name":"Big Fish","player_choice":"Donut","floor":3.0,"gold_loss":0.0,"damage_taken":0.0},{"damage_healed":0.0,"max_hp_gain":0.0,"max_hp_loss":0.0,"gold_gain":0.0,"event_name":"Scrap Ooze","player_choice":"Success","floor":5.0,"gold_loss":0.0,"damage_taken":3.0,"relics_obtained":["Orichalcum"]},{"cards_removed":["Defend_MRS"],"damage_healed":0.0,"max_hp_gain":0.0,"max_hp_loss":0.0,"gold_gain":0.0,"event_name":"The Cleric","player_choice":"Card Removal","floor":13.0,"gold_loss":50.0,"damage_taken":0.0},{"damage_healed":0.0,"max_hp_gain":0.0,"max_hp_loss":44.0,"gold_gain":0.0,"event_name":"Ghosts","player_choice":"Became a Ghost","floor":19.0,"gold_loss":0.0,"damage_taken":0.0,"cards_obtained":["Ghostly","Ghostly","Ghostly","Ghostly","Ghostly"]},{"cards_removed":["Ghostly"],"damage_healed":0.0,"max_hp_gain":0.0,"max_hp_loss":0.0,"gold_gain":0.0,"event_name":"WeMeetAgain","player_choice":"Gave Card","floor":22.0,"gold_loss":0.0,"damage_taken":0.0,"relics_obtained":["FossilizedHelix"]},{"cards_removed":["WitchOfGreed"],"damage_healed":0.0,"max_hp_gain":0.0,"max_hp_loss":0.0,"gold_gain":0.0,"event_name":"Falling","player_choice":"Removed Power","floor":36.0,"gold_loss":0.0,"damage_taken":0.0},{"damage_healed":0.0,"max_hp_gain":0.0,"max_hp_loss":0.0,"gold_gain":0.0,"event_name":"Lab","player_choice":"Got Potions","floor":37.0,"gold_loss":0.0,"damage_taken":0.0},{"damage_healed":0.0,"max_hp_gain":0.0,"max_hp_loss":0.0,"gold_gain":0.0,"event_name":"Tomb of Lord Red Mask","player_choice":"Paid","floor":42.0,"gold_loss":0.0,"damage_taken":0.0,"relics_obtained":["Red Mask"]}],"is_beta":false,"boss_relics":[{"not_picked":["BewitchedHakkero","Black Star"],"picked":"Coffee Dripper"},{"not_picked":["Calling Bell","Velvet Choker"],"picked":"Runic Pyramid"}],"items_purged_floors":[7,20,23,41],"is_endless":false,"potions_floor_spawned":[4,10,28,29,33,38,40,44,48,54],"ascension_level":9}}