{"host":"uv231blk40vjdojr","time":1609779404,"event":{"mods":["BaseMod","Minty Spire (QoL Compilation)","Relic Stats"],"gold_per_floor":[118,43,43,43,53,83,83,100,100,129,145,145,164,189,189,260,260,278,278,51,51,39,39,39,39],"floor_reached":24,"playtime":1260,"items_purged":[],"score":454,"play_id":"50b0466f-f9b8-4bb6-b454-04cd86ab9cc3","local_time":"20210104175644","is_ascension_mode":true,"campfire_choices":[{"data":"Bash","floor":12,"key":"SMITH"},{"data":"Metallicize","floor":15,"key":"SMITH"},{"data":"Anger","floor":23,"key":"SMITH"}],"circlet_count":0,"master_deck":["AscendersBane","Strike_R+1","Strike_R+1","Strike_R+1","Strike_R+1","Defend_R+1","Defend_R+1","Defend_R+1","Defend_R+1","Bash+1","Anger+1","Clothesline","Blood for Blood","Spot Weakness","Ghostly Armor","Metallicize+1","Reaper"],"relics":["Burning Blood","NeowsBlessing","StrikeDummy","GremlinMask","Strawberry","The Courier","Smiling Mask","Sozu","Frozen Egg 2"],"acts_visited":["Exordium","TheCity"],"potions_floor_usage":[10,13,18,24],"damage_taken":[{"damage":0,"enemies":"Small Slimes","floor":1,"turns":1},{"damage":0,"enemies":"Jaw Worm","floor":5,"turns":1},{"damage":0,"enemies":"Lagavulin","floor":6,"turns":1},{"damage":0,"enemies":"Cultist","floor":8,"turns":3},{"damage":30,"enemies":"Gremlin Nob","floor":10,"turns":4},{"damage":23,"enemies":"3 Louse","floor":11,"turns":3},{"damage":9,"enemies":"Large Slime","floor":13,"turns":6},{"damage":15,"enemies":"Lagavulin","floor":14,"turns":6},{"damage":18,"enemies":"Hexaghost","floor":16,"turns":9},{"damage":18,"enemies":"3 Byrds","floor":18,"turns":6},{"damage":7,"enemies":"2 Thieves","floor":22,"turns":4},{"damage":107,"enemies":"Slavers","floor":24,"turns":8}],"seed_played":"-3894910235461508065","potions_obtained":[{"floor":6,"key":"SteroidPotion"},{"floor":8,"key":"ColorlessPotion"},{"floor":10,"key":"Block Potion"},{"floor":14,"key":"Explosive Potion"},{"floor":16,"key":"BloodPotion"}],"is_trial":false,"path_per_floor":["M","?","$","?","M","E","?","M","T","E","M","R","M","E","R","B",null,"M","?","$","?","M","R","E"],"character_chosen":"IRONCLAD","items_purchased":["Frozen Egg 2"],"campfire_rested":0,"item_purchase_floors":[20],"current_hp_per_floor":[74,74,74,51,57,63,63,69,76,52,35,35,32,23,23,11,64,57,57,57,82,81,81,0,0],"gold":39,"neow_bonus":"THREE_ENEMY_KILL","is_daily":false,"chose_seed":false,"campfire_upgraded":3,"win_rate":0.0,"timestamp":1609779404,"path_taken":["M","?","$","?","M","E","?","?","T","E","M","R","M","E","R","BOSS","M","?","$","?","?","R","E"],"items_purchased_type":["Relic"],"build_version":"2020-12-22","purchased_purges":0,"victory":false,"max_hp_per_floor":[75,75,75,75,75,75,75,75,82,82,82,82,82,82,82,82,82,82,82,82,82,82,82,82,82],"relic_stats":{"Sozu":2,"counters":[12,52],"Smiling Mask":0,"obtain_stats":[{"Sozu":17,"NeowsBlessing":0,"Strawberry":9,"GremlinMask":7,"The Courier":10,"Frozen Egg 2":20,"StrikeDummy":6,"Smiling Mask":14,"Burning Blood":0},{"Sozu":9,"NeowsBlessing":0,"Strawberry":4,"GremlinMask":3,"The Courier":5,"Frozen Egg 2":10,"StrikeDummy":3,"Smiling Mask":8,"Burning Blood":0},{"Sozu":34,"NeowsBlessing":0,"Strawberry":6,"GremlinMask":3,"The Courier":10,"Frozen Egg 2":40,"StrikeDummy":3,"Smiling Mask":25,"Burning Blood":0}],"Burning Blood":66},"card_choices":[{"not_picked":["Headbutt","Dark Embrace"],"picked":"Anger","floor":1},{"not_picked":["Shrug It Off","Ghostly Armor"],"picked":"Clothesline","floor":5},{"not_picked":["Flex","Evolve"],"picked":"Blood for Blood","floor":6},{"not_picked":["Warcry","Headbutt"],"picked":"Dropkick","floor":8},{"not_picked":["Sever Soul","Double Tap"],"picked":"Spot Weakness","floor":10},{"not_picked":["Dropkick","Second Wind","Feel No Pain"],"picked":"SKIP","floor":11},{"not_picked":["Anger","Sever Soul"],"picked":"Ghostly Armor","floor":13},{"not_picked":["Cleave","Havoc"],"picked":"Metallicize","floor":14},{"not_picked":["Double Tap","Juggernaut"],"picked":"Reaper","floor":16},{"not_picked":["Clash","Pommel Strike","Clothesline+1"],"picked":"SKIP","floor":18},{"not_picked":["Shrug It Off","Spot Weakness","Armaments"],"picked":"SKIP","floor":22}],"player_experience":567244,"relics_obtained":[{"floor":6,"key":"StrikeDummy"},{"floor":9,"key":"Strawberry"},{"floor":10,"key":"The Courier"},{"floor":14,"key":"Smiling Mask"}],"event_choices":[{"cards_removed":["Strike_R"],"damage_healed":0,"gold_gain":0,"player_choice":"Card Removal","damage_taken":0,"max_hp_gain":0,"max_hp_loss":0,"event_name":"The Cleric","floor":2,"gold_loss":75},{"damage_healed":0,"gold_gain":0,"player_choice":"Entered Light","damage_taken":23,"max_hp_gain":0,"max_hp_loss":0,"event_name":"Shining Light","floor":4,"gold_loss":0,"cards_upgraded":["Defend_R","Strike_R"]},{"damage_healed":0,"gold_gain":0,"player_choice":"Trade","damage_taken":0,"relics_obtained":["GremlinMask"],"max_hp_gain":0,"max_hp_loss":0,"event_name":"FaceTrader","floor":7,"gold_loss":0},{"damage_healed":0,"gold_gain":0,"player_choice":"Simplicity","damage_taken":0,"max_hp_gain":0,"max_hp_loss":0,"event_name":"Back to Basics","floor":19,"gold_loss":0,"cards_upgraded":["Strike_R","Strike_R","Strike_R","Defend_R","Defend_R","Defend_R"]},{"cards_removed":["Dropkick"],"damage_healed":25,"gold_gain":0,"player_choice":"Offered Uncommon","damage_taken":0,"max_hp_gain":0,"max_hp_loss":0,"event_name":"Bonfire Elementals","floor":21,"gold_loss":0}],"is_beta":false,"boss_relics":[{"not_picked":["Mark of Pain","Busted Crown"],"picked":"Sozu"}],"items_purged_floors":[],"is_endless":false,"potions_floor_spawned":[6,8,10,14,16,18,22],"killed_by":"Slavers","ascension_level":18}}