{"host":"8z6cx8b9r5qs18cp","time":1609726610,"event":{"mods":["AchievementEnabler","Act Like it!","Bard","BaseMod","GifTheSpireLib","Googly Eyes","Hermit","Hubris","Infinite Spire","Marked Mod","Minty Spire (QoL Compilation)","Permanent Neow","Rare Cards Sparkle","Relic Stats","Replay The Spire","StSLib","Stuff the Spire","The Animator","The Bug Knight","The Cursed","The Servant 0.9.4"],"gold_per_floor":[118,118,128,203,223,254,254,267,267,55,55,81,94,113,113,217,217,237,249,43,43,61,91,91,107,107,119,131,143,172,34,34,134,134,148,148,148,164,164,193,193,204,204,217,0,16,16,16,16,16,16],"floor_reached":50,"playtime":2692,"items_purged":[],"score":529,"play_id":"23e4dfd8-7295-44f6-82f8-6979b130b035","local_time":"20210103201650","is_ascension_mode":false,"campfire_choices":[{"floor":7.0,"key":"REST"},{"floor":15.0,"key":"REST"},{"floor":24.0,"key":"REST"},{"floor":32.0,"key":"REST"},{"floor":41,"key":"REST"},{"floor":47,"key":"REST"},{"floor":49,"key":"REST"}],"circlet_count":0,"master_deck":["Strike_R","Strike_R","Strike_R","Strike_R","Strike_R","Defend_R","Defend_R","Defend_R","Defend_R","Bash","Rampage","Flex","Twin Strike","Inflame","Infernal Blade","Anger","Pommel Strike","Limit Break","Infernal Blade+1","Thunderclap","Shrug It Off+1","Armaments+1","Replay:Undeath\u0027s Touch","infinitespire:Collect","Carnage","Barricade","Thunderclap","Anger","infinitespire:OneForAll","Impervious","Parasite","ReplayTheSpireMod:Muscle Training+1","Dual Wield+1","StuffTheSpire:Vigor"],"relics":["Runic Pyramid","Regal Pillow","HornCleat","Gremlin Horn","Philosopher\u0027s Stone","StuffTheSpire:Mouthbags","Bottled Lightning","MawBank","Onion Ring","StuffTheSpire:GrapeVine","Sozu","hubris:Towel","Ornamental Fan","Iron Hammer","Red Mask"],"acts_visited":["Exordium","TheCity","TheBeyond"],"potions_floor_usage":[40,50],"damage_taken":[{"damage":6.0,"enemies":"Jaw Worm","floor":1.0,"turns":4.0},{"damage":1.0,"enemies":"2 Louse","floor":3.0,"turns":3.0},{"damage":1.0,"enemies":"Cultist","floor":5.0,"turns":3.0},{"damage":31.0,"enemies":"3 Sentries","floor":6.0,"turns":9.0},{"damage":0.0,"enemies":"2 Fungi Beasts","floor":8.0,"turns":3.0},{"damage":0.0,"enemies":"Lagavulin","floor":12.0,"turns":3.0},{"damage":7.0,"enemies":"Red Slaver","floor":13.0,"turns":3.0},{"damage":4.0,"enemies":"3 Louse","floor":14.0,"turns":2.0},{"damage":36.0,"enemies":"Hexaghost","floor":16.0,"turns":7.0},{"damage":0.0,"enemies":"Spheric Guardian","floor":18.0,"turns":3.0},{"damage":12.0,"enemies":"Chosen","floor":19.0,"turns":3.0},{"damage":30.0,"enemies":"Centurion and Healer","floor":22.0,"turns":6.0},{"damage":34.0,"enemies":"Nightmare","floor":23.0,"turns":6.0},{"damage":0.0,"enemies":"Snecko","floor":25.0,"turns":4.0},{"damage":0.0,"enemies":"Snake Plant","floor":29.0,"turns":1.0},{"damage":6.0,"enemies":"Cultist and Chosen","floor":30.0,"turns":3.0},{"damage":39.0,"enemies":"Champ","floor":33.0,"turns":8.0},{"damage":16.0,"enemies":"Orb Walker","floor":35.0,"turns":2.0},{"damage":16,"enemies":"3 Shapes","floor":38,"turns":3},{"damage":42,"enemies":"Giant Head","floor":40,"turns":8},{"damage":1,"enemies":"Writhing Mass","floor":42,"turns":6},{"damage":23,"enemies":"Spire Growth","floor":44,"turns":5},{"damage":0,"enemies":"4 Shapes","floor":46,"turns":3},{"damage":95,"enemies":"Time Eater","floor":50,"turns":10}],"seed_played":"1926980894491730358","potions_obtained":[{"floor":3.0,"key":"Explosive Potion"},{"floor":8.0,"key":"LiquidMemories"},{"floor":13.0,"key":"Strength Potion"},{"floor":14.0,"key":"BloodPotion"},{"floor":22.0,"key":"Elixir"},{"floor":23.0,"key":"SpeedPotion"},{"floor":25.0,"key":"SmokeBomb"}],"is_trial":false,"path_per_floor":["M","?","M","?","M","E","R","M","T","$","?","E","M","M","R","B",null,"M","M","$","?","M","NM","R","M","T","?","AVR","M","M","$","R","B",null,"M","?","?","M","?","E","R","M","T","M","?","M","R","?","R","B"],"character_chosen":"IRONCLAD","items_purchased":["Inflame","Oddly Smooth Stone","StuffTheSpire:Mouthbags","Thunderclap","StuffTheSpire:GrapeVine"],"campfire_rested":7,"item_purchase_floors":[10,10,20,20,31],"current_hp_per_floor":[74,74,73,62,61,30,69,69,69,69,69,69,62,58,80,44,80,80,68,68,68,54,20,59,59,59,59,59,59,53,53,80,41,80,64,64,64,48,48,6,45,44,44,21,21,21,60,60,80,0,0],"gold":16,"neow_bonus":"BOSS_RELIC","is_daily":false,"chose_seed":false,"campfire_upgraded":0,"win_rate":0.0,"timestamp":1609726610,"path_taken":["M","?","M","?","M","E","R","M","T","?","?","E","M","M","R","BOSS","M","M","$","?","M","NM","R","M","T","?","AVR","M","M","$","R","BOSS","M","?","?","?","?","E","R","M","T","M","?","M","R","?","R","BOSS"],"items_purchased_type":["Card","Relic","Relic","Card","Relic"],"build_version":"2020-12-22","purchased_purges":0,"victory":false,"max_hp_per_floor":[80,80,80,80,80,80,80,80,80,80,80,80,80,80,80,80,80,80,80,80,80,80,80,80,80,80,80,80,80,80,80,80,80,80,80,80,80,80,80,80,80,80,80,80,80,80,80,80,80,80,80],"relic_stats":{"Sozu":2,"Regal Pillow":63,"Gremlin Horn":[9,9],"counters":[24,107],"Ornamental Fan":[60],"MawBank":60,"obtain_stats":[{"Regal Pillow":6,"Gremlin Horn":12,"Oddly Smooth Stone":10,"StuffTheSpire:GrapeVine":31,"hubris:Towel":39,"MawBank":26,"Burning Blood":0,"Sozu":34,"HornCleat":9,"StuffTheSpire:Mouthbags":20,"Ornamental Fan":40,"Philosopher\u0027s Stone":17,"Onion Ring":28,"Iron Hammer":43,"Red Mask":45,"Bottled Lightning":23,"Runic Pyramid":0},{"Regal Pillow":4,"Gremlin Horn":6,"Oddly Smooth Stone":5,"StuffTheSpire:GrapeVine":16,"hubris:Towel":19,"MawBank":14,"Burning Blood":0,"Sozu":17,"HornCleat":5,"StuffTheSpire:Mouthbags":11,"Ornamental Fan":20,"Philosopher\u0027s Stone":9,"Onion Ring":14,"Iron Hammer":21,"Red Mask":22,"Bottled Lightning":13,"Runic Pyramid":0},{"Regal Pillow":19,"Gremlin Horn":25,"Oddly Smooth Stone":22,"StuffTheSpire:GrapeVine":63,"hubris:Towel":76,"MawBank":59,"Burning Blood":0,"Sozu":71,"HornCleat":22,"StuffTheSpire:Mouthbags":43,"Ornamental Fan":84,"Philosopher\u0027s Stone":37,"Onion Ring":59,"Iron Hammer":90,"Red Mask":94,"Bottled Lightning":55,"Runic Pyramid":0}]},"card_choices":[{"not_picked":["Body Slam","Heavy Blade"],"picked":"Rampage","floor":1.0},{"not_picked":["Dropkick","Perfected Strike","True Grit"],"picked":"SKIP","floor":3.0},{"not_picked":["Heavy Blade","Searing Blow"],"picked":"Flex","floor":5.0},{"not_picked":["Pummel","ReplayTheSpireMod:Strike From Hell"],"picked":"Twin Strike","floor":6.0},{"not_picked":["ReplayTheSpireMod:Strike From Hell","ReplayTheSpireMod:Muscle Training"],"picked":"Anger","floor":8.0},{"not_picked":["Whirlwind","StuffTheSpire:Resist"],"picked":"Infernal Blade","floor":12.0},{"not_picked":["hubris:CleavingFinish","Metallicize"],"picked":"Anger","floor":13.0},{"not_picked":["Cleave","ReplayTheSpireMod:Stacked"],"picked":"Pommel Strike","floor":14.0},{"not_picked":["Offering","hubris:StunningStrike"],"picked":"Limit Break","floor":16.0},{"not_picked":["Cleave+1","Flex"],"picked":"Infernal Blade+1","floor":18.0},{"not_picked":["Cleave","StuffTheSpire:Slingshot","Hemokinesis"],"picked":"SKIP","floor":19.0},{"not_picked":["Second Wind","ReplayTheSpireMod:Strike From Hell+1"],"picked":"Shrug It Off+1","floor":22.0},{"not_picked":["Sentinel","Ghostly Armor"],"picked":"Armaments+1","floor":23.0},{"not_picked":["Clash","hubris:CleavingFinish"],"picked":"Replay:Undeath\u0027s Touch","floor":25.0},{"not_picked":["Perfected Strike+1","Twin Strike"],"picked":"Carnage","floor":30.0},{"not_picked":["Exhume","Demonic Infusion"],"picked":"Barricade","floor":33.0},{"not_picked":["Intimidate","Run Through+1"],"picked":"Thunderclap","floor":35.0},{"not_picked":["Searing Blow","Disarm+1"],"picked":"infinitespire:OneForAll","floor":38},{"not_picked":["StuffTheSpire:Slingshot+1","hubris:CleavingFinish+1"],"picked":"Impervious","floor":40},{"not_picked":["Clothesline","Body Slam","Defy Death+1"],"picked":"SKIP","floor":42},{"not_picked":["Shockwave","StuffTheSpire:RockThrow"],"picked":"ReplayTheSpireMod:Muscle Training+1","floor":44},{"not_picked":["Cleave+1","hubris:ReadiedAction"],"picked":"Dual Wield+1","floor":46},{"not_picked":["StuffTheSpire:BrainWave","StuffTheSpire:CelestialWarden"],"picked":"StuffTheSpire:Vigor","floor":48}],"player_experience":194253,"relics_obtained":[{"floor":6.0,"key":"Regal Pillow"},{"floor":9.0,"key":"HornCleat"},{"floor":12.0,"key":"Gremlin Horn"},{"floor":23.0,"key":"Bottled Lightning"},{"floor":26.0,"key":"MawBank"},{"floor":40,"key":"Ornamental Fan"},{"floor":43,"key":"Iron Hammer"}],"event_choices":[{"damage_healed":0.0,"max_hp_gain":0.0,"max_hp_loss":0.0,"gold_gain":75.0,"event_name":"World of Goop","player_choice":"Gather Gold","floor":4.0,"gold_loss":0.0,"damage_taken":11.0},{"damage_healed":0.0,"max_hp_gain":0.0,"max_hp_loss":0.0,"gold_gain":0.0,"event_name":"Purifier","player_choice":"Ignored","floor":11.0,"gold_loss":0.0,"damage_taken":0.0},{"damage_healed":0.0,"max_hp_gain":0.0,"max_hp_loss":0.0,"gold_gain":0.0,"event_name":"Ghosts","player_choice":"Ignored","floor":27.0,"gold_loss":0.0,"damage_taken":0.0},{"damage_healed":0.0,"max_hp_gain":0.0,"max_hp_loss":0.0,"gold_gain":0.0,"event_name":"SecretPortal","player_choice":"Ignored","floor":37.0,"gold_loss":0.0,"damage_taken":0.0},{"damage_healed":0,"gold_gain":0,"player_choice":"Paid","damage_taken":0,"relics_obtained":["Red Mask"],"max_hp_gain":0,"max_hp_loss":0,"event_name":"Tomb of Lord Red Mask","floor":45,"gold_loss":217}],"is_beta":false,"boss_relics":[{"not_picked":["Busted Crown","StuffTheSpire:RunicConfusion"],"picked":"Philosopher\u0027s Stone"},{"not_picked":["Ooze Armor","hubris:VirtuousBlindfold"],"picked":"Sozu"}],"items_purged_floors":[],"is_endless":true,"potions_floor_spawned":[3,8,13,14,22,23,25,29,35,38],"killed_by":"Time Eater","ascension_level":0}}