{"host":"61xbmbtf5zrn7rzc","time":1609748834,"event":{"mods":["BaseMod","Challenge The Spire","Hubris","Minty Spire (QoL Compilation)","Replay The Spire","StSLib","SuperFastMode","The Marked"],"gold_per_floor":[110,128,148,160,180,180,180,180],"floor_reached":7,"playtime":365,"items_purged":[],"score":190,"play_id":"b1f75258-fe9b-4a59-85d3-04d89ad8678d","local_time":"20210104032714","daily_mods":["SealedDeck","Heirloom","Flight","DeadlyEvents","Elite Swarm"],"is_ascension_mode":true,"campfire_choices":[{"data":"theMarked:Generate","floor":6,"key":"SMITH"}],"circlet_count":0,"master_deck":["AscendersBane","theMarked:HeightenedSenses","theMarked:Aftermath","theMarked:HeightenedSenses","theMarked:HeightenedSenses","theMarked:TwofoldDefense","theMarked:ElectricStrings","theMarked:Static","theMarked:PowerFlow","theMarked:SwordAndMagic","theMarked:RogueSparks","theMarked:Static","theMarked:GodGivenPower","theMarked:Generate+1"],"relics":["theMarked:ArtifactOfAir","hubris:CuriousFeather"],"acts_visited":["Exordium"],"potions_floor_usage":[4],"damage_taken":[{"damage":0,"enemies":"Cultist","floor":1,"turns":2},{"damage":19,"enemies":"Jaw Worm","floor":2,"turns":4},{"damage":7,"enemies":"Small Slimes","floor":3,"turns":4},{"damage":0,"enemies":"3 Louse","floor":4,"turns":3},{"damage":16,"enemies":"Large Slime","floor":5,"turns":3},{"damage":25,"enemies":"3 Sentries","floor":7,"turns":4}],"seed_played":"-566036136909683951","potions_obtained":[{"floor":2,"key":"Energy Potion"},{"floor":3,"key":"FearPotion"}],"is_trial":true,"path_per_floor":["M","M","M","M","M","R","E"],"character_chosen":"THE_DEFAULT","items_purchased":[],"campfire_rested":0,"item_purchase_floors":[],"current_hp_per_floor":[59,40,33,33,17,17,0,0],"gold":180,"neow_bonus":"","is_daily":false,"chose_seed":false,"campfire_upgraded":1,"win_rate":0.0,"timestamp":1609748834,"path_taken":["M","?","M","M","M","R","E"],"items_purchased_type":[],"build_version":"2020-12-22","purchased_purges":0,"victory":false,"max_hp_per_floor":[66,66,66,66,66,66,66,66],"card_choices":[{"not_picked":["theMarked:SwordAndMagic","theMarked:TwofoldDefense"],"picked":"theMarked:Static","floor":1},{"not_picked":["theMarked:Convert","theMarked:Parkour","theMarked:TwofoldDefense"],"picked":"SKIP","floor":2},{"not_picked":["theMarked:Indomitable","theMarked:BanishingStrike","theMarked:Frustration"],"picked":"SKIP","floor":3},{"not_picked":["theMarked:Aftermath","theMarked:Parkour"],"picked":"theMarked:GodGivenPower","floor":4},{"not_picked":["theMarked:Challenge","theMarked:RogueSparks"],"picked":"theMarked:Generate","floor":5}],"player_experience":89662,"relics_obtained":[],"event_choices":[],"is_beta":false,"boss_relics":[],"items_purged_floors":[],"is_endless":true,"potions_floor_spawned":[2,3],"killed_by":"3 Sentries","ascension_level":20}}