{"host":"mrc3cf8wjlkkqes7","time":1609730116,"event":{"mods":["BaseMod","Downfall","Hermit","Infinite Spire","Marisa????????","Minty Spire (QoL Compilation)","Replay The Spire","StSLib","The Cursed","The Servant 0.9.4"],"gold_per_floor":[99,99,18,18,35,47,71,81,107,127,145,157,169,225,235,235,235],"floor_reached":16,"playtime":1145,"items_purged":[],"score":138,"play_id":"bed863d7-2c3c-4600-b04a-963af6020613","local_time":"20210103211516","is_ascension_mode":true,"campfire_choices":[{"floor":1.0,"key":"RECALL"}],"circlet_count":0,"master_deck":["Strike_S","Strike_S","Strike_S","Strike_S","Defend_S","Defend_S","Defend_S","Defend_S","KidneyShot","Exchange","Barrier","Defy","Contraction","Deadline","DoubleEdge","FlawlessForm","ShatteredReality","GearUp","Deadline","ShatteredReality","TimeWarp","Alleviate","TimeWarp","Starlight"],"relics":["Uniform","downfall:HeartsMalice","PaperSwan","infinitespire:CursedDice"],"acts_visited":["Exordium"],"potions_floor_usage":[14,14,14],"damage_taken":[{"damage":0.0,"enemies":"Cultist","floor":2.0,"turns":1.0},{"damage":0.0,"enemies":"downfall:FleeingMerchant","floor":3.0,"turns":1.0},{"damage":0.0,"enemies":"2 Louse","floor":4.0,"turns":1.0},{"damage":0.0,"enemies":"Small Slimes","floor":5.0,"turns":5.0},{"damage":7.0,"enemies":"3 Louse","floor":6.0,"turns":3.0},{"damage":3.0,"enemies":"2 Fungi Beasts","floor":8.0,"turns":4.0},{"damage":4.0,"enemies":"Lagavulin","floor":9.0,"turns":10.0},{"damage":15.0,"enemies":"Exordium Wildlife","floor":10.0,"turns":7.0},{"damage":0.0,"enemies":"Blue Slaver","floor":11.0,"turns":5.0},{"damage":8,"enemies":"Large Slime","floor":12,"turns":3},{"damage":15,"enemies":"Gremlin Gang","floor":13,"turns":2},{"damage":19,"enemies":"Lagavulin Event","floor":14,"turns":6},{"damage":8,"enemies":"Blue Slaver","floor":15,"turns":3},{"damage":29,"enemies":"downfall:Silent","floor":16,"turns":6}],"seed_played":"-4360664503287005596","potions_obtained":[{"floor":5.0,"key":"Weak Potion"},{"floor":6.0,"key":"sneckomod:MuddlingPotion"},{"floor":8.0,"key":"SkillPotion"},{"floor":12,"key":"Regen Potion"},{"floor":13,"key":"Fruit Juice"},{"floor":14,"key":"Cursed Concoction"}],"is_trial":false,"path_per_floor":["R","M","$","M","M","M","T","M","E","M","M","M","M","?","M","B"],"character_chosen":"THE_SERVANT","items_purchased":["Contraction"],"campfire_rested":0,"item_purchase_floors":[3],"current_hp_per_floor":[59,59,59,59,59,52,52,49,45,30,30,22,7,8,25,0,0],"gold":235,"neow_bonus":"THREE_ENEMY_KILL","is_daily":false,"chose_seed":false,"campfire_upgraded":0,"win_rate":0.0,"timestamp":1609730116,"path_taken":["R","M","?","M","?","M","T","M","E","M","M","M","M","?","M","BOSS"],"items_purchased_type":["Card"],"build_version":"2020-12-22","purchased_purges":0,"victory":false,"max_hp_per_floor":[65,65,65,65,65,65,65,65,65,65,65,65,65,70,70,70,70],"card_choices":[{"not_picked":["BestPractice","StarChef"],"picked":"Barrier","floor":2.0},{"not_picked":["Revamp","Shuttle"],"picked":"Defy","floor":3.0},{"not_picked":["Revamp","Hightail"],"picked":"Deadline","floor":4.0},{"not_picked":["Alleviate","Luminosity"],"picked":"DoubleEdge","floor":5.0},{"not_picked":["TimeTheft","Snipe"],"picked":"FlawlessForm","floor":6.0},{"not_picked":["Sabotage","Replace"],"picked":"ShatteredReality","floor":8.0},{"not_picked":["Shuttle","Replace"],"picked":"GearUp","floor":9.0},{"not_picked":["Rewind","Defy"],"picked":"Deadline","floor":10.0},{"not_picked":["Revamp","Unruled"],"picked":"ShatteredReality","floor":11.0},{"not_picked":["DoubleEdge","Replace"],"picked":"TimeWarp","floor":12},{"not_picked":["Replace","Revamp"],"picked":"Alleviate","floor":13},{"not_picked":["Replace","StarChef"],"picked":"TimeWarp","floor":14},{"not_picked":["TimeWarp","Rewind"],"picked":"Starlight","floor":15}],"player_experience":223547,"relics_obtained":[{"floor":9.0,"key":"PaperSwan"},{"floor":14,"key":"infinitespire:CursedDice"}],"event_choices":[],"is_beta":false,"boss_relics":[],"items_purged_floors":[],"is_endless":false,"potions_floor_spawned":[5,6,8,12,13,14],"killed_by":"downfall:Silent","ascension_level":6}}