{"host":"1tkoe3l8wf0xx8if","time":1609773129,"event":{"mods":["AchievementEnabler","BaseMod","Colored Map","Minty Spire (QoL Compilation)","Quick Restart","StSLib","SuperFastMode"],"gold_per_floor":[112,127,127,302,227,227,267,267,267,290,326,346,346,346,346,472,472,497,497,249,249,249,249,280,280,280,280,280],"floor_reached":27,"playtime":709,"items_purged":["Doubt","Strike_B"],"score":331,"play_id":"419b26e4-c341-470b-ab74-ddb444aa662c","local_time":"20210105001209","is_ascension_mode":true,"campfire_choices":[{"floor":6.0,"key":"REST"},{"data":"White Noise","floor":8.0,"key":"SMITH"},{"floor":15.0,"key":"REST"},{"data":"Defragment","floor":23,"key":"SMITH"},{"data":"Dualcast","floor":25,"key":"SMITH"}],"circlet_count":0,"master_deck":["Strike_B","Strike_B","Defend_B","Defend_B","Defend_B","Defend_B","Zap","Dualcast+1","White Noise+1","Defragment+1","Coolheaded","BootSequence","Skim","Reboot","White Noise","Consume","Ball Lightning"],"relics":["Cracked Core","Golden Idol","Juzu Bracelet","Bottled Lightning","PreservedInsect","FaceOfCleric","Inserter","Bottled Tornado","Matryoshka","Pen Nib","Emotion Chip"],"acts_visited":["Exordium","TheCity"],"potions_floor_usage":[21,27],"damage_taken":[{"damage":2.0,"enemies":"Jaw Worm","floor":1.0,"turns":3.0},{"damage":14.0,"enemies":"Small Slimes","floor":2.0,"turns":3.0},{"damage":18.0,"enemies":"Gremlin Nob","floor":7.0,"turns":3.0},{"damage":0.0,"enemies":"Cultist","floor":10.0,"turns":3.0},{"damage":12.0,"enemies":"Lagavulin","floor":11.0,"turns":8.0},{"damage":5.0,"enemies":"3 Louse","floor":12.0,"turns":3.0},{"damage":35.0,"enemies":"Slime Boss","floor":16.0,"turns":13.0},{"damage":10.0,"enemies":"Chosen","floor":18.0,"turns":6.0},{"damage":0,"enemies":"Masked Bandits","floor":21,"turns":1},{"damage":35,"enemies":"Book of Stabbing","floor":24,"turns":5},{"damage":34,"enemies":"Slavers","floor":27,"turns":2}],"seed_played":"5104593778208883988","potions_obtained":[{"floor":1.0,"key":"SpeedPotion"},{"floor":10.0,"key":"Explosive Potion"},{"floor":16.0,"key":"Explosive Potion"},{"floor":18.0,"key":"SmokeBomb"}],"is_trial":false,"path_per_floor":["M","M","?","?","$","R","E","R","T","M","E","M","?","?","R","B",null,"M","?","$","?","T","R","E","R","T","E"],"character_chosen":"DEFECT","items_purchased":["White Noise","Consume"],"campfire_rested":2,"item_purchase_floors":[20,20],"current_hp_per_floor":[62,48,26,26,26,52,34,34,34,34,22,17,17,17,43,9,70,61,61,61,62,62,62,28,28,28,0,0],"gold":280,"neow_bonus":"TWENTY_PERCENT_HP_BONUS","is_daily":false,"chose_seed":false,"campfire_upgraded":3,"win_rate":0.0,"timestamp":1609773129,"path_taken":["M","M","?","?","$","R","E","R","T","M","E","M","?","?","R","BOSS","M","?","$","?","?","R","E","R","T","E"],"items_purchased_type":["Card","Card"],"build_version":"2020-12-22","purchased_purges":2,"victory":false,"max_hp_per_floor":[89,89,89,89,89,89,89,89,89,89,89,89,89,89,89,90,90,91,91,91,92,92,92,93,93,93,93,93],"card_choices":[{"not_picked":["Self Repair","Loop"],"picked":"White Noise","floor":1.0},{"not_picked":["Rebound","Redo"],"picked":"Defragment","floor":2.0},{"not_picked":["Consume","Skim"],"picked":"Coolheaded","floor":7.0},{"not_picked":["Aggregate","Barrage","Stack"],"picked":"SKIP","floor":10.0},{"not_picked":["Beam Cell","Scrape"],"picked":"BootSequence","floor":11.0},{"not_picked":["Beam Cell","Doom and Gloom"],"picked":"Skim","floor":12.0},{"not_picked":["Hyperbeam","Fission"],"picked":"Reboot","floor":16.0},{"not_picked":["Darkness","Sweeping Beam+1","Redo"],"picked":"SKIP","floor":18.0},{"not_picked":["Stack","Barrage"],"picked":"Ball Lightning","floor":24}],"player_experience":329334,"relics_obtained":[{"floor":7.0,"key":"Juzu Bracelet"},{"floor":9.0,"key":"Bottled Lightning"},{"floor":11.0,"key":"PreservedInsect"},{"floor":22,"key":"Bottled Tornado"},{"floor":24,"key":"Matryoshka"},{"floor":26,"key":"Pen Nib"},{"floor":26,"key":"Emotion Chip"}],"event_choices":[{"damage_healed":0.0,"max_hp_gain":0.0,"max_hp_loss":0.0,"gold_gain":0.0,"event_name":"Golden Idol","player_choice":"Take Damage","floor":3.0,"gold_loss":0.0,"damage_taken":22.0,"relics_obtained":["Golden Idol"]},{"damage_healed":0.0,"max_hp_gain":0.0,"max_hp_loss":0.0,"gold_gain":175.0,"event_name":"Liars Game","player_choice":"AGREE","floor":4.0,"gold_loss":0.0,"damage_taken":0.0,"cards_obtained":["Doubt"]},{"damage_healed":0.0,"max_hp_gain":0.0,"max_hp_loss":0.0,"gold_gain":0.0,"event_name":"FaceTrader","player_choice":"Trade","floor":13.0,"gold_loss":0.0,"damage_taken":0.0,"relics_obtained":["FaceOfCleric"]},{"damage_healed":0.0,"max_hp_gain":0.0,"max_hp_loss":0.0,"gold_gain":0.0,"event_name":"Scrap Ooze","player_choice":"Fled","floor":14.0,"gold_loss":0.0,"damage_taken":0.0},{"cards_removed":["Strike_B"],"damage_healed":0.0,"max_hp_gain":0.0,"max_hp_loss":0.0,"gold_gain":0.0,"event_name":"Back to Basics","player_choice":"Elegance","floor":19.0,"gold_loss":0.0,"damage_taken":0.0},{"damage_healed":0,"gold_gain":0,"player_choice":"Fought Bandits","damage_taken":0,"max_hp_gain":0,"max_hp_loss":0,"event_name":"Masked Bandits","floor":21,"gold_loss":0}],"is_beta":false,"boss_relics":[{"not_picked":["Black Star","Busted Crown"],"picked":"Inserter"}],"items_purged_floors":[5,20],"is_endless":false,"potions_floor_spawned":[1,10,16,18,21],"killed_by":"Slavers","ascension_level":6}}