{"host":"fjaupvxe7fzqrf4j","time":1609750931,"event":{"mods":["ATMod(°¢èªMod)","BaseMod","Minty Spire (QoL Compilation)","StSLib"],"gold_per_floor":[116,41,59,59,71,118,156,194,233,270,302,347,359,399,411,500,512,538,600,612,210,85,110,110,144,171,171,202,217,545,580,580,653,653,663,663,663,663,691,723,753,786,839,839,873,912,942,984,984,1084,1284,1284,1284,8,247,347],"floor_reached":57,"playtime":1334,"items_purged":["Dagger Throw","Underhanded Strike","Underhanded Strike","Prepared+1"],"score":4638,"play_id":"62ae412b-3bbd-4e06-8338-332f080c435c","local_time":"20210104170211","daily_mods":["SealedDeck","Heirloom","Time Dilation","Flight","Elite Swarm"],"is_ascension_mode":true,"campfire_choices":[{"data":"Adrenaline","floor":13,"key":"SMITH"},{"data":"Reflex","floor":15,"key":"SMITH"},{"data":"AT_Desolate","floor":24,"key":"SMITH"},{"data":"AT_ShadowStep","floor":27,"key":"SMITH"},{"data":"Reflex","floor":32,"key":"SMITH"},{"data":"Concentrate","floor":44,"key":"SMITH"},{"floor":49,"key":"RECALL"},{"data":"Doppelganger","floor":53,"key":"SMITH"}],"circlet_count":0,"master_deck":["AscendersBane","Acrobatics","Backflip","Reflex+1","AT_Desolate+1","Backflip+1","Acrobatics","Reflex+1","AT_ShadowStep+1","AT_WindFlip+1","Grand Finale+1","Adrenaline+1","Concentrate+1","Doppelganger+1","After Image+1","Panacea+1","AT_KneejerkReflex+1","AT_MyraUnstableElement+1"],"relics":["Ring of the Snake","AT_ATBox","Unceasing Top","MawBank","Anchor","Bottled Tornado","AT_BellDemon","AT_SeraphEmbrace","CeramicFish","Nunchaku","Oddly Smooth Stone","Prayer Wheel","Orichalcum","Ornamental Fan","AT_PhaseBoots","Omamori","Black Star","Du-Vu Doll","Nilry\u0027s Codex","TungstenRod","AT_LudenTempest","Blood Vial","Akabeko","Bottled Lightning","Ice Cream","AT_GoldPhoenixTree","Lantern","Art of War","Thread and Needle","Smiling Mask","The Courier","Snake Skull","Old Coin","Blue Candle","Strawberry","Turnip","Centennial Puzzle","Darkstone Periapt","Runic Dome","Potion Belt","PreservedInsect","AT_BladeRuinedKing","Ginger","AT_Manta","Pen Nib","AT_DeathDance","Incense Burner","Tingsha","AT_SunfireAegis","Bag of Marbles","Boot","Whetstone","Mummified Hand","Calipers","Juzu Bracelet","Toxic Egg 2","Frozen Egg 2","AT_ChloranthyRing","AT_TheCollector","Sundial","Membership Card","Happy Flower","Gambling Chip","War Paint","HornCleat","AT_EbonyIvory","Shuriken","AT_Kusabimaru","AT_ImmortalShieldbow","Mercury Hourglass","Bottled Flame","Pantograph","Mango","Torii","StrikeDummy"],"acts_visited":["Exordium","TheCity","TheBeyond","TheEnding"],"potions_floor_usage":[6,56,56],"damage_taken":[{"damage":0,"enemies":"Cultist","floor":1,"turns":2},{"damage":12,"enemies":"Jaw Worm","floor":3,"turns":2},{"damage":10,"enemies":"3 Sentries","floor":6,"turns":3},{"damage":0,"enemies":"Gremlin Nob","floor":7,"turns":2},{"damage":0,"enemies":"Lagavulin","floor":8,"turns":1},{"damage":0,"enemies":"3 Sentries","floor":10,"turns":1},{"damage":0,"enemies":"Small Slimes","floor":11,"turns":1},{"damage":0,"enemies":"Lagavulin","floor":12,"turns":1},{"damage":0,"enemies":"Gremlin Nob","floor":14,"turns":1},{"damage":0,"enemies":"The Guardian","floor":16,"turns":1},{"damage":0,"enemies":"Shell Parasite","floor":18,"turns":1},{"damage":0,"enemies":"Slavers","floor":23,"turns":1},{"damage":0,"enemies":"Gremlin Leader","floor":25,"turns":1},{"damage":0,"enemies":"Slavers","floor":28,"turns":1},{"damage":0,"enemies":"Spheric Guardian","floor":29,"turns":1},{"damage":0,"enemies":"Gremlin Leader","floor":30,"turns":1},{"damage":0,"enemies":"Book of Stabbing","floor":31,"turns":1},{"damage":0,"enemies":"Collector","floor":33,"turns":1},{"damage":0,"enemies":"3 Shapes","floor":35,"turns":1},{"damage":0,"enemies":"3 Darklings","floor":39,"turns":1},{"damage":0,"enemies":"Giant Head","floor":40,"turns":1},{"damage":0,"enemies":"Reptomancer","floor":41,"turns":1},{"damage":0,"enemies":"Nemesis","floor":42,"turns":1},{"damage":0,"enemies":"Reptomancer","floor":45,"turns":1},{"damage":0,"enemies":"Nemesis","floor":46,"turns":1},{"damage":0,"enemies":"Giant Head","floor":47,"turns":1},{"damage":0,"enemies":"Reptomancer","floor":48,"turns":1},{"damage":0,"enemies":"Time Eater","floor":50,"turns":1},{"damage":0,"enemies":"Awakened One","floor":51,"turns":2},{"damage":0,"enemies":"Shield and Spear","floor":55,"turns":1},{"damage":0,"enemies":"The Heart","floor":56,"turns":4}],"seed_played":"-7229517139541064643","potions_obtained":[{"floor":1,"key":"AttackPotion"},{"floor":6,"key":"PowerPotion"},{"floor":10,"key":"Ancient Potion"}],"is_trial":true,"path_per_floor":["M","$","M","?","$","E","E","E","T","E","M","E","R","E","R","B",null,"M","?","?","$","$","E","R","E","T","R","E","M","E","E","R","B",null,"M","?","?","?","M","E","E","E","T","R","E","E","E","E","R","B","B",null,"R","$","E","B",null],"character_chosen":"THE_SILENT","items_purchased":["TungstenRod","Membership Card","Happy Flower","Gambling Chip","War Paint","HornCleat","Panacea+1","AT_EbonyIvory","Shuriken","AT_Kusabimaru","AT_ImmortalShieldbow","Mercury Hourglass","Bottled Flame","Pantograph","AT_KneejerkReflex+1"],"campfire_rested":0,"item_purchase_floors":[21,54,54,54,54,54,54,54,54,54,54,54,54,54,54],"current_hp_per_floor":[59,59,47,42,42,32,32,32,32,32,32,32,32,32,32,32,58,58,58,37,37,37,37,37,39,39,39,41,43,45,54,54,56,69,71,69,69,69,69,69,69,69,69,69,69,69,69,69,69,69,69,69,69,69,83,83],"gold":347,"neow_bonus":"","is_daily":false,"chose_seed":false,"campfire_upgraded":7,"win_rate":0.0,"timestamp":1609750931,"path_taken":["M","$","?","?","?","E","E","E","T","E","?","E","R","E","R","BOSS","M","?","?","$","$","E","R","E","T","R","E","M","E","E","R","BOSS","M","?","?","?","?","E","E","E","T","R","E","E","E","E","R","BOSS","BOSS","R","$","E","BOSS"],"items_purchased_type":["Relic","Relic","Relic","Relic","Relic","Relic","Card","Relic","Relic","Relic","Relic","Relic","Relic","Relic","Card"],"build_version":"2020-12-22","purchased_purges":4,"victory":true,"max_hp_per_floor":[66,66,66,66,66,66,66,66,66,66,66,66,66,66,66,66,66,66,66,66,66,66,66,66,66,66,66,66,66,66,73,73,73,73,73,69,69,69,69,69,69,69,69,69,69,69,69,69,69,69,69,69,69,69,83,83],"card_choices":[{"not_picked":["Outmaneuver","Slice"],"picked":"Underhanded Strike","floor":1},{"not_picked":["Blade Dance","Underhanded Strike"],"picked":"AT_WindFlip","floor":3},{"not_picked":["Phantasmal Killer","AT_EssenceShift","Glass Knife"],"picked":"SKIP","floor":6},{"not_picked":["AT_EssenceShift","AT_KingSlayer"],"picked":"Grand Finale","floor":7},{"not_picked":["Tools of the Trade","Envenom"],"picked":"Adrenaline","floor":8},{"not_picked":["Doppelganger","Grand Finale","Phantasmal Killer"],"picked":"SKIP","floor":10},{"not_picked":["Finisher","Deflect","Blade Dance"],"picked":"SKIP","floor":11},{"not_picked":["Venomology","Burst","Unload"],"picked":"SKIP","floor":12},{"not_picked":["Grand Finale","Burst","Storm of Steel"],"picked":"SKIP","floor":14},{"not_picked":["Cloak And Dagger","Footwork+1","Underhanded Strike"],"picked":"SKIP","floor":18},{"not_picked":["Dagger Spray","Riddle With Holes","Prepared"],"picked":"SKIP","floor":18},{"not_picked":["Venomology","Corpse Explosion","Unload"],"picked":"SKIP","floor":23},{"not_picked":["Die Die Die","A Thousand Cuts","Malaise"],"picked":"SKIP","floor":25},{"not_picked":["Glass Knife","Storm of Steel","Tools of the Trade"],"picked":"SKIP","floor":28},{"not_picked":["Bouncing Flask","Caltrops","Flying Knee"],"picked":"SKIP","floor":29},{"not_picked":["Blade Dance","Cloak And Dagger","Backstab"],"picked":"SKIP","floor":29},{"not_picked":["Venomology","Die Die Die","AT_EssenceShift"],"picked":"SKIP","floor":30},{"not_picked":["Venomology","Bullet Time","Unload"],"picked":"SKIP","floor":31},{"not_picked":["Skewer+1","Quick Slash+1","Bane"],"picked":"SKIP","floor":35},{"not_picked":["Leg Sweep","Cloak And Dagger","AT_ShadowStep"],"picked":"SKIP","floor":35},{"not_picked":["Blade Dance+1","Flying Knee"],"picked":"Concentrate","floor":39},{"not_picked":["Slice","Quick Slash","Deflect"],"picked":"SKIP","floor":39},{"not_picked":["Night Terror","Unload","Phantasmal Killer"],"picked":"SKIP","floor":40},{"not_picked":["Grand Finale","Burst","A Thousand Cuts"],"picked":"SKIP","floor":41},{"not_picked":["Corpse Explosion","Night Terror","AT_MyraUnstableElement"],"picked":"SKIP","floor":42},{"not_picked":["Night Terror","A Thousand Cuts","Grand Finale"],"picked":"SKIP","floor":45},{"not_picked":["Die Die Die","Envenom"],"picked":"Doppelganger","floor":46},{"not_picked":["Unload","Storm of Steel+1","Malaise+1"],"picked":"SKIP","floor":47},{"not_picked":["Grand Finale","Bullet Time+1"],"picked":"After Image+1","floor":48},{"not_picked":["Die Die Die","AT_KingSlayer"],"picked":"AT_MyraUnstableElement+1","floor":55}],"player_experience":337356,"relics_obtained":[{"floor":6,"key":"Anchor"},{"floor":7,"key":"Bottled Tornado"},{"floor":8,"key":"AT_BellDemon"},{"floor":9,"key":"AT_ArchangelStaff"},{"floor":10,"key":"CeramicFish"},{"floor":10,"key":"Nunchaku"},{"floor":11,"key":"Oddly Smooth Stone"},{"floor":12,"key":"Prayer Wheel"},{"floor":12,"key":"Orichalcum"},{"floor":14,"key":"Ornamental Fan"},{"floor":14,"key":"AT_SpeedBoots"},{"floor":16,"key":"Omamori"},{"floor":18,"key":"Du-Vu Doll"},{"floor":20,"key":"Nilry\u0027s Codex"},{"floor":23,"key":"AT_LudenTempest"},{"floor":23,"key":"Blood Vial"},{"floor":23,"key":"Akabeko"},{"floor":25,"key":"Bottled Lightning"},{"floor":25,"key":"Ice Cream"},{"floor":25,"key":"AT_GoldPhoenixTree"},{"floor":26,"key":"Lantern"},{"floor":28,"key":"Art of War"},{"floor":28,"key":"Thread and Needle"},{"floor":28,"key":"Smiling Mask"},{"floor":29,"key":"The Courier"},{"floor":30,"key":"Snake Skull"},{"floor":30,"key":"Old Coin"},{"floor":30,"key":"Blue Candle"},{"floor":31,"key":"Strawberry"},{"floor":31,"key":"Turnip"},{"floor":31,"key":"Centennial Puzzle"},{"floor":33,"key":"Darkstone Periapt"},{"floor":35,"key":"Potion Belt"},{"floor":39,"key":"PreservedInsect"},{"floor":40,"key":"AT_BladeRuinedKing"},{"floor":40,"key":"Ginger"},{"floor":40,"key":"AT_Manta"},{"floor":41,"key":"Pen Nib"},{"floor":41,"key":"AT_DeathDance"},{"floor":41,"key":"Incense Burner"},{"floor":42,"key":"Tingsha"},{"floor":42,"key":"AT_SunfireAegis"},{"floor":42,"key":"Bag of Marbles"},{"floor":45,"key":"Boot"},{"floor":45,"key":"Whetstone"},{"floor":46,"key":"Mummified Hand"},{"floor":46,"key":"Calipers"},{"floor":46,"key":"Juzu Bracelet"},{"floor":47,"key":"Toxic Egg 2"},{"floor":47,"key":"Frozen Egg 2"},{"floor":48,"key":"AT_ChloranthyRing"},{"floor":48,"key":"AT_TheCollector"},{"floor":48,"key":"Sundial"},{"floor":55,"key":"Mango"},{"floor":55,"key":"Torii"},{"floor":55,"key":"StrikeDummy"}],"event_choices":[{"damage_healed":0,"gold_gain":0,"player_choice":"Success","damage_taken":5,"relics_obtained":["MawBank"],"max_hp_gain":0,"max_hp_loss":0,"event_name":"Scrap Ooze","floor":4,"gold_loss":0},{"damage_healed":0,"gold_gain":50,"player_choice":"Stole From Cult","damage_taken":0,"max_hp_gain":0,"max_hp_loss":0,"event_name":"Nest","floor":19,"gold_loss":0},{"damage_healed":0,"gold_gain":0,"player_choice":"Obtained Book","damage_taken":21,"max_hp_gain":0,"max_hp_loss":0,"event_name":"Cursed Tome","floor":20,"gold_loss":0},{"damage_healed":0,"gold_gain":0,"player_choice":"Max HP","damage_taken":0,"max_hp_gain":0,"max_hp_loss":4,"event_name":"Winding Halls","floor":36,"gold_loss":0},{"damage_healed":0,"gold_gain":0,"player_choice":"Ignored","damage_taken":0,"max_hp_gain":0,"max_hp_loss":0,"event_name":"Tomb of Lord Red Mask","floor":37,"gold_loss":0},{"damage_healed":0,"gold_gain":0,"player_choice":"Forge","damage_taken":0,"max_hp_gain":0,"max_hp_loss":0,"event_name":"Accursed Blacksmith","floor":38,"gold_loss":0,"cards_upgraded":["Grand Finale"]}],"is_beta":false,"boss_relics":[{"not_picked":["Ectoplasm","Snecko Eye"],"picked":"Black Star"},{"not_picked":["Ring of the Serpent","AT_MortalBlade"],"picked":"Runic Dome"}],"items_purged_floors":[2,21,22,54],"is_endless":false,"potions_floor_spawned":[1,6,10,11,14,18,33,35,39],"ascension_level":20}}