{"host":"ksmhkxap3eqvmwsu","time":1609729181,"event":{"mods":["AchievementEnabler","BaseMod","Infinite Spire","Minty Spire (QoL Compilation)","StSLib"],"gold_per_floor":[112,131,150,164,184,202,202,212,212,287,300,314,314,330,330,429,429,441,453,453,453,453],"floor_reached":21,"playtime":2168,"items_purged":[],"score":179,"play_id":"19920f12-6139-47f5-8ac3-b5e0dc6a2117","local_time":"20210104045941","daily_mods":["SealedDeck","Vintage"],"is_ascension_mode":false,"campfire_choices":[{"data":"WaveOfTheHand","floor":7,"key":"SMITH"},{"data":"Prostrate","floor":15,"key":"SMITH"}],"circlet_count":0,"master_deck":["Meditate+1","SignatureMove","ThirdEye","ThirdEye","Prostrate+1","Prostrate","Protect","WaveOfTheHand+1","SandsOfTime","SandsOfTime","Devotion"],"relics":["PureWater","Smiling Mask","Strawberry","Singing Bowl","Meat on the Bone","PreservedInsect","MealTicket","Juzu Bracelet","Blue Candle","infinitespire:CheckeredPen","Orichalcum","Happy Flower","infinitespire:Satchel","Dream Catcher","infinitespire:Bottled Soul"],"acts_visited":["Exordium","TheCity"],"potions_floor_usage":[],"damage_taken":[{"damage":0,"enemies":"2 Louse","floor":1,"turns":6},{"damage":0,"enemies":"Jaw Worm","floor":2,"turns":3},{"damage":0,"enemies":"Cultist","floor":3,"turns":3},{"damage":0,"enemies":"Large Slime","floor":4,"turns":5},{"damage":4,"enemies":"Exordium Thugs","floor":5,"turns":4},{"damage":0,"enemies":"2 Fungi Beasts","floor":6,"turns":4},{"damage":0,"enemies":"Looter","floor":8,"turns":4},{"damage":2,"enemies":"Exordium Wildlife","floor":11,"turns":4},{"damage":0,"enemies":"Large Slime","floor":12,"turns":4},{"damage":0,"enemies":"3 Louse","floor":14,"turns":3},{"damage":7,"enemies":"Slime Boss","floor":16,"turns":5},{"damage":10,"enemies":"2 Thieves","floor":18,"turns":3},{"damage":0,"enemies":"Spheric Guardian","floor":19,"turns":3},{"damage":0,"enemies":"Chosen and Byrds","floor":21,"turns":2}],"seed_played":"1385607930332718727","potions_obtained":[{"floor":1,"key":"BlessingOfTheForge"},{"floor":3,"key":"DuplicationPotion"},{"floor":6,"key":"Strength Potion"},{"floor":14,"key":"Block Potion"}],"is_trial":true,"path_per_floor":["M","M","M","M","M","M","R","M","T","?","M","M","?","M","R","B",null,"M","M","AVR","M"],"character_chosen":"WATCHER","items_purchased":[],"campfire_rested":0,"item_purchase_floors":[],"current_hp_per_floor":[72,79,79,79,75,75,75,75,75,64,62,62,62,62,62,55,79,69,69,69,69,69],"gold":453,"neow_bonus":"","is_daily":false,"chose_seed":false,"campfire_upgraded":2,"win_rate":0.0,"timestamp":1609729181,"path_taken":["M","M","M","M","M","M","R","M","T","?","M","M","?","M","R","BOSS","M","M","AVR","M"],"items_purchased_type":[],"build_version":"2020-12-22","purchased_purges":0,"victory":false,"max_hp_per_floor":[72,79,79,79,79,79,79,79,79,79,79,79,79,79,79,79,79,79,79,79,79,79],"card_choices":[{"not_picked":["DevaForm","ConjureBlade"],"picked":"Devotion","floor":16}],"player_experience":213045,"relics_obtained":[{"floor":1,"key":"Smiling Mask"},{"floor":2,"key":"Strawberry"},{"floor":3,"key":"Singing Bowl"},{"floor":4,"key":"Meat on the Bone"},{"floor":5,"key":"PreservedInsect"},{"floor":6,"key":"MealTicket"},{"floor":8,"key":"Juzu Bracelet"},{"floor":9,"key":"Blue Candle"},{"floor":11,"key":"infinitespire:CheckeredPen"},{"floor":12,"key":"Orichalcum"},{"floor":14,"key":"Happy Flower"},{"floor":18,"key":"infinitespire:Satchel"},{"floor":19,"key":"Dream Catcher"}],"event_choices":[{"damage_healed":0,"gold_gain":75,"player_choice":"Gather Gold","damage_taken":11,"max_hp_gain":0,"max_hp_loss":0,"event_name":"World of Goop","floor":10,"gold_loss":0},{"damage_healed":0,"gold_gain":0,"player_choice":"Forge","damage_taken":0,"max_hp_gain":0,"max_hp_loss":0,"event_name":"Accursed Blacksmith","floor":13,"gold_loss":0,"cards_upgraded":["Meditate"]}],"is_beta":false,"boss_relics":[{"not_picked":["Cursed Key","Runic Dome","Snecko Eye"]}],"items_purged_floors":[],"is_endless":false,"potions_floor_spawned":[1,3,6,8,14,16,18],"killed_by":"Chosen and Byrds","ascension_level":0}}