{"host":"yaxsefyig1et0yi2","time":1609772717,"event":{"mods":["Aspiration","BaseMod","BetterRewards","Colored Powertips","Conspire","Displayed Cursed Tome","Downfall","Halation","Hubris","Infinite Spire","JesterMod","Minty Spire (QoL Compilation)","Quick Restart","RatMod","Replay The Spire","Reworked Bosses","Spikes Relics","StSLib","The Jungle"],"gold_per_floor":[115,215,228,151,51,51,61,61,61,89,89,100,100,100],"floor_reached":13,"playtime":667,"items_purged":[],"score":83,"play_id":"d07ff575-25cf-4518-8b09-632394822b67","local_time":"20210104100517","is_ascension_mode":false,"campfire_choices":[{"data":"jesterMod:Dilapidation","floor":6.0,"key":"SMITH"},{"data":"jesterMod:BouncingKnife","floor":8.0,"key":"SMITH"},{"data":"jesterMod:Juggler","floor":11.0,"key":"SMITH"}],"circlet_count":0,"master_deck":["jesterMod:Strike","jesterMod:Strike","jesterMod:Strike","jesterMod:Strike","jesterMod:Sickle","jesterMod:Defend","jesterMod:Defend","jesterMod:Defend","jesterMod:Defend","jesterMod:Dodge","jesterMod:Dilapidation+1","jesterMod:BouncingKnife+1","jesterMod:Patience","jesterMod:JackInTheBox","jesterMod:Juggler+1","jesterMod:Arrythmia"],"relics":["jesterMod:JesterCap","aspiration:Nostalgia","Cracked Core","Pet Ghost","Quantum Egg","conspire:DecoderRing"],"acts_visited":["Exordium"],"potions_floor_usage":[13],"damage_taken":[{"damage":0.0,"enemies":"2 Louse","floor":1.0,"turns":3.0},{"damage":6.0,"enemies":"Cultist","floor":3.0,"turns":3.0},{"damage":0.0,"enemies":"Small Slimes","floor":7.0,"turns":2.0},{"damage":28.0,"enemies":"Lagavulin","floor":10.0,"turns":4.0},{"damage":21,"enemies":"Gremlin Gang","floor":12,"turns":3},{"damage":15,"enemies":"3 Sentries","floor":13,"turns":4}],"seed_played":"-9017274568330300110","potions_obtained":[{"floor":7.0,"key":"SkillPotion"},{"floor":12,"key":"GamblersBrew"}],"is_trial":false,"path_per_floor":["M","?","M","?","$","R","M","R","T","E","R","M","E"],"character_chosen":"THE_JESTER","items_purchased":["jesterMod:BouncingKnife","jesterMod:Patience"],"campfire_rested":0,"item_purchase_floors":[5,5],"current_hp_per_floor":[70,70,64,64,64,64,64,64,64,36,36,15,0,0],"gold":100,"neow_bonus":"NOSTALGIA","is_daily":false,"chose_seed":false,"campfire_upgraded":3,"win_rate":0.0,"timestamp":1609772717,"path_taken":["M","?","?","?","$","R","M","R","T","E","R","M","E"],"items_purchased_type":["Card","Card"],"build_version":"2020-12-22","purchased_purges":0,"victory":false,"max_hp_per_floor":[70,70,70,70,70,70,70,70,70,70,70,70,70,70],"card_choices":[{"not_picked":["jesterMod:SmokeScreen","jesterMod:BouncingKnife"],"picked":"jesterMod:Dilapidation","floor":1.0},{"not_picked":["jesterMod:SmokeScreen","jesterMod:Anticipation","jesterMod:Feint"],"picked":"SKIP","floor":3.0},{"not_picked":["jesterMod:QuickStrike","jesterMod:LightTheWick"],"picked":"jesterMod:JackInTheBox","floor":7.0},{"not_picked":["jesterMod:Disposophobia","jesterMod:Squander"],"picked":"jesterMod:Juggler","floor":10.0},{"not_picked":["jesterMod:QuickStrike","jesterMod:SwiftDodge"],"picked":"jesterMod:Arrythmia","floor":12}],"player_experience":231672,"relics_obtained":[{"floor":9.0,"key":"Quantum Egg"},{"floor":10.0,"key":"conspire:DecoderRing"}],"event_choices":[{"damage_healed":0.0,"max_hp_gain":0.0,"max_hp_loss":0.0,"gold_gain":100.0,"event_name":"Golden Shrine","player_choice":"Pray","floor":2.0,"gold_loss":0.0,"damage_taken":0.0},{"damage_healed":0.0,"max_hp_gain":0.0,"max_hp_loss":0.0,"gold_gain":0.0,"event_name":"WeMeetAgain","player_choice":"Paid Gold","floor":4.0,"gold_loss":77.0,"damage_taken":0.0,"relics_obtained":["Pet Ghost"]}],"is_beta":false,"boss_relics":[],"items_purged_floors":[],"is_endless":false,"potions_floor_spawned":[7,12],"killed_by":"3 Sentries","ascension_level":0}}