{"host":"e48gchmu8shm63ip","time":1609797408,"event":{"mods":["Abigail Mod","AchievementEnabler","Act Like it!","Bartender","BaseMod","Better Match","Better Note","Better Vampires","CapriCore","DeckTracker","Exacting","Fireblade Mod","Gensokyo","Googly Eyes","Hallownest","Hermit","HololiveMod","Infinite Spire","Jorbs\u0027s Wanderer Trilogy","Koishi","Marisa????????","Minty Spire (QoL Compilation)","Railgun Mod","Rare Cards Sparkle","Relic Filter","Robot Space Explorer","Shade Mod","StSLib","The Animator","The Caster","The Construct","The Death Knight","The Dragon Tamer","The Forsaken","The Immortal","The Judge","The Marked","The Poker Player","The Servant 0.9.4","TheFirefly","TheLocksmith","TheSwordswoman","Waifu the Spire"],"gold_per_floor":[128,128,128,158,174,174,24,24,24,24,44,63,108,108,108,212,212,223,223,270,116,133,158,158,158,158],"floor_reached":25,"playtime":1087,"items_purged":["caster:strike"],"score":195,"play_id":"7e8b5d96-ff7b-4d3e-af77-aa6655ade592","local_time":"20210104225648","is_ascension_mode":false,"campfire_choices":[{"data":"caster:NaturalChaos","floor":6,"key":"SMITH"},{"data":"caster:LAZER","floor":10,"key":"SMITH"},{"data":"caster:FrostDriver","floor":15,"key":"SMITH"}],"circlet_count":0,"master_deck":["caster:Meteor","caster:DivertFocus","caster:strike","caster:strike","caster:defend","caster:defend","caster:defend","caster:defend","caster:defend","caster:DiamondDust","caster:NaturalChaos+1","caster:DiablosFlame","caster:LAZER+1","caster:Fira+1","caster:FrostDriver+1","caster:ManaOverflow","caster:Tundra+1","caster:PyroclasticTide","caster:JupitelThunder"],"relics":["caster:MagicBook","Boot","Black Star"],"acts_visited":["Exordium","TheCity"],"potions_floor_usage":[],"damage_taken":[{"damage":2,"enemies":"2 Louse","floor":1,"turns":3},{"damage":5,"enemies":"infinitespire:Voidling","floor":4,"turns":5},{"damage":4,"enemies":"Small Slimes","floor":5,"turns":4},{"damage":1,"enemies":"3 Louse","floor":11,"turns":4},{"damage":7,"enemies":"Red Slaver","floor":12,"turns":2},{"damage":0,"enemies":"Large Slime","floor":13,"turns":4},{"damage":22,"enemies":"Slime Boss","floor":16,"turns":9},{"damage":6,"enemies":"Shell Parasite","floor":18,"turns":5},{"damage":5,"enemies":"3 Byrds","floor":20,"turns":4},{"damage":42,"enemies":"Shelled Parasite and Fungi","floor":22,"turns":5},{"damage":3,"enemies":"Snecko","floor":23,"turns":5},{"damage":19,"enemies":"3 Cultists","floor":25,"turns":3}],"seed_played":"-4383853453901188233","potions_obtained":[{"floor":1,"key":"FearPotion"},{"floor":12,"key":"Ancient Potion"},{"floor":13,"key":"Fire Potion"}],"is_trial":false,"path_per_floor":["M","?","$","M","M","R","$","?","T","R","M","M","M","?","R","B",null,"M","?","M","$","M","M","?","M"],"character_chosen":"THE_CASTER","items_purchased":["Boot","caster:PyroclasticTide"],"campfire_rested":0,"item_purchase_floors":[7,21],"current_hp_per_floor":[62,62,62,63,61,61,61,61,61,61,62,55,61,66,66,47,69,67,67,62,62,22,19,13,0,0],"gold":158,"neow_bonus":"THREE_CARDS","is_daily":false,"chose_seed":false,"campfire_upgraded":3,"win_rate":0.0,"timestamp":1609797408,"path_taken":["M","?","$","M","M","R","$","?","T","R","M","?","?","?","R","BOSS","M","?","?","?","M","M","?","M"],"items_purchased_type":["Relic","Card"],"build_version":"2020-12-22","purchased_purges":1,"victory":false,"max_hp_per_floor":[64,64,64,64,64,64,64,64,64,64,64,64,64,69,69,69,69,69,69,69,69,69,69,69,69,69],"card_choices":[{"not_picked":["caster:ShivasGrace","caster:Sultry"],"picked":"caster:DiamondDust","floor":0},{"not_picked":["caster:WallOfMirrors","caster:Elementalize"],"picked":"caster:NaturalChaos","floor":1},{"not_picked":["caster:FlashSpeed","caster:FlashFrost"],"picked":"caster:DiablosFlame","floor":4},{"not_picked":["caster:DiablosFlame","caster:Charge"],"picked":"caster:LAZER","floor":5},{"not_picked":["caster:LightningBolt","caster:Conflagrate"],"picked":"caster:FrostDriver","floor":11},{"not_picked":["caster:Sandstorm","caster:StormGust","caster:MagicWeapon"],"picked":"SKIP","floor":12},{"not_picked":["caster:MagicResonance","caster:FireWall","caster:Sandstorm"],"picked":"SKIP","floor":13},{"not_picked":["caster:Demi","caster:StormGust"],"picked":"caster:ManaOverflow","floor":16},{"not_picked":["caster:LAZER","caster:FrigidBeam","caster:DiablosFlame"],"picked":"SKIP","floor":18},{"not_picked":["caster:LightningBolt","caster:Incinerate"],"picked":"caster:Tundra+1","floor":20},{"not_picked":["caster:Sandstorm","caster:LAZER"],"picked":"caster:JupitelThunder","floor":22},{"not_picked":["caster:Tundra","caster:Conflagrate","caster:QuickCast"],"picked":"SKIP","floor":23}],"player_experience":603647,"relics_obtained":[],"event_choices":[{"cards_removed":["caster:strike"],"damage_healed":0,"gold_gain":0,"player_choice":"Offered Basic","damage_taken":0,"max_hp_gain":0,"max_hp_loss":0,"event_name":"Bonfire Elementals","floor":2,"gold_loss":0},{"damage_healed":0,"gold_gain":0,"player_choice":"Donut","damage_taken":0,"max_hp_gain":5,"max_hp_loss":0,"event_name":"Big Fish","floor":14,"gold_loss":0},{"damage_healed":0,"gold_gain":0,"player_choice":"Ignored","damage_taken":0,"max_hp_gain":0,"max_hp_loss":0,"event_name":"betterNote:BetterNote","floor":19,"gold_loss":0,"cards_obtained":["Iron Wave"]},{"damage_healed":0,"gold_gain":0,"player_choice":"","damage_taken":6,"max_hp_gain":0,"max_hp_loss":0,"event_name":"Knowing Skull","floor":24,"potions_obtained":[],"gold_loss":0,"cards_obtained":[]}],"is_beta":false,"boss_relics":[{"not_picked":["Empty Cage","Pandora\u0027s Box"],"picked":"Black Star"}],"items_purged_floors":[21],"is_endless":false,"potions_floor_spawned":[1,12,13,16,18],"killed_by":"3 Cultists","ascension_level":0}}