{"host":"ne0yiqbtx1vmhgo0","time":1609763893,"event":{"mods":["BaseMod","Minty Spire (QoL Compilation)","Shop Mod","StSLib","The Bug Knight","The Cursed","The Runesmith","The Servant 0.9.4","UnlockEverythingMod"],"gold_per_floor":[118,130,55,75,86,97,123,136,136,36,1,15,41,53,53,155,155,155],"floor_reached":17,"playtime":1105,"items_purged":["Strike_B","Defend_B"],"score":171,"play_id":"6a7ecd28-fbb4-431c-b7f4-1fb2a595f7fc","local_time":"20210104203813","is_ascension_mode":false,"campfire_choices":[{"data":"Dualcast","floor":15,"key":"SMITH"}],"circlet_count":0,"master_deck":["Strike_B","Strike_B+1","Strike_B","Defend_B+1","Defend_B","Defend_B+1","Zap","Dualcast+1","Go for the Eyes","Chill","Go for the Eyes+1","Chill","Streamline","Streamline","Fission"],"relics":["Cracked Core","Darkstone Periapt","Whetstone","War Paint","Sozu"],"acts_visited":["Exordium","TheCity"],"potions_floor_usage":[7,16,16],"damage_taken":[{"damage":0,"enemies":"Cultist","floor":1,"turns":4},{"damage":2,"enemies":"Small Slimes","floor":2,"turns":4},{"damage":2,"enemies":"2 Louse","floor":4,"turns":2},{"damage":2,"enemies":"Looter","floor":5,"turns":3},{"damage":0,"enemies":"Exordium Wildlife","floor":6,"turns":3},{"damage":24,"enemies":"Gremlin Nob","floor":7,"turns":4},{"damage":4,"enemies":"2 Fungi Beasts","floor":8,"turns":3},{"damage":2,"enemies":"Exordium Thugs","floor":12,"turns":4},{"damage":12,"enemies":"3 Sentries","floor":13,"turns":8},{"damage":0,"enemies":"Looter","floor":14,"turns":2},{"damage":7,"enemies":"Slime Boss","floor":16,"turns":10}],"seed_played":"8921690755788921976","potions_obtained":[{"floor":2,"key":"EssenceOfSteel"},{"floor":5,"key":"EssenceOfDarkness"},{"floor":6,"key":"Fire Potion"},{"floor":14,"key":"Explosive Potion"},{"floor":16,"key":"DistilledChaos"}],"is_trial":false,"path_per_floor":["M","M","$","M","M","M","E","M","T","$","?","M","E","M","R","B",null],"character_chosen":"DEFECT","items_purchased":[],"campfire_rested":0,"item_purchase_floors":[],"current_hp_per_floor":[82,80,80,78,76,76,52,48,48,48,68,66,54,54,54,47,82,82],"gold":155,"neow_bonus":"TEN_PERCENT_HP_BONUS","is_daily":false,"chose_seed":false,"campfire_upgraded":1,"win_rate":0.0,"timestamp":1609763893,"path_taken":["M","M","$","M","M","M","E","?","T","?","?","M","E","M","R","BOSS"],"items_purchased_type":[],"build_version":"2020-12-22","purchased_purges":2,"victory":false,"max_hp_per_floor":[82,82,82,82,82,82,82,82,82,82,82,82,82,82,82,82,82,82],"card_choices":[{"not_picked":["Ball Lightning","Conserve Battery","Redo"],"picked":"SKIP","floor":1},{"not_picked":["Conserve Battery","Streamline"],"picked":"Go for the Eyes","floor":2},{"not_picked":["Lockon","Loop","Cold Snap"],"picked":"SKIP","floor":4},{"not_picked":["Melter","Aggregate"],"picked":"Chill","floor":5},{"not_picked":["Chill","Steam"],"picked":"Go for the Eyes","floor":6},{"not_picked":["Lockon","Ball Lightning"],"picked":"Chill","floor":7},{"not_picked":["Steam","Sweeping Beam"],"picked":"Streamline","floor":8},{"not_picked":["Tempest","Compile Driver","Melter"],"picked":"SKIP","floor":12},{"not_picked":["Compile Driver","Undo","Steam"],"picked":"SKIP","floor":13},{"not_picked":["Conserve Battery","Heatsinks"],"picked":"Streamline","floor":14},{"not_picked":["Biased Cognition","Creative AI"],"picked":"Fission","floor":16}],"player_experience":16769,"relics_obtained":[{"floor":7,"key":"Darkstone Periapt"},{"floor":9,"key":"Whetstone"},{"floor":13,"key":"War Paint"}],"event_choices":[{"damage_healed":20,"gold_gain":0,"player_choice":"Healed","damage_taken":0,"max_hp_gain":0,"max_hp_loss":0,"event_name":"The Cleric","floor":11,"gold_loss":35}],"is_beta":false,"boss_relics":[{"not_picked":["Tiny House","Coffee Dripper"],"picked":"Sozu"}],"items_purged_floors":[3,10],"is_endless":false,"potions_floor_spawned":[2,5,6,14,16],"ascension_level":0}}