{"host":"Kdaddybrian","time":1609731158,"event":{"mods":["AchievementEnabler","BaseMod","Bestiary","Colored Powertips","Minty Spire (QoL Compilation)","Potion Indicator Mod","Quick Restart","Rare Cards Sparkle","Relic Stats","StSLib","Uncapped"],"gold_per_floor":[115,133,147,164,176,176,206,206,206,232,232,244,244,257,257,354,354,364,115,115,131,131,131,141,173,173,183,183,193,193,209,209,209,209],"floor_reached":33,"playtime":1451,"items_purged":["Strike_G"],"score":459,"play_id":"5012e3b8-9a54-45f6-be53-9e7dec0b6363","local_time":"20210103223238","is_ascension_mode":true,"campfire_choices":[{"data":"Corpse Explosion","floor":6.0,"key":"SMITH"},{"floor":8.0,"key":"REST"},{"data":"Bullet Time","floor":11.0,"key":"SMITH"},{"data":"Leg Sweep","floor":15.0,"key":"SMITH"},{"floor":23.0,"key":"REST"},{"floor":28.0,"key":"REST"},{"data":"Catalyst","floor":30.0,"key":"SMITH"},{"floor":32.0,"key":"REST"}],"circlet_count":0,"master_deck":["AscendersBane","Strike_G","Strike_G","Strike_G","Strike_G","Defend_G","Defend_G","Defend_G","Defend_G","Defend_G","Survivor","Neutralize","Poisoned Stab","Sucker Punch","Dagger Spray","Bane","Corpse Explosion+1","Bullet Time+1","PiercingWail","Well Laid Plans+1","Leg Sweep+1","Envenom","Blade Dance","Writhe","Catalyst+1","Bane+1","Catalyst+1","Calculated Gamble+1","PiercingWail+1"],"relics":["Ring of the Snake","Regal Pillow","Sundial","Bag of Preparation","Art of War","Busted Crown","OrangePellets","HornCleat","Bag of Marbles","Toxic Egg 2"],"acts_visited":["Exordium","TheCity"],"potions_floor_usage":[33],"damage_taken":[{"damage":0.0,"enemies":"Cultist","floor":1.0,"turns":5.0},{"damage":0.0,"enemies":"2 Louse","floor":2.0,"turns":2.0},{"damage":0.0,"enemies":"Jaw Worm","floor":3.0,"turns":5.0},{"damage":6.0,"enemies":"Exordium Wildlife","floor":4.0,"turns":5.0},{"damage":5.0,"enemies":"Gremlin Gang","floor":5.0,"turns":4.0},{"damage":25.0,"enemies":"Gremlin Nob","floor":7.0,"turns":4.0},{"damage":0.0,"enemies":"3 Sentries","floor":10.0,"turns":2.0},{"damage":0.0,"enemies":"3 Louse","floor":12.0,"turns":1.0},{"damage":10.0,"enemies":"Large Slime","floor":14.0,"turns":3.0},{"damage":35.0,"enemies":"Slime Boss","floor":16.0,"turns":9.0},{"damage":16.0,"enemies":"Spheric Guardian","floor":18.0,"turns":5.0},{"damage":2.0,"enemies":"3 Byrds","floor":21.0,"turns":3.0},{"damage":22.0,"enemies":"Sentry and Sphere","floor":24.0,"turns":8.0},{"damage":25.0,"enemies":"Book of Stabbing","floor":25.0,"turns":5.0},{"damage":1.0,"enemies":"Centurion and Healer","floor":27.0,"turns":6.0},{"damage":14.0,"enemies":"Snake Plant","floor":29.0,"turns":4.0},{"damage":27.0,"enemies":"Chosen and Byrds","floor":31.0,"turns":7.0},{"damage":74,"enemies":"Collector","floor":33,"turns":5}],"seed_played":"-7903295875137259777","potions_obtained":[{"floor":4.0,"key":"SneckoOil"},{"floor":5.0,"key":"Poison Potion"},{"floor":14.0,"key":"Energy Potion"},{"floor":18.0,"key":"Regen Potion"},{"floor":21.0,"key":"BlessingOfTheForge"},{"floor":25.0,"key":"Energy Potion"}],"is_trial":false,"path_per_floor":["M","M","M","M","M","R","E","R","T","E","R","M","?","M","R","B",null,"M","$","?","M","?","R","M","E","T","M","R","M","R","M","R","B"],"character_chosen":"THE_SILENT","items_purchased":["Blade Dance","OrangePellets"],"campfire_rested":4,"item_purchase_floors":[19,19],"current_hp_per_floor":[63,63,63,57,52,52,27,63,63,63,63,63,63,53,53,18,57,41,41,41,39,26,63,41,31,31,30,67,53,53,26,63,0,0],"gold":209,"neow_bonus":"RANDOM_COMMON_RELIC","is_daily":false,"chose_seed":false,"campfire_upgraded":4,"win_rate":0.0,"timestamp":1609731158,"path_taken":["M","M","M","M","?","R","E","R","T","E","R","M","?","M","R","BOSS","M","$","?","M","?","R","M","E","T","M","R","M","R","M","R","BOSS"],"items_purchased_type":["Card","Relic"],"build_version":"2020-12-18","purchased_purges":1,"victory":false,"max_hp_per_floor":[70,70,70,70,70,70,70,70,70,70,70,70,70,70,70,70,70,70,70,70,70,75,75,75,75,75,75,75,75,75,75,75,75,75],"relic_stats":{"OrangePellets":[3],"Regal Pillow":60,"Busted Crown":16,"counters":[18,83],"Sundial":[4],"Bag of Preparation":[24],"Art of War":[5],"obtain_stats":[{"OrangePellets":19,"Regal Pillow":0,"Busted Crown":17,"HornCleat":20,"Sundial":7,"Bag of Preparation":9,"Art of War":10,"Bag of Marbles":25,"Toxic Egg 2":26,"Ring of the Snake":0},{"OrangePellets":11,"Regal Pillow":0,"Busted Crown":10,"HornCleat":11,"Sundial":6,"Bag of Preparation":6,"Art of War":7,"Bag of Marbles":14,"Toxic Egg 2":14,"Ring of the Snake":0},{"OrangePellets":45,"Regal Pillow":0,"Busted Crown":40,"HornCleat":45,"Sundial":25,"Bag of Preparation":25,"Art of War":27,"Bag of Marbles":61,"Toxic Egg 2":61,"Ring of the Snake":0}],"Ring of the Snake":[36]},"card_choices":[{"not_picked":["Prepared","Quick Slash"],"picked":"Poisoned Stab","floor":1.0},{"not_picked":["PiercingWail","Heel Hook"],"picked":"Sucker Punch","floor":2.0},{"not_picked":["Underhanded Strike","Bane"],"picked":"Dagger Spray","floor":3.0},{"not_picked":["Quick Slash","Flying Knee"],"picked":"Bane","floor":4.0},{"not_picked":["Expertise","Deflect"],"picked":"Corpse Explosion","floor":5.0},{"not_picked":["Well Laid Plans","Dagger Throw"],"picked":"Bullet Time","floor":7.0},{"not_picked":["Deflect","Flechettes"],"picked":"PiercingWail","floor":10.0},{"not_picked":["Concentrate","Blur"],"picked":"Well Laid Plans","floor":12.0},{"not_picked":["Dagger Throw","Acrobatics"],"picked":"Leg Sweep","floor":14.0},{"not_picked":["Bullet Time","Die Die Die"],"picked":"Envenom","floor":16.0},{"not_picked":["Prepared"],"picked":"SKIP","floor":18.0},{"not_picked":[],"picked":"Catalyst","floor":21.0},{"not_picked":[],"picked":"Bane+1","floor":24.0},{"not_picked":["Outmaneuver"],"picked":"SKIP","floor":25.0},{"not_picked":[],"picked":"Catalyst+1","floor":27.0},{"not_picked":[],"picked":"Calculated Gamble+1","floor":29.0},{"not_picked":[],"picked":"PiercingWail+1","floor":31.0}],"player_experience":2930884,"relics_obtained":[{"floor":7.0,"key":"Sundial"},{"floor":9.0,"key":"Bag of Preparation"},{"floor":10.0,"key":"Art of War"},{"floor":25.0,"key":"Bag of Marbles"},{"floor":26.0,"key":"Toxic Egg 2"}],"event_choices":[{"damage_healed":0.0,"max_hp_gain":0.0,"max_hp_loss":0.0,"gold_gain":0.0,"event_name":"Living Wall","player_choice":"Grow","floor":13.0,"gold_loss":0.0,"damage_taken":0.0,"cards_upgraded":["Well Laid Plans"]},{"damage_healed":0.0,"max_hp_gain":0.0,"max_hp_loss":0.0,"gold_gain":0.0,"event_name":"The Mausoleum","player_choice":"Opened","floor":20.0,"gold_loss":0.0,"damage_taken":0.0,"relics_obtained":["HornCleat"],"cards_obtained":["Writhe"]},{"damage_healed":0.0,"max_hp_gain":5.0,"max_hp_loss":0.0,"gold_gain":0.0,"event_name":"Forgotten Altar","player_choice":"Shed Blood","floor":22.0,"gold_loss":0.0,"damage_taken":18.0}],"is_beta":true,"boss_relics":[{"not_picked":["Black Star","Astrolabe"],"picked":"Busted Crown"}],"items_purged_floors":[19],"is_endless":false,"potions_floor_spawned":[4,5,14,18,21,25],"killed_by":"Collector","ascension_level":10}}