{"host":"ixqzyafodex1tsi5","time":1609755159,"event":{"mods":["ATMod(°¢èªMod)","AchievementEnabler","Act Like it!","BaseMod","Gensokyo","GifTheSpireLib","Lobotomy","LobotomyExtend","Luminous","Minty Spire (QoL Compilation)","Relic Stats","Replay The Spire","RumiaBox-Â¶Ã×æ«µÄÉñÃØºÐ×Ó","Shop Mod","Spicy Shops","StSLib","The Cursed","[IsaacMod]ÒÔÈö¼âËþ","¡¾¹¦ÄÜMod¡¿»ìãçÖ®»·ÐÞ¸´²¹¶¡","¡¾ÒÅÎï¿¨ÅÆ¡¿REMEMod"],"gold_per_floor":[117,127,127,13,13,13,13,13,13,31,31,31,49,49,49,180,180,203,222,276,276,296,296,312,351,351,351,351,430,445,445,445,445,445],"floor_reached":33,"playtime":568,"items_purged":["Strike_R"],"score":400,"play_id":"05f554de-278a-4ac2-a2c8-0c2e2aedbd64","local_time":"20210104181239","is_ascension_mode":true,"campfire_choices":[{"data":"AT_EmpoweredMortalDraw","floor":6,"key":"SMITH"},{"data":"REME_Scribble","floor":8,"key":"SMITH"},{"data":"Defend_R","floor":15,"key":"PURGE"},{"data":"Luminous:Arcane_Rage_Luminous","floor":23,"key":"SMITH"},{"floor":32,"key":"REST"}],"circlet_count":0,"master_deck":["Strike_R","Strike_R+1","Strike_R","Strike_R","Defend_R","Defend_R+1","Bash","AT_EmpoweredMortalDraw+1","Luminous:Arcane_Rage_Luminous+1","REME_Scribble+1","Cleave","Exhume","Hemokinesis","Sword Boomerang","Berserk","Disarm","Feed"],"relics":["Burning Blood","REME_ComplimentaryCards","HushsDoor","SteamSale","NeowsBlessing","LetterFromLob","Golden Idol","REME_CardOfGreed","AT_BladeRuinedKing","EasyGame_NEW","YumHeart","Nloth\u0027s Gift","Replay:Rubber Ducky"],"acts_visited":["Exordium","TheCity"],"potions_floor_usage":[20,20,33,33],"damage_taken":[{"damage":0,"enemies":"Small Slimes","floor":1,"turns":1},{"damage":0,"enemies":"Jaw Worm","floor":2,"turns":1},{"damage":3,"enemies":"2 Louse","floor":10,"turns":1},{"damage":3,"enemies":"Blue Slaver","floor":13,"turns":1},{"damage":27,"enemies":"Slime Boss","floor":16,"turns":6},{"damage":17,"enemies":"Shell Parasite","floor":18,"turns":2},{"damage":3,"enemies":"3 Byrds","floor":19,"turns":2},{"damage":14,"enemies":"Cultist and Chosen","floor":20,"turns":2},{"damage":37,"enemies":"Centurion and Healer","floor":22,"turns":2},{"damage":29,"enemies":"Snake Plant","floor":24,"turns":2},{"damage":3,"enemies":"Slavers","floor":25,"turns":1},{"damage":23,"enemies":"Chosen and Byrds","floor":30,"turns":2},{"damage":62,"enemies":"Automaton","floor":33,"turns":4}],"seed_played":"2188753294833652013","potions_obtained":[{"floor":2,"key":"AttackPotion"},{"floor":10,"key":"FearPotion"},{"floor":16,"key":"Block Potion"},{"floor":19,"key":"REME_GoldPotion"},{"floor":25,"key":"PowerPotion"},{"floor":29,"key":"Cursed Concoction"}],"is_trial":false,"path_per_floor":["M","M","?","$","?","R","$","R","T","M","?","?","M","$","R","B",null,"M","M","M","?","M","R","M","E","T","M","?","?","M","?","R","B"],"character_chosen":"IRONCLAD","items_purchased":["REME_CardOfGreed"],"campfire_rested":1,"item_purchase_floors":[4],"current_hp_per_floor":[80,80,60,60,44,44,44,44,44,50,43,48,54,54,54,36,80,72,78,76,76,48,48,28,34,34,34,34,6,17,17,52,0,0],"gold":445,"neow_bonus":"THREE_ENEMY_KILL","is_daily":false,"chose_seed":false,"campfire_upgraded":3,"win_rate":0.0,"timestamp":1609755159,"path_taken":["M","M","?","$","?","R","$","R","T","M","?","?","?","?","R","BOSS","M","M","M","?","?","R","M","E","T","M","?","?","M","?","R","BOSS"],"items_purchased_type":["Relic"],"build_version":"2020-12-22","purchased_purges":1,"victory":false,"max_hp_per_floor":[80,80,80,80,80,80,80,80,80,83,83,88,91,91,91,94,94,97,100,106,106,109,109,112,115,115,115,115,115,118,118,118,121,121],"relic_stats":{"counters":[13,27],"Golden Idol":82,"Nloth\u0027s Gift":1,"obtain_stats":[{"KeepersGift":0,"AT_ATBox":0,"NeowsBlessing":0,"Golden Idol":3,"AT_BladeRuinedKing":9,"SteamSale":0,"Burning Blood":0,"Replay:Rubber Ducky":29,"YumHeart":25,"LetterFromLob":1,"Nloth\u0027s Gift":28,"REME_CardOfGreed":4,"HushsDoor":0,"EasyGame_NEW":17,"REME_ComplimentaryCards":0},{"KeepersGift":0,"AT_ATBox":0,"NeowsBlessing":0,"Golden Idol":2,"AT_BladeRuinedKing":2,"SteamSale":0,"Burning Blood":0,"Replay:Rubber Ducky":11,"YumHeart":11,"LetterFromLob":1,"Nloth\u0027s Gift":11,"REME_CardOfGreed":2,"HushsDoor":0,"EasyGame_NEW":5,"REME_ComplimentaryCards":0},{"KeepersGift":0,"AT_ATBox":0,"NeowsBlessing":0,"Golden Idol":2,"AT_BladeRuinedKing":2,"SteamSale":0,"Burning Blood":0,"Replay:Rubber Ducky":21,"YumHeart":21,"LetterFromLob":1,"Nloth\u0027s Gift":21,"REME_CardOfGreed":2,"HushsDoor":0,"EasyGame_NEW":10,"REME_ComplimentaryCards":0}],"Burning Blood":60},"card_choices":[{"not_picked":["Clothesline","Perfected Strike","Body Slam"],"picked":"SKIP","floor":1},{"not_picked":["Inflame","Pommel Strike"],"picked":"REME_Scribble","floor":2},{"not_picked":["Clash","Sentinel"],"picked":"Cleave","floor":10},{"not_picked":["Replay:Undeath\u0027s Touch","REME_FearOfPain","Perfected Strike"],"picked":"SKIP","floor":13},{"not_picked":["Corruption","Brutality"],"picked":"Exhume","floor":16},{"not_picked":["Replay:Undeath\u0027s Touch","Iron Wave+1"],"picked":"Hemokinesis","floor":18},{"not_picked":["Warcry","ReplayTheSpireMod:Strike From Hell+1","Perfected Strike"],"picked":"SKIP","floor":19},{"not_picked":["Life Link","AT_GerminateFire","Wild Strike"],"picked":"SKIP","floor":20},{"not_picked":["Clothesline","Sever Soul"],"picked":"Sword Boomerang","floor":22},{"not_picked":["Run Through","Clothesline+1","Dark Embrace"],"picked":"SKIP","floor":24},{"not_picked":["Spot Weakness","Limit Break"],"picked":"Berserk","floor":25},{"not_picked":["ReplayTheSpireMod:Corrosion Curse","Headbutt"],"picked":"Disarm","floor":29},{"not_picked":["Cleave","AT_BodySlamDance"],"picked":"Feed","floor":30}],"player_experience":222145,"relics_obtained":[{"floor":1,"key":"LetterFromLob"},{"floor":9,"key":"AT_BladeRuinedKing"},{"floor":25,"key":"YumHeart"},{"floor":29,"key":"Replay:Rubber Ducky"}],"event_choices":[{"damage_healed":0,"gold_gain":0,"player_choice":"Take Damage","damage_taken":20,"relics_obtained":["Golden Idol"],"max_hp_gain":0,"max_hp_loss":0,"event_name":"Golden Idol","floor":3,"gold_loss":0},{"damage_healed":0,"gold_gain":0,"player_choice":"Entered Light","damage_taken":16,"max_hp_gain":0,"max_hp_loss":0,"event_name":"Shining Light","floor":5,"gold_loss":0,"cards_upgraded":["Strike_R","Defend_R"]},{"cards_removed":["Defend_R"],"damage_healed":0,"gold_gain":0,"player_choice":"Card Removal","damage_taken":7,"max_hp_gain":0,"max_hp_loss":0,"event_name":"Golden Wing","floor":11,"gold_loss":0},{"damage_healed":0,"gold_gain":0,"player_choice":"Donut","damage_taken":0,"max_hp_gain":5,"max_hp_loss":0,"event_name":"Big Fish","floor":12,"gold_loss":0},{"damage_healed":0,"gold_gain":0,"player_choice":"Traded Relic","damage_taken":0,"relics_obtained":["Nloth\u0027s Gift"],"max_hp_gain":0,"max_hp_loss":0,"event_name":"N\u0027loth","floor":28,"relics_lost":["AT_ATBox"],"gold_loss":0},{"damage_healed":0,"gold_gain":0,"player_choice":"Ignored","damage_taken":0,"max_hp_gain":0,"max_hp_loss":0,"event_name":"Cursed Tome","floor":31,"gold_loss":0}],"is_beta":false,"boss_relics":[{"not_picked":["Electric Blood","Abe\u0027s Treasure"],"picked":"EasyGame_NEW"},{"not_picked":[]}],"items_purged_floors":[4],"is_endless":false,"potions_floor_spawned":[2,10,16,18,19,25],"killed_by":"Automaton","ascension_level":5}}