{"host":"j4g6ia6asvpyu2b0","time":1609771374,"event":{"mods":["BaseMod","Colored Map","Minty Spire (QoL Compilation)","Permanent Neow","Quick Restart","Relic Stats","StSLib","Unceasing Turn Reminder"],"gold_per_floor":[366,378,378,123,139,172,172,199,222,256,272,304,322,339,339,443,443,460,347,366,379,49,77,88,118,118,118,147,147,190,252,252,350,350,386,386,141,154,194,251,269,269,269,269,301,301,301,326,326,351,351,351,5,39,39],"floor_reached":56,"playtime":2030,"items_purged":["Doubt","Strike_R"],"score":1903,"play_id":"ad795b29-bc09-4593-b708-ef9a03533ee8","local_time":"20210104074254","is_ascension_mode":true,"campfire_choices":[{"data":"Apotheosis","floor":7,"key":"SMITH"},{"floor":15,"key":"RECALL"},{"data":"1","floor":27,"key":"LIFT"},{"data":"2","floor":32,"key":"LIFT"},{"data":"3","floor":42,"key":"LIFT"},{"data":"Barricade","floor":46,"key":"SMITH"},{"floor":49,"key":"REST"},{"data":"Limit Break","floor":52,"key":"SMITH"}],"circlet_count":0,"master_deck":["Strike_R","Strike_R","Strike_R","Strike_R","Defend_R","Defend_R","Defend_R","Defend_R","Bash","Spot Weakness","Apotheosis+1","Power Through","Dark Embrace","Thunderclap","Offering","Body Slam","Anger","Dropkick","Barricade+1","Feed","Sentinel","Whirlwind","Metallicize","Cleave","HandOfGreed","Twin Strike+1","Flame Barrier+1","Flame Barrier+1","Second Wind+1","Iron Wave","Headbutt","Limit Break+1","Pommel Strike","Sword Boomerang","Flame Barrier","Body Slam","Cleave","Hemokinesis+1","Uppercut+1","Blind","Inflame+1"],"relics":["Burning Blood","FaceOfCleric","Anchor","PreservedInsect","Nunchaku","Akabeko","Pantograph","Busted Crown","Sling","Girya","Art of War","Boot","Philosopher\u0027s Stone","Bronze Scales","Dream Catcher","White Beast Statue","Frozen Egg 2","Bag of Preparation","Potion Belt","Toy Ornithopter","Red Skull"],"acts_visited":["Exordium","TheCity","TheBeyond","TheEnding"],"potions_floor_usage":[8,13,18,33,45,50,54,55,55,55,55,55,55,55],"damage_taken":[{"damage":7,"enemies":"Small Slimes","floor":1,"turns":5},{"damage":6,"enemies":"Cultist","floor":2,"turns":3},{"damage":4,"enemies":"Jaw Worm","floor":5,"turns":3},{"damage":20,"enemies":"Lagavulin","floor":6,"turns":6},{"damage":23,"enemies":"3 Sentries","floor":8,"turns":8},{"damage":0,"enemies":"Gremlin Nob","floor":10,"turns":3},{"damage":0,"enemies":"Gremlin Gang","floor":11,"turns":4},{"damage":6,"enemies":"Lagavulin","floor":12,"turns":5},{"damage":0,"enemies":"2 Fungi Beasts","floor":13,"turns":2},{"damage":2,"enemies":"Exordium Thugs","floor":14,"turns":3},{"damage":78,"enemies":"Slime Boss","floor":16,"turns":10},{"damage":0,"enemies":"Spheric Guardian","floor":18,"turns":3},{"damage":2,"enemies":"3 Byrds","floor":20,"turns":4},{"damage":14,"enemies":"Centurion and Healer","floor":21,"turns":6},{"damage":0,"enemies":"Gremlin Leader","floor":23,"turns":4},{"damage":23,"enemies":"Snecko","floor":24,"turns":5},{"damage":0,"enemies":"Slavers","floor":25,"turns":1},{"damage":21,"enemies":"Book of Stabbing","floor":28,"turns":3},{"damage":3,"enemies":"Sentry and Sphere","floor":30,"turns":5},{"damage":6,"enemies":"Centurion and Healer","floor":31,"turns":8},{"damage":91,"enemies":"Collector","floor":33,"turns":7},{"damage":0,"enemies":"Orb Walker","floor":35,"turns":3},{"damage":11,"enemies":"3 Darklings","floor":38,"turns":4},{"damage":27,"enemies":"4 Shapes","floor":39,"turns":7},{"damage":6,"enemies":"Giant Head","floor":40,"turns":6},{"damage":46,"enemies":"Spire Growth","floor":41,"turns":6},{"damage":6,"enemies":"Nemesis","floor":45,"turns":4},{"damage":0,"enemies":"Reptomancer","floor":48,"turns":2},{"damage":105,"enemies":"Donu and Deca","floor":50,"turns":8},{"damage":6,"enemies":"Shield and Spear","floor":54,"turns":3},{"damage":108,"enemies":"The Heart","floor":55,"turns":6}],"seed_played":"-660323213736520062","potions_obtained":[{"floor":2,"key":"Swift Potion"},{"floor":6,"key":"BlessingOfTheForge"},{"floor":8,"key":"Swift Potion"},{"floor":11,"key":"Ancient Potion"},{"floor":13,"key":"EntropicBrew"},{"floor":20,"key":"Regen Potion"},{"floor":23,"key":"Strength Potion"},{"floor":33,"key":"Block Potion"},{"floor":40,"key":"DistilledChaos"},{"floor":45,"key":"Strength Potion"},{"floor":48,"key":"SneckoOil"},{"floor":54,"key":"Block Potion"}],"is_trial":false,"path_per_floor":["M","M","?","$","M","E","R","E","T","E","M","E","M","M","R","B",null,"M","$","M","M","$","E","M","E","T","R","E","?","M","M","R","B",null,"M","?","$","M","M","E","M","R","T","T","E","R","?","E","R","B",null,"R","$","E","B",null],"character_chosen":"IRONCLAD","items_purchased":["Apotheosis","Whirlwind","Metallicize","Sling","HandOfGreed","Bronze Scales","Toy Ornithopter","PowerPotion","PowerPotion","Blind"],"campfire_rested":1,"item_purchase_floors":[4,19,19,22,22,37,53,53,53,53],"current_hp_per_floor":[79,79,79,79,81,68,68,52,52,59,66,67,74,79,79,17,71,78,78,87,84,84,91,75,82,82,82,68,68,72,73,73,14,84,91,91,91,87,71,72,33,33,33,33,46,46,46,53,88,15,93,93,93,103,33],"gold":39,"neow_bonus":"TWO_FIFTY_GOLD","is_daily":false,"chose_seed":false,"campfire_upgraded":3,"win_rate":0.0,"timestamp":1609771374,"path_taken":["M","M","?","$","M","E","R","E","T","E","?","E","M","M","R","BOSS","M","$","M","M","$","E","M","E","T","R","E","?","?","M","R","BOSS","M","?","$","M","M","E","M","R","T","?","E","R","?","E","R","BOSS","R","$","E","BOSS"],"items_purchased_type":["Card","Card","Card","Relic","Card","Relic","Relic","Potion","Potion","Card"],"build_version":"2020-12-22","purchased_purges":2,"victory":true,"max_hp_per_floor":[80,80,80,80,81,82,82,83,83,84,85,86,87,88,88,89,89,90,90,95,100,100,101,102,103,103,103,104,104,105,106,106,107,107,108,108,108,109,114,115,116,116,116,116,117,117,117,118,118,119,119,119,119,124,125],"relic_stats":{"counters":[31,147],"PreservedInsect":471,"Bag of Preparation":[8],"Boot":[12],"Burning Blood":185,"Nunchaku":[26],"Dream Catcher":1,"Busted Crown":38,"FaceOfCleric":29,"Pantograph":80,"Bronze Scales":[187],"Art of War":[7],"obtain_stats":[{"Potion Belt":48,"Girya":23,"PreservedInsect":8,"Bag of Preparation":45,"Frozen Egg 2":44,"Sling":22,"Boot":28,"Burning Blood":0,"Akabeko":10,"White Beast Statue":43,"Anchor":6,"Nunchaku":9,"Dream Catcher":40,"Busted Crown":17,"FaceOfCleric":3,"Pantograph":12,"Bronze Scales":37,"Philosopher\u0027s Stone":34,"Art of War":25,"Toy Ornithopter":53,"Red Skull":54},{"Potion Belt":28,"Girya":15,"PreservedInsect":5,"Bag of Preparation":27,"Frozen Egg 2":26,"Sling":14,"Boot":18,"Burning Blood":0,"Akabeko":6,"White Beast Statue":26,"Anchor":4,"Nunchaku":5,"Dream Catcher":25,"Busted Crown":11,"FaceOfCleric":2,"Pantograph":8,"Bronze Scales":22,"Philosopher\u0027s Stone":21,"Art of War":17,"Toy Ornithopter":29,"Red Skull":30},{"Potion Belt":130,"Girya":69,"PreservedInsect":25,"Bag of Preparation":128,"Frozen Egg 2":124,"Sling":65,"Boot":78,"Burning Blood":0,"Akabeko":28,"White Beast Statue":124,"Anchor":17,"Nunchaku":25,"Dream Catcher":118,"Busted Crown":52,"FaceOfCleric":8,"Pantograph":37,"Bronze Scales":101,"Philosopher\u0027s Stone":98,"Art of War":75,"Toy Ornithopter":138,"Red Skull":141}],"Toy Ornithopter":15},"card_choices":[{"not_picked":["Evolve","Rupture"],"picked":"Rampage","floor":1},{"not_picked":["Heavy Blade","Anger"],"picked":"Spot Weakness","floor":2},{"not_picked":["Heavy Blade","Sentinel"],"picked":"Power Through","floor":5},{"not_picked":["Twin Strike","Havoc"],"picked":"Dark Embrace","floor":6},{"not_picked":["Rampage","Clash"],"picked":"Thunderclap","floor":8},{"not_picked":["Body Slam","Pommel Strike"],"picked":"Offering","floor":10},{"not_picked":["Wild Strike","Twin Strike"],"picked":"Body Slam","floor":11},{"not_picked":["Sever Soul","Twin Strike"],"picked":"Anger","floor":12},{"not_picked":["Rampage","Wild Strike"],"picked":"Dropkick","floor":13},{"not_picked":["Body Slam","Warcry"],"picked":"Barricade","floor":14},{"not_picked":["Double Tap","Brutality"],"picked":"Feed","floor":16},{"not_picked":[],"picked":"Sentinel","floor":18},{"not_picked":[],"picked":"Cleave","floor":20},{"not_picked":["Bloodletting"],"picked":"SKIP","floor":21},{"not_picked":[],"picked":"Twin Strike+1","floor":23},{"not_picked":[],"picked":"Flame Barrier+1","floor":24},{"not_picked":[],"picked":"Flame Barrier+1","floor":25},{"not_picked":[],"picked":"Second Wind+1","floor":28},{"not_picked":[],"picked":"Iron Wave","floor":30},{"not_picked":[],"picked":"Headbutt","floor":31},{"not_picked":[],"picked":"Limit Break","floor":33},{"not_picked":["Anger+1"],"picked":"SKIP","floor":35},{"not_picked":[],"picked":"Pommel Strike","floor":38},{"not_picked":[],"picked":"Sword Boomerang","floor":39},{"not_picked":[],"picked":"Flame Barrier","floor":40},{"not_picked":[],"picked":"Body Slam","floor":41},{"not_picked":[],"picked":"Cleave","floor":45},{"not_picked":[],"picked":"Hemokinesis+1","floor":48},{"not_picked":[],"picked":"Uppercut+1","floor":49},{"not_picked":[],"picked":"Inflame+1","floor":54}],"player_experience":697034,"relics_obtained":[{"floor":6,"key":"Anchor"},{"floor":8,"key":"PreservedInsect"},{"floor":9,"key":"Nunchaku"},{"floor":10,"key":"Akabeko"},{"floor":12,"key":"Pantograph"},{"floor":23,"key":"Girya"},{"floor":25,"key":"Art of War"},{"floor":28,"key":"Boot"},{"floor":40,"key":"Dream Catcher"},{"floor":43,"key":"White Beast Statue"},{"floor":44,"key":"Frozen Egg 2"},{"floor":45,"key":"Bag of Preparation"},{"floor":48,"key":"Potion Belt"},{"floor":54,"key":"Red Skull"}],"event_choices":[{"damage_healed":0,"gold_gain":0,"player_choice":"Trade","damage_taken":0,"relics_obtained":["FaceOfCleric"],"max_hp_gain":0,"max_hp_loss":0,"event_name":"FaceTrader","floor":3,"gold_loss":0},{"damage_healed":0,"gold_gain":0,"player_choice":"Ignored","damage_taken":0,"max_hp_gain":0,"max_hp_loss":0,"event_name":"N\u0027loth","floor":29,"gold_loss":0},{"damage_healed":0,"gold_gain":0,"player_choice":"Ignored","damage_taken":0,"max_hp_gain":0,"max_hp_loss":0,"event_name":"Tomb of Lord Red Mask","floor":36,"gold_loss":0},{"cards_removed":["Rampage"],"damage_healed":0,"gold_gain":0,"player_choice":"Purged","damage_taken":0,"max_hp_gain":0,"max_hp_loss":0,"event_name":"Purifier","floor":47,"gold_loss":0}],"is_beta":false,"boss_relics":[{"not_picked":["Black Blood","SlaversCollar"],"picked":"Busted Crown"},{"not_picked":["Sozu","Runic Pyramid"],"picked":"Philosopher\u0027s Stone"}],"items_purged_floors":[4,37],"is_endless":false,"potions_floor_spawned":[2,6,8,11,13,20,23,24,25,31,33,40,41,45,48,54],"ascension_level":5}}