{"host":"vsdszi3rnxsdp24p","time":1609802593,"event":{"mods":["AchievementEnabler","BaseMod","Colored Map","Colored Powertips","Hermit","Highlight Path","Minty Spire (QoL Compilation)","Quick Restart","Relic Sorter","Relic Stats","StSLib","SuperFastMode","Synergy Search","The Cursed","The Mystic"],"gold_per_floor":[114,114,132,142,210,210,545,40,40,215,232,232,247,247,247,352,352,365,365,365,290,290],"floor_reached":21,"playtime":593,"items_purged":[],"score":177,"play_id":"b58ebdb0-beba-407f-816e-8df37a68a0c4","local_time":"20210105002313","is_ascension_mode":false,"campfire_choices":[{"data":"Power Through","floor":6,"key":"SMITH"},{"floor":12,"key":"REST"},{"floor":15,"key":"REST"}],"circlet_count":0,"master_deck":["Strike_R","Strike_R","Strike_R","Strike_R","Defend_R","Defend_R+1","Defend_R","Defend_R+1","Bash","Combust","Flex","Wild Strike","Power Through+1","Wild Strike","Sadistic Nature","Feed","Combust","Ghostly Armor","Doubt","Evolve","Demon Form","Juggernaut","Rage"],"relics":["Burning Blood","NeowsBlessing","Old Coin","Matryoshka","War Paint","Runic Cube"],"acts_visited":["Exordium","TheCity"],"potions_floor_usage":[16,16],"damage_taken":[{"damage":0,"enemies":"2 Louse","floor":1,"turns":1},{"damage":1,"enemies":"Cultist","floor":3,"turns":1},{"damage":1,"enemies":"Jaw Worm","floor":4,"turns":1},{"damage":41,"enemies":"Gremlin Nob","floor":7,"turns":6},{"damage":11,"enemies":"Large Slime","floor":11,"turns":5},{"damage":9,"enemies":"Looter","floor":13,"turns":4},{"damage":38,"enemies":"Slime Boss","floor":16,"turns":8},{"damage":34,"enemies":"Chosen","floor":18,"turns":6},{"damage":43,"enemies":"2 Thieves","floor":21,"turns":4}],"seed_played":"-863118824794209366","potions_obtained":[{"floor":4,"key":"Dexterity Potion"},{"floor":7,"key":"Regen Potion"},{"floor":11,"key":"ColorlessPotion"},{"floor":13,"key":"DistilledChaos"}],"is_trial":false,"path_per_floor":["M","?","M","M","?","R","E","$","T","?","M","R","M","?","R","B",null,"M","?","?","M"],"character_chosen":"IRONCLAD","items_purchased":["Sadistic Nature","Feed","Combust","Ghostly Armor"],"campfire_rested":2,"item_purchase_floors":[8,8,8,8],"current_hp_per_floor":[80,80,80,80,80,80,45,45,45,45,40,64,61,49,73,41,80,52,52,43,0,0],"gold":290,"neow_bonus":"THREE_ENEMY_KILL","is_daily":false,"chose_seed":false,"campfire_upgraded":1,"win_rate":0.0,"timestamp":1609802593,"path_taken":["M","?","M","?","?","R","E","$","T","?","M","R","M","?","R","BOSS","M","?","?","M"],"items_purchased_type":["Card","Card","Card","Card"],"build_version":"2020-12-22","purchased_purges":0,"victory":false,"max_hp_per_floor":[80,80,80,80,80,80,80,80,80,80,80,80,80,80,80,80,80,80,80,80,80,80],"relic_stats":{"counters":[9,36],"War Paint":["Defend_R","Defend_R"],"obtain_stats":[{"Matryoshka":9,"NeowsBlessing":0,"War Paint":14,"Burning Blood":0,"Old Coin":7,"Runic Cube":17},{"Matryoshka":4,"NeowsBlessing":0,"War Paint":6,"Burning Blood":0,"Old Coin":4,"Runic Cube":7},{"Matryoshka":9,"NeowsBlessing":0,"War Paint":18,"Burning Blood":0,"Old Coin":9,"Runic Cube":26}],"Burning Blood":32,"Runic Cube":[17]},"card_choices":[{"not_picked":["Flex","Uppercut"],"picked":"Combust","floor":1},{"not_picked":["Cleave","Thunderclap"],"picked":"Wild Strike","floor":3},{"not_picked":["Intimidate","Berserk"],"picked":"Power Through","floor":4},{"not_picked":["Thunderclap","Searing Blow"],"picked":"Wild Strike","floor":7},{"not_picked":["Iron Wave","Flex"],"picked":"Evolve","floor":11},{"not_picked":["Flex","Warcry"],"picked":"Demon Form","floor":13},{"not_picked":["Exhume","Demon Form"],"picked":"Juggernaut","floor":16},{"not_picked":["True Grit","Warcry","Cleave+1"],"picked":"SKIP","floor":18}],"player_experience":131121,"relics_obtained":[{"floor":7,"key":"Old Coin"},{"floor":9,"key":"Matryoshka"}],"event_choices":[{"damage_healed":0,"gold_gain":0,"cards_transformed":["Strike_R"],"player_choice":"Transformed","damage_taken":0,"max_hp_gain":0,"max_hp_loss":0,"event_name":"Transmorgrifier","floor":2,"gold_loss":0,"cards_obtained":["Flex"]},{"damage_healed":0,"gold_gain":68,"player_choice":"Gained Gold","damage_taken":0,"max_hp_gain":0,"max_hp_loss":0,"event_name":"Golden Wing","floor":5,"gold_loss":0},{"damage_healed":0,"gold_gain":175,"player_choice":"AGREE","damage_taken":0,"max_hp_gain":0,"max_hp_loss":0,"event_name":"Liars Game","floor":10,"gold_loss":0,"cards_obtained":["Doubt"]},{"damage_healed":0,"gold_gain":0,"player_choice":"Success","damage_taken":12,"relics_obtained":["War Paint"],"max_hp_gain":0,"max_hp_loss":0,"event_name":"Scrap Ooze","floor":14,"gold_loss":0},{"damage_healed":0,"gold_gain":0,"player_choice":"Read","damage_taken":0,"max_hp_gain":0,"max_hp_loss":0,"event_name":"The Library","floor":19,"gold_loss":0,"cards_obtained":["Rage"]},{"damage_healed":0,"gold_gain":0,"player_choice":"Stopped","damage_taken":9,"max_hp_gain":0,"max_hp_loss":0,"event_name":"Cursed Tome","floor":20,"gold_loss":0}],"is_beta":false,"boss_relics":[{"not_picked":["SlaversCollar","Sozu"],"picked":"Runic Cube"}],"items_purged_floors":[],"is_endless":false,"potions_floor_spawned":[4,7,11,13],"killed_by":"2 Thieves","ascension_level":0}}