{"host":"9n6i2vl93jt4o42q","time":1609762862,"event":{"mods":["BaseMod","Downfall","Minty Spire (QoL Compilation)","Relic Stats","StSLib"],"gold_per_floor":[99,115,131,131,149,149,149,14,44,44,56,66,66,95,109,109,109],"floor_reached":16,"playtime":2114,"items_purged":[],"score":112,"play_id":"6bd68e8a-9d66-49ff-9c15-04696e5f2d98","local_time":"20210104132102","is_ascension_mode":false,"campfire_choices":[{"data":"sneckomod:SnekBite","floor":1.0,"key":"SMITH"},{"floor":10.0,"key":"RECALL"},{"floor":13.0,"key":"REST"}],"circlet_count":0,"master_deck":["sneckomod:Strike","sneckomod:Strike","sneckomod:Strike","sneckomod:Defend","sneckomod:Defend","sneckomod:Defend","sneckomod:TailWhip","sneckomod:SnekBite+1","sneckomod:Unknown","sneckomod:Unknown","sneckomod:UnknownBlock","sneckomod:IronFang","sneckomod:Mudshield","sneckomod:SlitherStrike","sneckomod:SnekBeam","sneckomod:UnknownCommonAttack","sneckomod:SoulDraw","sneckomod:Nope","sneckomod:QuickBite","sneckomod:QuickBite","sneckomod:UnknownUncommonAttack"],"relics":["sneckomod:SneckoSoul","downfall:ShatteredFragment","Bottled Lightning","Turnip","Oddly Smooth Stone"],"acts_visited":["Exordium"],"potions_floor_usage":[],"damage_taken":[{"damage":1.0,"enemies":"Jaw Worm","floor":2.0,"turns":2.0},{"damage":10.0,"enemies":"Small Slimes","floor":3.0,"turns":4.0},{"damage":0.0,"enemies":"2 Louse","floor":5.0,"turns":2.0},{"damage":0.0,"enemies":"downfall:FleeingMerchant","floor":8.0,"turns":4.0},{"damage":19.0,"enemies":"Lagavulin","floor":9.0,"turns":4.0},{"damage":11.0,"enemies":"3 Louse","floor":11.0,"turns":3.0},{"damage":19.0,"enemies":"Exordium Thugs","floor":12.0,"turns":4.0},{"damage":11.0,"enemies":"3 Sentries","floor":14.0,"turns":5.0},{"damage":0.0,"enemies":"Blue Slaver","floor":15.0,"turns":3.0},{"damage":53,"enemies":"downfall:Defect","floor":16,"turns":6}],"seed_played":"8655993668782550166","potions_obtained":[{"floor":2.0,"key":"AttackPotion"},{"floor":5.0,"key":"Slimebound:ThreeZeroPotion"},{"floor":11.0,"key":"FearPotion"},{"floor":14.0,"key":"Strength Potion"},{"floor":15.0,"key":"PowerPotion"}],"is_trial":false,"path_per_floor":["R","M","M","?","M","?","T","$","E","R","M","M","R","E","M","B"],"character_chosen":"THE_SNECKO","items_purchased":["sneckomod:SnekBeam","sneckomod:UnknownCommonAttack"],"campfire_rested":1,"item_purchase_floors":[8,8],"current_hp_per_floor":[99,99,89,89,89,68,68,69,50,50,49,30,60,49,50,0,0],"gold":109,"neow_bonus":"TEN_PERCENT_HP_BONUS","is_daily":false,"chose_seed":false,"campfire_upgraded":1,"win_rate":0.0,"timestamp":1609762862,"path_taken":["R","M","M","?","M","?","T","$","E","R","?","M","R","E","M","BOSS"],"items_purchased_type":["Card","Card"],"build_version":"2020-12-22","purchased_purges":0,"victory":false,"max_hp_per_floor":[99,100,100,100,100,100,100,101,101,101,101,101,101,101,102,102,102],"relic_stats":{"counters":[10,37],"Turnip":[0],"obtain_stats":[{"downfall:ShatteredFragment":6,"Oddly Smooth Stone":14,"Turnip":9,"Bottled Lightning":7,"sneckomod:SneckoSoul":0},{"downfall:ShatteredFragment":3,"Oddly Smooth Stone":8,"Turnip":5,"Bottled Lightning":3,"sneckomod:SneckoSoul":0},{"downfall:ShatteredFragment":8,"Oddly Smooth Stone":28,"Turnip":16,"Bottled Lightning":8,"sneckomod:SneckoSoul":0}]},"card_choices":[{"not_picked":["sneckomod:WideSting","sneckomod:CheapStock"],"picked":"sneckomod:UnknownBlock","floor":2.0},{"not_picked":["sneckomod:RainOfDice","sneckomod:UnknownClassHEXA_GHOST_PURPLE"],"picked":"sneckomod:IronFang","floor":3.0},{"not_picked":["sneckomod:DiceBoulder","sneckomod:CheapStock"],"picked":"sneckomod:Mudshield","floor":5.0},{"not_picked":["sneckomod:UnknownWeak","sneckomod:UnknownUncommonAttack"],"picked":"sneckomod:SlitherStrike","floor":8.0},{"not_picked":["sneckomod:UnknownExhaust","sneckomod:ImprovisedGuard"],"picked":"sneckomod:SoulDraw","floor":9.0},{"not_picked":["sneckomod:UnknownX","sneckomod:RainOfDice"],"picked":"sneckomod:Nope","floor":11.0},{"not_picked":["sneckomod:IronFang","sneckomod:UnknownCommonAttack"],"picked":"sneckomod:QuickBite","floor":12.0},{"not_picked":["sneckomod:UnknownX","sneckomod:MasterEye"],"picked":"sneckomod:QuickBite","floor":14.0},{"not_picked":["sneckomod:UnknownCommonSkill","sneckomod:UnknownStrike"],"picked":"sneckomod:UnknownUncommonAttack","floor":15.0}],"player_experience":2091112,"relics_obtained":[{"floor":7.0,"key":"Bottled Lightning"},{"floor":9.0,"key":"Turnip"},{"floor":14.0,"key":"Oddly Smooth Stone"}],"event_choices":[],"is_beta":false,"boss_relics":[],"items_purged_floors":[],"is_endless":false,"potions_floor_spawned":[2,5,11,14,15],"killed_by":"downfall:Defect","ascension_level":0}}