{"host":"f1miojwxaupu79sp","time":1609792240,"event":{"mods":["BaseMod","Better Vampires","Minty Spire (QoL Compilation)","Shop Mod"],"gold_per_floor":[117,135,60,60,77,77,88,88,113,113,128,128,160,247,259,373,385,414,444,456,129,149,149,174,174,174,189,207,207,207,221,221,221,221],"floor_reached":33,"playtime":3414,"items_purged":["Strike_G","Strike_G"],"score":332,"play_id":"defbea97-b209-40cb-aa1f-3fb6cc74e1bc","local_time":"20210104153040","is_ascension_mode":true,"campfire_choices":[{"data":"Corpse Explosion","floor":6,"key":"SMITH"},{"data":"Calculated Gamble","floor":8,"key":"SMITH"},{"data":"Deadly Poison","floor":10,"key":"SMITH"},{"floor":15,"key":"REST"},{"data":"Adrenaline","floor":23,"key":"SMITH"},{"floor":25,"key":"REST"},{"data":"Envenom","floor":30,"key":"SMITH"},{"floor":32,"key":"REST"}],"circlet_count":0,"master_deck":["Defend_G","Defend_G","Defend_G","Defend_G","Defend_G","Survivor","Neutralize","Corpse Explosion+1","Calculated Gamble+1","Deadly Poison+1","Adrenaline+1","Night Terror","Envenom+1","Poisoned Stab+1","Noxious Fumes","Good Instincts","Leg Sweep","Crippling Poison","Escape Plan"],"relics":["Ring of the Snake","Pear","Boot","MawBank","Empty Cage","FaceOfCleric","Orichalcum","Tiny Chest","Darkstone Periapt"],"acts_visited":["Exordium","TheCity"],"potions_floor_usage":[7,24,24,28],"damage_taken":[{"damage":0,"enemies":"Cultist","floor":1,"turns":4},{"damage":0,"enemies":"Jaw Worm","floor":2,"turns":5},{"damage":7,"enemies":"Small Slimes","floor":5,"turns":2},{"damage":0,"enemies":"Gremlin Gang","floor":7,"turns":1},{"damage":10,"enemies":"2 Fungi Beasts","floor":11,"turns":2},{"damage":40,"enemies":"Gremlin Nob","floor":13,"turns":4},{"damage":35,"enemies":"Slime Boss","floor":16,"turns":13},{"damage":9,"enemies":"2 Thieves","floor":18,"turns":2},{"damage":5,"enemies":"3 Byrds","floor":19,"turns":3},{"damage":12,"enemies":"Centurion and Healer","floor":22,"turns":5},{"damage":37,"enemies":"Gremlin Leader","floor":24,"turns":7},{"damage":5,"enemies":"3 Cultists","floor":27,"turns":3},{"damage":8,"enemies":"Snake Plant","floor":28,"turns":4},{"damage":9,"enemies":"Sentry and Sphere","floor":31,"turns":4},{"damage":67,"enemies":"Collector","floor":33,"turns":7}],"seed_played":"-8440001979379928257","potions_obtained":[{"floor":2,"key":"CunningPotion"},{"floor":11,"key":"Dexterity Potion"},{"floor":19,"key":"SpeedPotion"},{"floor":22,"key":"Explosive Potion"}],"is_trial":false,"path_per_floor":["M","M","$","T","M","R","M","R","T","R","M","?","E","?","R","B",null,"M","M","?","$","M","R","E","R","T","M","M","?","R","M","R","B"],"character_chosen":"THE_SILENT","items_purchased":["Orichalcum","Good Instincts"],"campfire_rested":3,"item_purchase_floors":[21,21],"current_hp_per_floor":[70,70,70,80,73,73,73,73,73,73,63,63,23,12,36,1,80,71,66,66,66,55,55,19,43,43,39,32,32,32,24,49,0,0],"gold":221,"neow_bonus":"ONE_RANDOM_RARE_CARD","is_daily":false,"chose_seed":false,"campfire_upgraded":5,"win_rate":0.0,"timestamp":1609792240,"path_taken":["M","M","$","?","M","R","M","R","T","R","?","?","E","?","R","BOSS","M","M","?","$","M","R","E","R","T","M","?","?","R","M","R","BOSS"],"items_purchased_type":["Relic","Card"],"build_version":"2020-12-22","purchased_purges":2,"victory":false,"max_hp_per_floor":[70,70,70,80,80,80,80,80,80,80,80,80,80,80,80,80,80,80,80,80,80,81,81,82,82,82,83,84,84,84,85,85,85,85],"card_choices":[{"not_picked":["Dagger Spray","Bane"],"picked":"Calculated Gamble","floor":1},{"not_picked":["Cloak And Dagger","Infinite Blades","Skewer"],"picked":"SKIP","floor":2},{"not_picked":["Cloak And Dagger","Quick Slash","Dagger Throw"],"picked":"SKIP","floor":5},{"not_picked":["Acrobatics","Bane"],"picked":"Deadly Poison","floor":7},{"not_picked":["Deflect","Dodge and Roll"],"picked":"Adrenaline","floor":11},{"not_picked":["Noxious Fumes","Acrobatics"],"picked":"Night Terror","floor":13},{"not_picked":["Burst","Unload"],"picked":"Envenom","floor":16},{"not_picked":["Bane+1","Prepared+1"],"picked":"Poisoned Stab+1","floor":18},{"not_picked":["Infinite Blades","Dagger Throw+1"],"picked":"Noxious Fumes","floor":19},{"not_picked":["Night Terror","PiercingWail","Reflex"],"picked":"SKIP","floor":22},{"not_picked":["Flying Knee+1","Caltrops"],"picked":"Leg Sweep","floor":24},{"not_picked":["Calculated Gamble","Deflect"],"picked":"Crippling Poison","floor":27},{"not_picked":["Deadly Poison","Flying Knee"],"picked":"Escape Plan","floor":28},{"not_picked":["Acrobatics","Quick Slash","Slice"],"picked":"SKIP","floor":31}],"player_experience":1016076,"relics_obtained":[{"floor":4,"key":"Pear"},{"floor":9,"key":"Boot"},{"floor":13,"key":"MawBank"},{"floor":24,"key":"Tiny Chest"},{"floor":26,"key":"Darkstone Periapt"}],"event_choices":[{"cards_removed":["Strike_G"],"damage_healed":0,"gold_gain":0,"player_choice":"Forget","damage_taken":0,"max_hp_gain":0,"max_hp_loss":0,"event_name":"Living Wall","floor":12,"gold_loss":0},{"damage_healed":0,"gold_gain":75,"player_choice":"Gather Gold","damage_taken":11,"max_hp_gain":0,"max_hp_loss":0,"event_name":"World of Goop","floor":14,"gold_loss":0},{"damage_healed":0,"gold_gain":0,"player_choice":"Trade","damage_taken":0,"relics_obtained":["FaceOfCleric"],"max_hp_gain":0,"max_hp_loss":0,"event_name":"FaceTrader","floor":20,"gold_loss":0},{"damage_healed":0,"gold_gain":0,"player_choice":"Ignored","damage_taken":0,"max_hp_gain":0,"max_hp_loss":0,"event_name":"Ghosts","floor":29,"gold_loss":0}],"is_beta":false,"boss_relics":[{"not_picked":["Ectoplasm","WristBlade"],"picked":"Empty Cage"}],"items_purged_floors":[3,21],"is_endless":false,"potions_floor_spawned":[2,11,19,22],"killed_by":"Collector","ascension_level":1}}