{"host":"l60rmjjsfi0fipmi","time":1609722537,"event":{"mods":["BaseMod","Colored Map","DeckTracker","Highlight Path","Minty Spire (QoL Compilation)"],"gold_per_floor":[110,127,141,216,29,29,58,58,58,88,99,49,49,124,124,124,124],"floor_reached":16,"playtime":1189,"items_purged":["Strike_P"],"score":108,"play_id":"032f3a37-a05d-49ef-aaaf-08429dc85bfd","local_time":"20210103200857","is_ascension_mode":false,"campfire_choices":[{"data":"Wallop","floor":6,"key":"SMITH"},{"floor":8,"key":"REST"},{"floor":13,"key":"REST"},{"floor":15,"key":"REST"}],"circlet_count":0,"master_deck":["Strike_P","Strike_P","Strike_P","Defend_P","Defend_P","Defend_P","Defend_P","Eruption","Vigilance","EmptyMind","Conclude","CrushJoints","Crescendo","Wallop+1","Meditate","Wish","Study","ClearTheMind","Consecrate"],"relics":["PureWater","FossilizedHelix","Matryoshka","PreservedInsect"],"acts_visited":["Exordium"],"potions_floor_usage":[16,16],"damage_taken":[{"damage":12,"enemies":"Cultist","floor":1,"turns":5},{"damage":0,"enemies":"2 Louse","floor":2,"turns":1},{"damage":0,"enemies":"Small Slimes","floor":3,"turns":2},{"damage":33,"enemies":"Lagavulin","floor":7,"turns":8},{"damage":12,"enemies":"3 Sentries","floor":10,"turns":9},{"damage":0,"enemies":"Blue Slaver","floor":11,"turns":5},{"damage":60,"enemies":"Hexaghost","floor":16,"turns":13}],"seed_played":"-6618853796863467926","potions_obtained":[{"floor":1,"key":"Dexterity Potion"},{"floor":2,"key":"EssenceOfSteel"},{"floor":11,"key":"Explosive Potion"}],"is_trial":false,"path_per_floor":["M","M","M","?","$","R","E","R","T","E","M","$","R","?","R","B"],"character_chosen":"WATCHER","items_purchased":["Wallop","Meditate","Consecrate"],"campfire_rested":3,"item_purchase_floors":[5,5,12],"current_hp_per_floor":[60,60,60,53,53,53,20,41,41,29,29,29,50,39,60,0,0],"gold":124,"neow_bonus":"THREE_CARDS","is_daily":false,"chose_seed":false,"campfire_upgraded":1,"win_rate":0.0,"timestamp":1609722537,"path_taken":["M","M","M","?","$","R","E","R","T","E","?","$","R","?","R","BOSS"],"items_purchased_type":["Card","Card","Card"],"build_version":"2020-12-22","purchased_purges":1,"victory":false,"max_hp_per_floor":[72,72,72,72,72,72,72,72,72,72,72,72,72,72,72,72,72],"card_choices":[{"not_picked":["FlyingSleeves","ForeignInfluence"],"picked":"EmptyMind","floor":0},{"not_picked":["Indignation","Fasting2"],"picked":"Conclude","floor":1},{"not_picked":["ThirdEye","Evaluate"],"picked":"CrushJoints","floor":2},{"not_picked":["Prostrate","JustLucky"],"picked":"Crescendo","floor":3},{"not_picked":["Weave","Evaluate"],"picked":"Wish","floor":7},{"not_picked":["EmptyFist","Evaluate"],"picked":"Study","floor":10},{"not_picked":["SashWhip","ForeignInfluence"],"picked":"ClearTheMind","floor":11}],"player_experience":222037,"relics_obtained":[{"floor":7,"key":"FossilizedHelix"},{"floor":9,"key":"Matryoshka"},{"floor":10,"key":"PreservedInsect"}],"event_choices":[{"damage_healed":0,"gold_gain":75,"player_choice":"Touch","damage_taken":7,"max_hp_gain":0,"max_hp_loss":0,"event_name":"FaceTrader","floor":4,"gold_loss":0},{"damage_healed":0,"gold_gain":75,"player_choice":"Gather Gold","damage_taken":11,"max_hp_gain":0,"max_hp_loss":0,"event_name":"World of Goop","floor":14,"gold_loss":0}],"is_beta":false,"boss_relics":[],"items_purged_floors":[5],"is_endless":false,"potions_floor_spawned":[1,2,11],"killed_by":"Hexaghost","ascension_level":0}}