{"host":"nkolxg4se00n20yf","time":1609765259,"event":{"mods":["BaseMod","CatGirl Mod","Chen","Colored Map","Colored Powertips","Downfall","Friendly Minions","Infinite Spire","Kiyohime????","Marisa????????","Minty Spire (QoL Compilation)","StSLib","Td1madao Mod","The Administrix","The Cursed","The Exalted","The Hierophant","The Servant 0.9.4"],"gold_per_floor":[115,132,132,132,148,181,181,213,285,117,117,117,117,135,135,135,135],"floor_reached":16,"playtime":570,"items_purged":[],"score":205,"play_id":"0a4619ab-d29d-4c2d-9ae1-9a724eb82eaf","local_time":"20210104140059","is_ascension_mode":true,"campfire_choices":[{"floor":7,"key":"REST"},{"data":"Neutralize","floor":7,"key":"SMITH"},{"floor":15,"key":"REST"},{"data":"infinitespire:TheBestDefense","floor":15,"key":"SMITH"}],"circlet_count":0,"master_deck":["AscendersBane","Strike_G","Strike_G","Strike_G","Strike_G","Strike_G","Defend_G","Defend_G","Defend_G","Defend_G","Defend_G","Survivor","Neutralize+1","Slice","Dagger Throw","Dagger Spray","Footwork","Deadly Poison","Predator","Pain","Regret","infinitespire:TheBestDefense+1","Heel Hook","Grand Finale"],"relics":["Bromod:ArcaneBarrier","infinitespire:Magic Flask","Dream Catcher","Pen Nib","infinitespire:ShieldingShard","HandDrill"],"acts_visited":["Exordium"],"potions_floor_usage":[8,14],"damage_taken":[{"damage":4,"enemies":"Small Slimes","floor":1,"turns":5},{"damage":6,"enemies":"Jaw Worm","floor":2,"turns":5},{"damage":0,"enemies":"Cultist","floor":5,"turns":4},{"damage":37,"enemies":"3 Sentries","floor":6,"turns":11},{"damage":19,"enemies":"Lagavulin","floor":8,"turns":8},{"damage":0,"enemies":"3 Louse","floor":14,"turns":3},{"damage":34,"enemies":"Slime Boss","floor":16,"turns":4}],"seed_played":"5743461394335748725","potions_obtained":[{"floor":6,"key":"BlessingOfTheForge"},{"floor":8,"key":"GamblersBrew"}],"is_trial":false,"path_per_floor":["M","M","?","?","M","E","R","E","T","$","?","?","$","M","R","B"],"character_chosen":"THE_SILENT","items_purchased":["HandDrill"],"campfire_rested":2,"item_purchase_floors":[10],"current_hp_per_floor":[55,49,49,49,49,12,31,12,12,12,12,12,12,12,31,0,0],"gold":135,"neow_bonus":"BOSS_RELIC","is_daily":false,"chose_seed":false,"campfire_upgraded":2,"win_rate":0.0,"timestamp":1609765259,"path_taken":["M","M","?","?","?","E","R","E","T","$","?","?","?","M","R","BOSS"],"items_purchased_type":["Relic"],"build_version":"2020-12-22","purchased_purges":0,"victory":false,"max_hp_per_floor":[66,66,66,66,66,66,66,66,66,66,66,66,66,66,66,66,66],"card_choices":[{"not_picked":["Acrobatics","Escape Plan"],"picked":"Slice","floor":1},{"not_picked":["Acrobatics","Prepared"],"picked":"Dagger Throw","floor":2},{"not_picked":["Concentrate","Sucker Punch"],"picked":"Dagger Spray","floor":5},{"not_picked":["Eviscerate","Storm of Steel"],"picked":"Footwork","floor":6},{"not_picked":["Prepared","Dodge and Roll"],"picked":"Deadly Poison","floor":7},{"not_picked":["Poisoned Stab","Underhanded Strike"],"picked":"Predator","floor":8},{"not_picked":["infinitespire:SevenWalls","infinitespire:Collect"],"picked":"infinitespire:TheBestDefense","floor":11},{"not_picked":["Blade Dance","Dagger Spray"],"picked":"Heel Hook","floor":14},{"not_picked":["Poisoned Stab","Dodge and Roll"],"picked":"Grand Finale","floor":15}],"player_experience":1082260,"relics_obtained":[{"floor":4,"key":"infinitespire:Magic Flask"},{"floor":6,"key":"Dream Catcher"},{"floor":8,"key":"Pen Nib"},{"floor":9,"key":"infinitespire:ShieldingShard"}],"event_choices":[{"damage_healed":0,"gold_gain":0,"player_choice":"Ignored","damage_taken":0,"max_hp_gain":0,"max_hp_loss":0,"event_name":"Golden Wing","floor":3,"gold_loss":0},{"damage_healed":0,"gold_gain":0,"player_choice":"Fled","damage_taken":0,"max_hp_gain":0,"max_hp_loss":0,"event_name":"Scrap Ooze","floor":12,"gold_loss":0}],"is_beta":false,"boss_relics":[],"items_purged_floors":[],"is_endless":false,"potions_floor_spawned":[6,8],"killed_by":"Slime Boss","ascension_level":18}}