{"host":"59wnhi65kiwmnpg4","time":1609757788,"event":{"mods":["2.2 Compatiblity","AchievementEnabler","Act Like it!","BaseMod","BetterRewards","Challenge The Spire","Colored Map","Disable Question Mark Monsters","Hallownest","Minty Spire (QoL Compilation)","Relic Stats","StSLib"],"gold_per_floor":[117,117,7,7,0,0,0,0],"floor_reached":7,"playtime":203,"items_purged":[],"score":74,"play_id":"6659f8f8-f171-405d-9bcb-85dd1050fa0d","local_time":"20210104105628","daily_mods":["challengethespire:Bronze Difficulty"],"is_ascension_mode":true,"campfire_choices":[{"data":"Twin Strike","floor":6,"key":"SMITH"}],"circlet_count":0,"master_deck":["AscendersBane","Strike_R","Strike_R","Strike_R","Strike_R","Strike_R","Defend_R+1","Defend_R","Defend_R","Defend_R","Bash","Twin Strike+1","Anger","Flame Barrier+1"],"relics":["Burning Blood","Golden Idol"],"acts_visited":["Exordium"],"potions_floor_usage":[],"damage_taken":[{"damage":10,"enemies":"Small Slimes","floor":1,"turns":4},{"damage":32,"enemies":"3 Sentries","floor":7,"turns":7}],"seed_played":"-5703763223593504026","potions_obtained":[],"is_trial":true,"path_per_floor":["M","?","$","?","?","R","E"],"character_chosen":"IRONCLAD","items_purchased":["Anger","Flame Barrier"],"campfire_rested":0,"item_purchase_floors":[3,3],"current_hp_per_floor":[64,64,64,44,44,44,12,12],"gold":0,"neow_bonus":"","is_daily":false,"chose_seed":false,"campfire_upgraded":1,"win_rate":0.0,"timestamp":1609757788,"path_taken":["M","?","$","?","?","R","E"],"items_purchased_type":["Card","Card"],"build_version":"2020-12-22","purchased_purges":0,"victory":false,"max_hp_per_floor":[75,68,68,68,68,68,68,68],"relic_stats":{"counters":[2,11],"Golden Idol":0,"obtain_stats":[{"Golden Idol":2,"Burning Blood":0},{"Golden Idol":1,"Burning Blood":0},{"Golden Idol":4,"Burning Blood":0}],"Burning Blood":6},"card_choices":[{"not_picked":["Armaments","Power Through"],"picked":"Twin Strike","floor":1}],"player_experience":806729,"relics_obtained":[],"event_choices":[{"damage_healed":0,"gold_gain":0,"player_choice":"Lose Max HP","damage_taken":0,"relics_obtained":["Golden Idol"],"max_hp_gain":0,"max_hp_loss":7,"event_name":"Golden Idol","floor":2,"gold_loss":0},{"damage_healed":0,"gold_gain":0,"player_choice":"Entered Light","damage_taken":20,"max_hp_gain":0,"max_hp_loss":0,"event_name":"Shining Light","floor":4,"gold_loss":0,"cards_upgraded":["Flame Barrier","Defend_R"]},{"damage_healed":0,"gold_gain":0,"player_choice":"Left Gold","damage_taken":0,"max_hp_gain":0,"max_hp_loss":0,"event_name":"World of Goop","floor":5,"gold_loss":7}],"is_beta":false,"boss_relics":[],"items_purged_floors":[],"is_endless":false,"potions_floor_spawned":[],"killed_by":"3 Sentries","ascension_level":20}}