{"host":"640uue19m79c7wbt","time":1609802728,"event":{"mods":["BaseMod","Colored Map","Googly Eyes","Highlight Path","Minty Spire (QoL Compilation)","Quick Restart","StSLib"],"gold_per_floor":[109,184,203,203,29,54,354,368,368,393,403,403,429,444,444,444,444],"floor_reached":16,"playtime":457,"items_purged":["Strike_G"],"score":203,"play_id":"c1bda16e-4684-4da3-a6c5-1fe55f908b67","local_time":"20210104182528","is_ascension_mode":true,"campfire_choices":[{"floor":12,"key":"REST"},{"floor":15,"key":"REST"}],"circlet_count":0,"master_deck":["Strike_G","Strike_G","Strike_G","Strike_G","Defend_G","Defend_G","Defend_G","Defend_G","Defend_G","Survivor","Neutralize","Acrobatics","Riddle With Holes+1","Bouncing Flask","Dagger Spray","Concentrate","Accuracy","Die Die Die","Terror+1","Backflip+1"],"relics":["Ring of the Snake","NeowsBlessing","Mercury Hourglass","Old Coin","Matryoshka","Torii","Toxic Egg 2"],"acts_visited":["Exordium"],"potions_floor_usage":[10,10,13],"damage_taken":[{"damage":0.0,"enemies":"2 Louse","floor":1.0,"turns":1.0},{"damage":0.0,"enemies":"Small Slimes","floor":3.0,"turns":1.0},{"damage":0,"enemies":"3 Sentries","floor":6,"turns":1},{"damage":4,"enemies":"Jaw Worm","floor":8,"turns":3},{"damage":25,"enemies":"Lagavulin","floor":10,"turns":6},{"damage":6,"enemies":"Red Slaver","floor":11,"turns":2},{"damage":16,"enemies":"Gremlin Nob","floor":13,"turns":3},{"damage":0,"enemies":"Large Slime","floor":14,"turns":3},{"damage":25,"enemies":"Slime Boss","floor":16,"turns":6}],"seed_played":"-2469941050664342039","potions_obtained":[{"floor":6,"key":"Dexterity Potion"},{"floor":8,"key":"BlessingOfTheForge"},{"floor":11,"key":"Fire Potion"}],"is_trial":false,"path_per_floor":["M","?","M","?","$","E","T","M","T","E","M","R","E","M","R","B"],"character_chosen":"THE_SILENT","items_purchased":["Bouncing Flask","Dagger Spray"],"campfire_rested":2,"item_purchase_floors":[5,5],"current_hp_per_floor":[63,52,52,52,52,52,52,48,48,23,17,38,22,22,43,18,18],"gold":444,"neow_bonus":"THREE_ENEMY_KILL","is_daily":false,"chose_seed":false,"campfire_upgraded":0,"win_rate":0.0,"timestamp":1609802728,"path_taken":["M","?","M","?","$","E","?","M","T","E","?","R","E","M","R","BOSS"],"items_purchased_type":["Card","Card"],"build_version":"2020-12-22","purchased_purges":1,"victory":false,"max_hp_per_floor":[70,70,70,70,70,70,70,70,70,70,70,70,70,70,70,70,70],"card_choices":[{"not_picked":["Prepared","Quick Slash"],"picked":"Acrobatics","floor":1.0},{"not_picked":["Sucker Punch","Expertise"],"picked":"Riddle With Holes","floor":3.0},{"not_picked":["Riddle With Holes","PiercingWail"],"picked":"Concentrate","floor":6},{"not_picked":["Poisoned Stab","Sucker Punch"],"picked":"Accuracy","floor":8},{"not_picked":["Outmaneuver","Flechettes","Deadly Poison"],"picked":"SKIP","floor":10},{"not_picked":["Calculated Gamble","Distraction"],"picked":"Die Die Die","floor":11},{"not_picked":["Riddle With Holes","A Thousand Cuts"],"picked":"Terror+1","floor":13},{"not_picked":["Sucker Punch","Poisoned Stab"],"picked":"Backflip+1","floor":14}],"player_experience":571374,"relics_obtained":[{"floor":6,"key":"Mercury Hourglass"},{"floor":7,"key":"Old Coin"},{"floor":9,"key":"Matryoshka"},{"floor":10,"key":"Torii"},{"floor":13,"key":"Toxic Egg 2"}],"event_choices":[{"damage_healed":0.0,"max_hp_gain":0.0,"max_hp_loss":0.0,"gold_gain":75.0,"event_name":"World of Goop","player_choice":"Gather Gold","floor":2.0,"gold_loss":0.0,"damage_taken":11.0},{"damage_healed":0,"gold_gain":0,"player_choice":"Grow","damage_taken":0,"max_hp_gain":0,"max_hp_loss":0,"event_name":"Living Wall","floor":4,"gold_loss":0,"cards_upgraded":["Riddle With Holes"]}],"is_beta":false,"boss_relics":[],"items_purged_floors":[5],"is_endless":false,"potions_floor_spawned":[6,8,11],"killed_by":"Slime Boss","ascension_level":8}}