{"host":"q9718omregw4er46","time":1609764949,"event":{"mods":["BaseMod","Bestiary","Colored Powertips","Minty Spire (QoL Compilation)","Quick Restart","Relic Stats"],"gold_per_floor":[119,135,148,49,66,66,94,94,120,131,131,165,180,195,195,274,274,288,288,298,298,298],"floor_reached":21,"playtime":590,"items_purged":["Strike_P"],"score":536,"play_id":"df8c9b88-a22a-49e0-ae02-67a94d2eb836","local_time":"20210104175549","is_ascension_mode":true,"campfire_choices":[{"data":"EmptyFist","floor":6,"key":"SMITH"},{"floor":8,"key":"REST"},{"data":"BowlingBash","floor":11,"key":"SMITH"},{"data":"ReachHeaven","floor":15,"key":"SMITH"}],"circlet_count":0,"master_deck":["AscendersBane","Strike_P","Strike_P","Strike_P","Defend_P","Defend_P","Defend_P","Defend_P","Eruption","Vigilance","Scrawl","EmptyFist+1","DeceiveReality","ReachHeaven+1","FlurryOfBlows","Wireheading","BowlingBash+1","Adaptation","Halt","LessonLearned"],"relics":["PureWater","Blood Vial","Vajra","Bronze Scales","Fusion Hammer"],"acts_visited":["Exordium","TheCity"],"potions_floor_usage":[7],"damage_taken":[{"damage":0,"enemies":"Cultist","floor":1,"turns":2},{"damage":3,"enemies":"Small Slimes","floor":2,"turns":4},{"damage":7,"enemies":"2 Louse","floor":3,"turns":2},{"damage":0,"enemies":"Looter","floor":5,"turns":3},{"damage":12,"enemies":"3 Sentries","floor":7,"turns":4},{"damage":8,"enemies":"Exordium Wildlife","floor":10,"turns":2},{"damage":0,"enemies":"Lagavulin","floor":12,"turns":3},{"damage":0,"enemies":"Large Slime","floor":13,"turns":2},{"damage":17,"enemies":"Looter","floor":14,"turns":2},{"damage":0,"enemies":"Slime Boss","floor":16,"turns":4},{"damage":2,"enemies":"Chosen","floor":18,"turns":5},{"damage":13,"enemies":"3 Byrds","floor":20,"turns":4},{"damage":54,"enemies":"Shelled Parasite and Fungi","floor":21,"turns":3}],"seed_played":"1692700480535682421","potions_obtained":[{"floor":1,"key":"PowerPotion"},{"floor":2,"key":"SmokeBomb"},{"floor":10,"key":"Energy Potion"},{"floor":20,"key":"DuplicationPotion"}],"is_trial":false,"path_per_floor":["M","M","M","$","M","R","E","R","T","M","R","E","M","M","R","B",null,"M","?","M","M"],"character_chosen":"WATCHER","items_purchased":["FlurryOfBlows"],"campfire_rested":1,"item_purchase_floors":[4],"current_hp_per_floor":[43,40,33,33,33,33,21,41,41,35,35,37,39,24,24,26,58,58,58,47,0,0],"gold":298,"neow_bonus":"THREE_RARE_CARDS","is_daily":false,"chose_seed":false,"campfire_upgraded":3,"win_rate":0.0,"timestamp":1609764949,"path_taken":["M","?","M","$","M","R","E","R","T","M","R","E","M","M","R","BOSS","M","?","M","M"],"items_purchased_type":["Card"],"build_version":"2020-12-22","purchased_purges":1,"victory":false,"max_hp_per_floor":[68,68,68,68,68,68,68,68,68,68,68,68,68,68,68,68,68,68,68,68,68,68],"relic_stats":{"Blood Vial":16,"counters":[13,40],"Bronze Scales":[64],"obtain_stats":[{"Blood Vial":7,"Bronze Scales":12,"Vajra":9,"Fusion Hammer":17,"PureWater":0},{"Blood Vial":5,"Bronze Scales":7,"Vajra":5,"Fusion Hammer":10,"PureWater":0},{"Blood Vial":15,"Bronze Scales":20,"Vajra":15,"Fusion Hammer":28,"PureWater":0}]},"card_choices":[{"not_picked":["Vault","Ragnarok"],"picked":"Scrawl","floor":0},{"not_picked":["Swivel","Consecrate"],"picked":"EmptyFist","floor":1},{"not_picked":["Pray","EmptyFist"],"picked":"DeceiveReality","floor":2},{"not_picked":["CarveReality","Consecrate"],"picked":"ReachHeaven","floor":3},{"not_picked":["SashWhip","Collect"],"picked":"Wireheading","floor":5},{"not_picked":["BattleHymn","SashWhip"],"picked":"BowlingBash","floor":7},{"not_picked":["PathToVictory","FlyingSleeves","CutThroughFate"],"picked":"SKIP","floor":10},{"not_picked":["DeceiveReality","Evaluate"],"picked":"Adaptation","floor":12},{"not_picked":["FlyingSleeves","ThirdEye","ClearTheMind"],"picked":"SKIP","floor":13},{"not_picked":["WheelKick","Adaptation"],"picked":"Halt","floor":14},{"not_picked":["Omniscience","ConjureBlade"],"picked":"LessonLearned","floor":16},{"not_picked":["EmptyBody+1","Prostrate","Crescendo"],"picked":"SKIP","floor":18},{"not_picked":["Wireheading","MasterReality","JustLucky"],"picked":"SKIP","floor":20}],"player_experience":1167167,"relics_obtained":[{"floor":7,"key":"Blood Vial"},{"floor":9,"key":"Vajra"},{"floor":12,"key":"Bronze Scales"}],"event_choices":[{"damage_healed":0,"gold_gain":0,"player_choice":"0 cards matched","damage_taken":0,"max_hp_gain":0,"max_hp_loss":0,"event_name":"Match and Keep!","floor":19,"gold_loss":0,"cards_obtained":[]}],"is_beta":false,"boss_relics":[{"not_picked":["Philosopher\u0027s Stone","Black Star"],"picked":"Fusion Hammer"}],"items_purged_floors":[4],"is_endless":false,"potions_floor_spawned":[1,2,10,20],"killed_by":"Shelled Parasite and Fungi","ascension_level":20}}