{"host":"hxmfoq77054plnuw","time":1609767626,"event":{"mods":["BaseMod","Colored Map","Colored Powertips","Downfall","Highlight Path","Minty Spire (QoL Compilation)","Quick Restart","Replay The Spire","Shop Mod","StSLib","SuperFastMode","[功能]功能增强和修复MOD","vexMod","【遗物卡牌】REMEMod","篝火指南"],"gold_per_floor":[99,112,112,125,137,164,214,225,0,12,2,32,52,502,520,623,623,623,635,651,665,426,526,526,558,108,108,126,126,126,29,40,141,141,42,60,80,96,107,122,122,139,164,178,193,193,135,163,177,177],"floor_reached":51,"playtime":3726,"items_purged":["Guardian:Strike_Guardian","Guardian:Strike_Guardian","Slimebound:Icky","Slimebound:Icky","Slimebound:Icky","Guardian:Strike_Guardian","Guardian:Strike_Guardian","Guardian:Strike_Guardian","Guardian:Defend_Guardian","Guardian:Defend_Guardian","Guardian:Suspension","Guardian:Planning","Guardian:Defend_Guardian","Guardian:Defend_Guardian","Guardian:CurlUp","Guardian:FloatingOrbs","Guardian:SpikerProtocol","Guardian:Preprogram","Looming Evil"],"score":767,"play_id":"874038f5-97ba-4a83-a904-25580f739d52","local_time":"20210104144026","is_ascension_mode":false,"campfire_choices":[{"floor":1,"key":"RECALL"},{"data":"Guardian:Harden","floor":9,"key":"SMITH"},{"floor":18,"key":"DIG"},{"data":"Guardian:Harden","floor":30,"key":"SMITH"}],"circlet_count":0,"master_deck":["Guardian:TwinSlam","Guardian:RollAttack","Guardian:GatlingBeam","Guardian:Harden+1","Guardian:PrimingBeam","Guardian:Harden+1","Guardian:GemFinder+1","Guardian:Orbwalk+1","Guardian:GatlingBeam+1","REME_Flogging","Guardian:ShieldCharger","Guardian:PrismaticBarrier+1","Guardian:AncientConstruct+1","Guardian:Gem_Green","Guardian:SphericShield","Guardian:Harden","Guardian:Suspension+1","Guardian:TimeCapacitor+1","Guardian:Suspension+1","Guardian:VentSteam+1","Guardian:PrismaticBeam","Guardian:CrystalBeam","Guardian:Gem_Red","Guardian:MultiBeam+1"],"relics":["REME_ComplimentaryCards","vexMod:CursedCompass","Ice Cream","downfall:HeartBlessingRed","downfall:HeartBlessingBlue","downfall:HeartBlessingGreen","CaptainsWheel","REME_DuelDisc","Mango","Guardian:DefensiveModeMoreBlock","Replay:Wax Seal","ClockworkSouvenir","Darkstone Periapt","Pantograph","vexMod:ImprovementManual","Bag of Marbles","Bronze Scales","ReplayTheSpireMod:Ring of Challenge","Ring of Searing","Omamori"],"acts_visited":["Exordium","TheCity","TheBeyond"],"potions_floor_usage":[6],"damage_taken":[{"damage":0,"enemies":"Small Slimes","floor":2,"turns":3},{"damage":0,"enemies":"Cultist","floor":4,"turns":4},{"damage":5,"enemies":"Jaw Worm","floor":5,"turns":3},{"damage":20,"enemies":"Lagavulin","floor":6,"turns":7},{"damage":13,"enemies":"3 Louse","floor":8,"turns":3},{"damage":0,"enemies":"Exordium Thugs","floor":10,"turns":3},{"damage":6,"enemies":"3 Sentries","floor":12,"turns":5},{"damage":0,"enemies":"2 Fungi Beasts","floor":13,"turns":3},{"damage":0,"enemies":"Blue Slaver","floor":15,"turns":3},{"damage":34,"enemies":"downfall:Silent","floor":16,"turns":10},{"damage":2,"enemies":"Shell Parasite","floor":19,"turns":5},{"damage":0,"enemies":"Spheric Guardian","floor":20,"turns":4},{"damage":0,"enemies":"Snake Plant","floor":21,"turns":5},{"damage":0,"enemies":"downfall:FleeingMerchant","floor":22,"turns":4},{"damage":0,"enemies":"REME_1_Revenger","floor":25,"turns":4},{"damage":0,"enemies":"Centurion and Healer","floor":28,"turns":5},{"damage":0,"enemies":"downfall:FleeingMerchant","floor":31,"turns":4},{"damage":0,"enemies":"Cultist and Chosen","floor":32,"turns":4},{"damage":20,"enemies":"downfall:Watcher","floor":33,"turns":8},{"damage":10,"enemies":"3 Shapes","floor":36,"turns":4},{"damage":0,"enemies":"Orb Walker","floor":37,"turns":3},{"damage":0,"enemies":"Spire Growth","floor":38,"turns":5},{"damage":9,"enemies":"Sphere and 2 Shapes","floor":39,"turns":5},{"damage":0,"enemies":"Maw","floor":40,"turns":8},{"damage":12,"enemies":"Jaw Worm Horde","floor":42,"turns":4},{"damage":14,"enemies":"3 Darklings","floor":44,"turns":5},{"damage":0,"enemies":"Transient","floor":45,"turns":5},{"damage":30,"enemies":"Reptomancer","floor":48,"turns":5},{"damage":5,"enemies":"4 Shapes","floor":49,"turns":3},{"damage":39,"enemies":"downfall:Ironclad","floor":50,"turns":10}],"seed_played":"-3539333771617970056","potions_obtained":[{"floor":4,"key":"hexamod:EctoCoolerPotion"},{"floor":6,"key":"champ:CounterPotion"},{"floor":8,"key":"Fire Potion"},{"floor":13,"key":"Ancient Potion"},{"floor":38,"key":"CultistPotion"},{"floor":39,"key":"SteroidPotion"},{"floor":45,"key":"EntropicBrew"}],"is_trial":false,"path_per_floor":["R","M","?","M","M","E","T","M","R","M","R","E","M","?","M","B",null,"R_BF","M","M","M","$","?","T","E","R","T","M","?","R","$","M","B",null,"R_BF","M","M","M","M","M","T","M","?","M","M","?","R","E","M","B",null],"character_chosen":"GUARDIAN","items_purchased":["REME_Flogging","Guardian:ShieldCharger","ClockworkSouvenir","Darkstone Periapt","Guardian:AncientConstruct","Guardian:Harden","Guardian:CrystalBeam"],"campfire_rested":0,"item_purchase_floors":[22,26,26,26,31,35,47],"current_hp_per_floor":[80,80,80,80,75,55,55,42,52,52,52,46,46,46,46,12,90,104,102,102,102,102,102,102,102,102,102,102,102,102,102,102,84,104,104,94,94,94,85,85,85,73,73,59,59,65,65,35,30,16],"gold":177,"neow_bonus":"BOSS_RELIC","is_daily":false,"chose_seed":false,"campfire_upgraded":2,"win_rate":0.0,"timestamp":1609767626,"path_taken":["R","M","?","M","M","E","T","M","R","?","R","E","M","?","M","BOSS","R_BF","M","M","M","$","?","T","E","R","?","M","?","R","?","M","BOSS","R_BF","M","M","M","M","M","T","M","?","M","M","?","R","E","M","BOSS"],"items_purchased_type":["Card","Card","Relic","Relic","Card","Card","Card"],"build_version":"2020-12-22","purchased_purges":19,"victory":true,"max_hp_per_floor":[80,80,80,80,80,80,80,80,90,90,90,90,90,90,90,90,90,104,104,104,104,104,104,104,104,104,104,104,104,104,104,104,104,104,104,104,104,104,104,104,104,104,104,104,104,110,110,110,110,110],"card_choices":[{"not_picked":["Guardian:Orbwalk","Guardian:Gem_Fragmented"],"picked":"Guardian:RollAttack","floor":2},{"not_picked":["Guardian:Gem_Lightblue","Guardian:TemporalShield"],"picked":"Guardian:FloatingOrbs","floor":4},{"not_picked":["Guardian:WalkerClaw","Guardian:ShieldCharger"],"picked":"Guardian:Gem_White","floor":5},{"not_picked":["Guardian:WalkerClaw","Guardian:Gem_Crimson"],"picked":"Guardian:GatlingBeam","floor":6},{"not_picked":["Guardian:TimeCapacitor","Guardian:Reroute"],"picked":"Guardian:Harden","floor":8},{"not_picked":["Guardian:VentSteam","Guardian:ShieldSpikes"],"picked":"Guardian:PrimingBeam","floor":10},{"not_picked":["Guardian:ArmoredProtocol","Guardian:TemporalStrike"],"picked":"Guardian:Preprogram","floor":12},{"not_picked":["Guardian:Orbwalk","Guardian:ExploitGems"],"picked":"Guardian:Harden","floor":13},{"not_picked":["Guardian:CrystalBeam","Guardian:Gem_Yellow"],"picked":"Guardian:SpikerProtocol","floor":15},{"not_picked":["Guardian:TimeSifter","Guardian:FastForward"],"picked":"Guardian:GemFinder","floor":16},{"not_picked":["Guardian:Gem_Lightblue","Guardian:Gem_Red"],"picked":"Guardian:Gem_Cyan","floor":19},{"not_picked":["Guardian:TemporalShield","Guardian:BronzeOrb"],"picked":"Guardian:Suspension","floor":19},{"not_picked":["Guardian:Gem_Cyan","Guardian:Gem_Red"],"picked":"Guardian:Gem_Green","floor":20},{"not_picked":["Guardian:TemporalShield+1","Guardian:Recover"],"picked":"Guardian:Orbwalk","floor":20},{"not_picked":["Guardian:Gem_Cyan","Guardian:Gem_Lightblue"],"picked":"Guardian:Gem_Red","floor":21},{"not_picked":["Guardian:Reroute","Guardian:Clone+1","Guardian:BronzeOrb"],"picked":"SKIP","floor":21},{"not_picked":["Guardian:FloatingOrbs+1","Guardian:SpikerProtocol+1"],"picked":"Guardian:GatlingBeam","floor":22},{"not_picked":["Guardian:Gem_Red","Guardian:Gem_Lightblue"],"picked":"Guardian:Gem_Green","floor":25},{"not_picked":["Guardian:Gem_Lightblue","Guardian:Gem_Green"],"picked":"Guardian:Planning","floor":25},{"not_picked":["Guardian:ChargeCore","Guardian:FuturePlans"],"picked":"Guardian:Gem_White","floor":28},{"not_picked":["Guardian:Planning","Guardian:PolyBeam","Guardian:TemporalStrike"],"picked":"SKIP","floor":31},{"not_picked":["Guardian:Gem_Cyan","Guardian:Gem_Red"],"picked":"Guardian:Gem_Green","floor":32},{"not_picked":["Guardian:WalkerClaw+1","Guardian:StasisStrike"],"picked":"Guardian:Gem_Green","floor":32},{"not_picked":["Guardian:Gem_Red","Guardian:Gem_Lightblue"],"picked":"Guardian:Gem_Green","floor":33},{"not_picked":["Guardian:GemFire","Guardian:StasisEngine"],"picked":"Guardian:SphericShield","floor":33},{"not_picked":["Guardian:Gem_Red","Guardian:VentSteam+1"],"picked":"Guardian:Suspension+1","floor":36},{"not_picked":["Guardian:PrimingBeam","Guardian:FierceBash"],"picked":"Guardian:TimeCapacitor+1","floor":37},{"not_picked":["Guardian:GuardianWhirl+1","Guardian:Reroute+1","Guardian:MultiBeam+1"],"picked":"SKIP","floor":38},{"not_picked":["Guardian:Recover+1","Guardian:ShieldCharger+1"],"picked":"Guardian:Suspension+1","floor":39},{"not_picked":["Guardian:TemporalStrike","Guardian:Incinerate+1"],"picked":"Guardian:VentSteam+1","floor":40},{"not_picked":["Guardian:Gem_Lightblue","Guardian:Gem_Cyan"],"picked":"Guardian:Gem_Green","floor":40},{"not_picked":["Guardian:Gem_Red","Guardian:Gem_Cyan"],"picked":"Guardian:Gem_Green","floor":42},{"not_picked":["Guardian:Gem_Fragmented","Guardian:PiercingHide"],"picked":"Guardian:PrismaticBeam","floor":42},{"not_picked":["Guardian:Gem_Lightblue","Guardian:Gem_Cyan"],"picked":"Guardian:Gem_Red","floor":44},{"not_picked":["Guardian:Planning","Guardian:TimeCapacitor+1","Guardian:PiercingHide"],"picked":"SKIP","floor":44},{"not_picked":["Guardian:Gem_Cyan","Guardian:Gem_Lightblue"],"picked":"Guardian:Gem_Red","floor":45},{"not_picked":["Guardian:Reroute","Guardian:Gem_Fragmented"],"picked":"Guardian:Gem_Orange","floor":45},{"not_picked":["Guardian:Gem_Lightblue","Guardian:Gem_Cyan"],"picked":"Guardian:Gem_Red","floor":48},{"not_picked":["Guardian:SentryBeam+1","Guardian:Planning"],"picked":"Guardian:MultiBeam+1","floor":48},{"not_picked":["Guardian:Gem_Lightblue","Guardian:Suspension","Guardian:Gem_Red"],"picked":"SKIP","floor":49}],"player_experience":286773,"relics_obtained":[{"floor":6,"key":"Ice Cream"},{"floor":12,"key":"CaptainsWheel"},{"floor":18,"key":"Mango"},{"floor":24,"key":"Guardian:DefensiveModeMoreBlock"},{"floor":25,"key":"Replay:Wax Seal"},{"floor":27,"key":"Pantograph"},{"floor":41,"key":"Bag of Marbles"},{"floor":43,"key":"Bronze Scales"},{"floor":46,"key":"ReplayTheSpireMod:Ring of Challenge"},{"floor":46,"key":"Ring of Searing"},{"floor":48,"key":"Omamori"}],"event_choices":[{"damage_healed":0,"gold_gain":0,"player_choice":"Read","damage_taken":0,"max_hp_gain":0,"max_hp_loss":0,"event_name":"The Library","floor":29,"gold_loss":0,"cards_obtained":["Guardian:PrismaticBarrier"]}],"is_beta":false,"boss_relics":[{"not_picked":["Abe\u0027s Treasure","Replay:Grab Bag"],"picked":"REME_DuelDisc"},{"not_picked":["vexMod:MysteryBossChallenge","Replay:Wanted Poster"],"picked":"vexMod:ImprovementManual"}],"items_purged_floors":[11,11,22,22,22,22,22,22,22,22,26,31,35,35,35,35,35,47,47],"is_endless":false,"potions_floor_spawned":[4,6,8,13,15,20,21,25,32,33,38,39,45,49],"ascension_level":0}}