{"host":"ryuep8ewa00k39z9","time":1609728239,"event":{"mods":["AchievementEnabler","BaseMod","Best Route Mod","Colored Map","Colored Powertips","Displayed Cursed Tome","Highlight Path","Minty Spire (QoL Compilation)","Quick Restart","SuperFastMode"],"gold_per_floor":[15,15,15,29,29,29,48,73,73,73,104,13,27,52,52,154,154,169,169,46,46,62,62,94,110,110,110,137,151,151,151],"floor_reached":30,"playtime":6247,"items_purged":["Pain"],"score":372,"play_id":"9b28dc13-5566-4960-9262-07b897461292","local_time":"20210103204359","is_ascension_mode":true,"campfire_choices":[{"data":"Echo Form","floor":6.0,"key":"SMITH"},{"floor":15.0,"key":"REST"},{"data":"Defend_B","floor":23.0,"key":"PURGE"},{"floor":27.0,"key":"REST"}],"circlet_count":0,"master_deck":["Strike_B","Strike_B","Defend_B","Defend_B","Zap","Dualcast","Mayhem+1","Rebound","Chaos","Echo Form+1","Dark Shackles","Ball Lightning","Storm","Darkness","Lockon","Ball Lightning","Creative AI","Cold Snap+1","Thunder Strike+1","Barrage+1","Loop","Force Field+1","Capacitor","Melter","Electrodynamics","Conserve Battery"],"relics":["Cracked Core","Ginger","Du-Vu Doll","WarpedTongs","The Courier","Peace Pipe","Astrolabe","Runic Capacitor","Smiling Mask","Unceasing Top","Orichalcum"],"acts_visited":["Exordium","TheCity"],"potions_floor_usage":[],"damage_taken":[{"damage":6.0,"enemies":"Small Slimes","floor":1.0,"turns":4.0},{"damage":3.0,"enemies":"2 Louse","floor":4.0,"turns":3.0},{"damage":0.0,"enemies":"Cultist","floor":7.0,"turns":4.0},{"damage":16.0,"enemies":"Gremlin Nob","floor":8.0,"turns":3.0},{"damage":9.0,"enemies":"Lagavulin","floor":11.0,"turns":6.0},{"damage":1.0,"enemies":"Large Slime","floor":13.0,"turns":4.0},{"damage":20.0,"enemies":"Gremlin Nob","floor":14.0,"turns":4.0},{"damage":16.0,"enemies":"Hexaghost","floor":16.0,"turns":7.0},{"damage":14.0,"enemies":"3 Byrds","floor":18.0,"turns":4.0},{"damage":0.0,"enemies":"Spheric Guardian","floor":22.0,"turns":2.0},{"damage":17.0,"enemies":"Book of Stabbing","floor":24.0,"turns":4.0},{"damage":19.0,"enemies":"Snake Plant","floor":25.0,"turns":4.0},{"damage":12.0,"enemies":"Gremlin Leader","floor":28.0,"turns":6.0},{"damage":12.0,"enemies":"3 Cultists","floor":29.0,"turns":3.0},{"damage":8,"enemies":"Snecko","floor":30,"turns":4}],"seed_played":"8627951807842464793","potions_obtained":[{"floor":1.0,"key":"FocusPotion"},{"floor":11.0,"key":"DistilledChaos"},{"floor":16.0,"key":"SteroidPotion"},{"floor":19.0,"key":"EssenceOfDarkness"},{"floor":19.0,"key":"Weak Potion"},{"floor":19.0,"key":"SkillPotion"},{"floor":22.0,"key":"AttackPotion"},{"floor":24.0,"key":"Dexterity Potion"},{"floor":25.0,"key":"SteroidPotion"}],"is_trial":false,"path_per_floor":["M","?","$","M","?","R","M","E","T","?","E","$","M","E","R","B",null,"M","?","$","?","M","R","E","M","T","R","E","M","M"],"character_chosen":"DEFECT","items_purchased":["Lockon","Runic Capacitor"],"campfire_rested":2,"item_purchase_floors":[12,20],"current_hp_per_floor":[62,62,62,59,59,59,59,43,43,43,34,34,33,13,35,19,61,47,47,47,47,47,47,30,11,11,33,21,9,1,1],"gold":151,"neow_bonus":"RANDOM_COLORLESS_2","is_daily":false,"chose_seed":false,"campfire_upgraded":1,"win_rate":0.0,"timestamp":1609728239,"path_taken":["M","?","$","M","?","R","?","E","T","?","E","$","?","E","R","BOSS","M","?","?","?","M","R","E","M","T","R","E","M","M"],"items_purchased_type":["Card","Relic"],"build_version":"2020-12-22","purchased_purges":1,"victory":false,"max_hp_per_floor":[75,75,75,75,75,75,75,75,75,75,75,75,75,75,75,75,75,75,75,75,75,75,75,75,75,75,75,75,75,75,75],"card_choices":[{"not_picked":["Thinking Ahead","Violence"],"picked":"Mayhem","floor":0.0},{"not_picked":["Recycle","Sweeping Beam"],"picked":"Rebound","floor":1.0},{"not_picked":["Leap","Gash"],"picked":"Chaos","floor":4.0},{"not_picked":["Coolheaded","Hologram"],"picked":"Ball Lightning","floor":7.0},{"not_picked":["Echo Form","Fission"],"picked":"Storm","floor":8.0},{"not_picked":["Self Repair","Sweeping Beam"],"picked":"Darkness","floor":11.0},{"not_picked":["Coolheaded","Blizzard","Redo"],"picked":"SKIP","floor":13.0},{"not_picked":["Reinforced Body","Genetic Algorithm"],"picked":"Ball Lightning","floor":14.0},{"not_picked":["Rainbow","Core Surge"],"picked":"Creative AI","floor":16.0},{"not_picked":["Sweeping Beam","Beam Cell"],"picked":"Loop","floor":18.0},{"not_picked":["Conserve Battery","Turbo"],"picked":"Force Field+1","floor":22.0},{"not_picked":["Coolheaded","Reprogram"],"picked":"Capacitor","floor":24.0},{"not_picked":["Scrape","Leap"],"picked":"Melter","floor":25.0},{"not_picked":["Stack+1","Conserve Battery"],"picked":"Electrodynamics","floor":28.0},{"not_picked":["FTL","Compile Driver"],"picked":"Conserve Battery","floor":29.0}],"player_experience":3837487,"relics_obtained":[{"floor":8.0,"key":"Ginger"},{"floor":9.0,"key":"Du-Vu Doll"},{"floor":11.0,"key":"The Courier"},{"floor":14.0,"key":"Peace Pipe"},{"floor":24.0,"key":"Smiling Mask"},{"floor":26.0,"key":"Unceasing Top"},{"floor":28.0,"key":"Orichalcum"}],"event_choices":[{"damage_healed":0.0,"max_hp_gain":0.0,"max_hp_loss":0.0,"gold_gain":0.0,"event_name":"Living Wall","player_choice":"Grow","floor":2.0,"gold_loss":0.0,"damage_taken":0.0,"cards_upgraded":["Mayhem"]},{"damage_healed":0.0,"max_hp_gain":0.0,"max_hp_loss":0.0,"gold_gain":0.0,"event_name":"Match and Keep!","player_choice":"2 cards matched","floor":5.0,"gold_loss":0.0,"damage_taken":0.0,"cards_obtained":["Echo Form","Dark Shackles"]},{"damage_healed":0.0,"max_hp_gain":0.0,"max_hp_loss":0.0,"gold_gain":0.0,"event_name":"Accursed Blacksmith","player_choice":"Rummage","floor":10.0,"gold_loss":0.0,"damage_taken":0.0,"relics_obtained":["WarpedTongs"],"cards_obtained":["Pain"]},{"damage_healed":0.0,"max_hp_gain":0.0,"max_hp_loss":0.0,"gold_gain":0.0,"event_name":"Lab","player_choice":"Got Potions","floor":19.0,"gold_loss":0.0,"damage_taken":0.0},{"damage_healed":0.0,"max_hp_gain":0.0,"max_hp_loss":0.0,"gold_gain":0.0,"event_name":"Ghosts","player_choice":"Ignored","floor":21.0,"gold_loss":0.0,"damage_taken":0.0}],"is_beta":false,"boss_relics":[{"not_picked":["Nuclear Battery","SacredBark"],"picked":"Astrolabe"}],"items_purged_floors":[12],"is_endless":false,"potions_floor_spawned":[1,11,16,22,24,25],"killed_by":"Snecko","ascension_level":6}}