{"host":"ya062ahhhuj9au1o","time":1609782473,"event":{"mods":["BaseMod","Better Third Choice","Downfall","Filter the Spire","Hermit","Minty Spire (QoL Compilation)","Random Character Button","Robot Space Explorer","Somnambulant","StSLib","The Bug Knight","The Cursed","The Marked","The Servant 0.9.4"],"gold_per_floor":[110,129,129,129,129,129,148,148,174,174,193,210,210,265,265,339,339,349,448,461,481,496,496,527,527,527,527,558,572,472,485,485,564,564,574,574,594,233,233,259,259,276,301,301,317,328,328,338,338,338],"floor_reached":51,"playtime":3502,"items_purged":["HollowMod:NailStrikeStart","HollowMod:NailStrikeStart"],"score":1154,"play_id":"165c5c99-8d8d-4172-8f07-2420df41a5fa","local_time":"20210104124753","is_ascension_mode":true,"campfire_choices":[{"data":"expansioncontent:Corrupt","floor":6.0,"key":"SMITH"},{"data":"HollowMod:FastStrike","floor":8.0,"key":"SMITH"},{"data":"HollowMod:PogoStrike","floor":10.0,"key":"SMITH"},{"floor":15.0,"key":"REST"},{"data":"HollowMod:MantisMark","floor":23.0,"key":"SMITH"},{"data":"HollowMod:VengefulSpirit","floor":25.0,"key":"SMITH"},{"data":"HollowMod:NailStrikeStart","floor":27.0,"key":"SMITH"},{"data":"HollowMod:SlysStrikes","floor":32.0,"key":"SMITH"},{"data":"HollowMod:SlysStrikes","floor":41,"key":"SMITH"},{"data":"HollowMod:ZotesMagnificence","floor":44,"key":"SMITH"},{"floor":49,"key":"REST"}],"circlet_count":0,"master_deck":["AscendersBane","HollowMod:NailStrikeStart+1","HollowMod:NailStrikeStart+1","HollowMod:FocusHealStart+1","HollowMod:PogoStrike+1","expansioncontent:Corrupt+1","HollowMod:HuntersJournal+1","White Noise+1","HollowMod:FastStrike+1","HollowMod:SoulSplash+1","HollowMod:CloakDash","HollowMod:ZotesMagnificence+1","HollowMod:MantisMark+1","HollowMod:VengefulSpirit+1","HollowMod:PerfectDash","HollowMod:CloakDash","HollowMod:DashSlash+1","HollowMod:SlysStrikes+1","HollowMod:SlysStrikes+1","HollowMod:DashSlash+1","HollowMod:PerfectDash+1","HollowMod:CloakDash"],"relics":["HollowMod:VesselMask","Calipers","Akabeko","HollowMod:StagPassRelic","Empty Cage","Matryoshka","War Paint","Blue Candle","Bag of Marbles","Sozu","Bottled Tornado","MealTicket","Blood Vial","Bronze Scales"],"acts_visited":["Exordium","TheCity","TheBeyond"],"potions_floor_usage":[],"damage_taken":[{"damage":0.0,"enemies":"2 Louse","floor":1.0,"turns":1.0},{"damage":3.0,"enemies":"Jaw Worm","floor":2.0,"turns":4.0},{"damage":0.0,"enemies":"Small Slimes","floor":7.0,"turns":5.0},{"damage":0.0,"enemies":"Red Slaver","floor":11.0,"turns":1.0},{"damage":7.0,"enemies":"3 Louse","floor":12.0,"turns":2.0},{"damage":18.0,"enemies":"Lagavulin Event","floor":14.0,"turns":5.0},{"damage":25.0,"enemies":"HollowMod:FalseKnight","floor":16.0,"turns":5.0},{"damage":6.0,"enemies":"3 Byrds","floor":18.0,"turns":3.0},{"damage":14.0,"enemies":"HollowMod:HuskSentry","floor":20.0,"turns":3.0},{"damage":0.0,"enemies":"Centurion and Healer","floor":21.0,"turns":4.0},{"damage":7.0,"enemies":"Snake Plant","floor":22.0,"turns":3.0},{"damage":7.0,"enemies":"Book of Stabbing","floor":24.0,"turns":4.0},{"damage":26.0,"enemies":"HollowMod:Nosk","floor":28.0,"turns":3.0},{"damage":6.0,"enemies":"Shelled Parasite and Fungi","floor":29.0,"turns":2.0},{"damage":0.0,"enemies":"Snecko","floor":31.0,"turns":3.0},{"damage":20.0,"enemies":"Champ","floor":33.0,"turns":6.0},{"damage":12.0,"enemies":"3 Darklings","floor":35.0,"turns":5.0},{"damage":0,"enemies":"3 Shapes","floor":37,"turns":1},{"damage":0,"enemies":"Giant Head","floor":40,"turns":5},{"damage":1,"enemies":"Transient","floor":42,"turns":5},{"damage":3,"enemies":"3 Darklings","floor":45,"turns":4},{"damage":34,"enemies":"HollowMod:SlobberingHusk","floor":46,"turns":5},{"damage":4,"enemies":"4 Shapes","floor":48,"turns":3},{"damage":21,"enemies":"HollowMod:Radiance","floor":50,"turns":8}],"seed_played":"-5221596527628168899","potions_obtained":[{"floor":11.0,"key":"SpeedPotion"},{"floor":12.0,"key":"Swift Potion"},{"floor":14.0,"key":"Dexterity Potion"},{"floor":22.0,"key":"SkillPotion"},{"floor":24.0,"key":"Energy Potion"},{"floor":31.0,"key":"SkillPotion"}],"is_trial":false,"path_per_floor":["M","M","?","?","?","R","M","R","T","R","M","M","?","?","R","B",null,"M","?","M","M","M","R","E","R","T","R","E","M","$","M","R","B",null,"M","?","M","$","?","E","R","M","T","R","M","M","?","M","R","B",null],"character_chosen":"THE_BUGKNIGHT","items_purchased":["HollowMod:DashSlash","Bottled Tornado"],"campfire_rested":2,"item_purchase_floors":[30,38],"current_hp_per_floor":[68,65,65,51,30,30,40,40,40,40,40,33,33,25,45,26,58,52,52,44,50,53,53,56,56,56,56,36,36,36,42,42,32,59,53,53,53,53,53,53,53,62,62,62,61,29,29,33,53,44],"gold":338,"neow_bonus":"RANDOM_COLORLESS_2","is_daily":false,"chose_seed":false,"campfire_upgraded":9,"win_rate":0.0,"timestamp":1609782473,"path_taken":["M","M","?","?","?","R","?","R","T","R","M","M","?","?","R","BOSS","M","?","M","M","M","R","E","R","T","R","E","M","$","M","R","BOSS","M","?","?","$","?","E","R","M","T","R","M","?","?","M","R","BOSS"],"items_purchased_type":["Card","Relic"],"build_version":"2020-12-22","purchased_purges":2,"victory":true,"max_hp_per_floor":[68,68,68,68,68,68,68,68,68,68,68,68,68,68,68,68,68,68,68,68,68,68,68,68,68,68,68,68,68,68,68,68,68,68,68,68,68,68,68,68,68,68,68,68,68,68,68,68,68,68],"card_choices":[{"not_picked":["Violence","expansioncontent:QuickStudy"],"picked":"expansioncontent:Corrupt","floor":0.0},{"not_picked":["HollowMod:HeavyBlow","HollowMod:ChannelNail","HollowMod:PureNailStrike"],"picked":"SKIP","floor":1.0},{"not_picked":["HollowMod:HeavyBlow","HollowMod:ChannelNail","HollowMod:PureNailStrike"],"picked":"SKIP","floor":1.0},{"not_picked":["HollowMod:HowlingWraiths","HollowMod:GreatSlash"],"picked":"HollowMod:HuntersJournal","floor":2.0},{"not_picked":["HollowMod:HeavyBlow","HollowMod:SharpenedNail"],"picked":"HollowMod:FastStrike","floor":7.0},{"not_picked":["HollowMod:SiblingsSouls","HollowMod:FallenFury"],"picked":"HollowMod:SoulSplash","floor":11.0},{"not_picked":["HollowMod:GreatSlash","HollowMod:TaintedHusks"],"picked":"HollowMod:CloakDash","floor":12.0},{"not_picked":["HollowMod:Hiveblood","HollowMod:HerrahsAnger"],"picked":"HollowMod:ZotesMagnificence","floor":16.0},{"not_picked":["HollowMod:LuriensSpire","HollowMod:InfectedAttack+1","HollowMod:WraithStrike"],"picked":"SKIP","floor":18.0},{"not_picked":["HollowMod:InfectedCysts","HollowMod:SoulStrike","HollowMod:BlackTendrils"],"picked":"SKIP","floor":20.0},{"not_picked":["HollowMod:LifebloodCocoon","HollowMod:DoubleDash"],"picked":"HollowMod:MantisMark","floor":21.0},{"not_picked":["HollowMod:SoulSplash","HollowMod:TaintedHusks+1"],"picked":"HollowMod:VengefulSpirit","floor":22.0},{"not_picked":["HollowMod:SoulEater","HollowMod:SoulStrike"],"picked":"HollowMod:PerfectDash","floor":24.0},{"not_picked":["HollowMod:DescendingDark","HollowMod:SoulShaman","HollowMod:DreamGate+1"],"picked":"SKIP","floor":28.0},{"not_picked":["HollowMod:QuirrelsAssistance","HollowMod:HeavyBlow"],"picked":"HollowMod:CloakDash","floor":29.0},{"not_picked":["HollowMod:GoodIntentions","HollowMod:VengefulVoid"],"picked":"HollowMod:SlysStrikes","floor":31.0},{"not_picked":["HollowMod:SoulMaster","HollowMod:WhiteLadysBlessing"],"picked":"HollowMod:SlysStrikes","floor":33.0},{"not_picked":["HollowMod:SiblingsSouls","HollowMod:CycloneSlash","HollowMod:ShadowDash"],"picked":"SKIP","floor":35.0},{"not_picked":["HollowMod:NewJinnsSoul","HollowMod:FallenFury+1"],"picked":"HollowMod:PerfectDash+1","floor":37},{"not_picked":["HollowMod:LifebloodCore","HollowMod:SoulVessel","HollowMod:VengefulVoid"],"picked":"SKIP","floor":40},{"not_picked":["HollowMod:FallenFury+1","HollowMod:HowlingWraiths"],"picked":"HollowMod:CloakDash","floor":42},{"not_picked":["HollowMod:TaintedHusks","HollowMod:InfectedCysts","HollowMod:CycloneSlash"],"picked":"SKIP","floor":45},{"not_picked":["HollowMod:NewJinnsSoul","HollowMod:DescendingDark","HollowMod:SlysStrikes"],"picked":"SKIP","floor":46},{"not_picked":["HollowMod:BrokenVessel","HollowMod:CornifersMapStart+1","HollowMod:SiblingsShadow"],"picked":"SKIP","floor":48}],"player_experience":1763193,"relics_obtained":[{"floor":9.0,"key":"Akabeko"},{"floor":14.0,"key":"HollowMod:StagPassRelic"},{"floor":24.0,"key":"Matryoshka"},{"floor":26.0,"key":"War Paint"},{"floor":26.0,"key":"Blue Candle"},{"floor":28.0,"key":"Bag of Marbles"},{"floor":40,"key":"MealTicket"},{"floor":43,"key":"Blood Vial"},{"floor":43,"key":"Bronze Scales"}],"event_choices":[{"damage_healed":65.0,"max_hp_gain":0.0,"max_hp_loss":68.0,"gold_gain":0.0,"event_name":"betterThird:BetterShining","player_choice":"Upgrade","floor":4.0,"gold_loss":0.0,"damage_taken":14.0,"cards_upgraded":["HollowMod:FocusHealStart","HollowMod:NailStrikeStart"]},{"cards_removed":["HollowMod:QuickDashStart"],"damage_healed":0.0,"max_hp_gain":0.0,"max_hp_loss":0.0,"gold_gain":0.0,"event_name":"Living Wall","player_choice":"Forget","floor":13.0,"gold_loss":0.0,"damage_taken":0.0},{"damage_healed":0.0,"max_hp_gain":0.0,"max_hp_loss":0.0,"gold_gain":0.0,"event_name":"Dead Adventurer","player_choice":"Searched \u00272\u0027 times","floor":14.0,"gold_loss":0.0,"damage_taken":0.0},{"damage_healed":0.0,"max_hp_gain":0.0,"max_hp_loss":0.0,"gold_gain":99.0,"event_name":"betterThird:BetterNest","player_choice":"Steal","floor":19.0,"gold_loss":0.0,"damage_taken":0.0},{"damage_healed":0,"gold_gain":0,"player_choice":"1 cards matched","damage_taken":0,"max_hp_gain":0,"max_hp_loss":0,"event_name":"Match and Keep!","floor":36,"gold_loss":0,"cards_obtained":["HollowMod:DashSlash"]},{"damage_healed":0,"gold_gain":0,"player_choice":"Forge","damage_taken":0,"max_hp_gain":0,"max_hp_loss":0,"event_name":"Accursed Blacksmith","floor":39,"gold_loss":0,"cards_upgraded":["HollowMod:DashSlash"]},{"damage_healed":0,"gold_gain":0,"player_choice":"Ignored","damage_taken":0,"max_hp_gain":0,"max_hp_loss":0,"event_name":"Mysterious Sphere","floor":47,"gold_loss":0}],"is_beta":false,"boss_relics":[{"not_picked":["Runic Pyramid","Pandora\u0027s Box"],"picked":"Empty Cage"},{"not_picked":["Fusion Hammer","SacredBark"],"picked":"Sozu"}],"items_purged_floors":[30,38],"is_endless":false,"potions_floor_spawned":[11,12,14,22,24,31,35,37,46],"ascension_level":13}}