{"host":"mydft8i2zzydgggw","time":1609771186,"event":{"mods":["AchievementEnabler","BaseMod","Colored Map","Colored Powertips","Keyboard Shortcuts","Minty Spire (QoL Compilation)","Quick Restart","StSLib","SuperFastMode","The Poker Player"],"gold_per_floor":[111,138,155,16,34,67,67,101,126,51,86,98,64,81,81,182,182,201,201,201,201,201,226,240,274,299,332,347,347,358,378,378,473,473,490,40,88,88,105,105,130,143,143,143,43,43,77,0,0,0],"floor_reached":51,"playtime":1314,"items_purged":["Strike_R","Normality"],"score":937,"play_id":"1470d462-58b6-4586-9dd9-eff84ef31980","local_time":"20210104233946","is_ascension_mode":true,"campfire_choices":[{"data":"Perfected Strike","floor":7.0,"key":"SMITH"},{"data":"Searing Blow","floor":15.0,"key":"SMITH"},{"data":"Searing Blow+2","floor":29.0,"key":"SMITH"},{"data":"Searing Blow+3","floor":32.0,"key":"SMITH"},{"data":"Searing Blow+5","floor":40,"key":"SMITH"},{"data":"Searing Blow+6","floor":49,"key":"SMITH"}],"circlet_count":0,"master_deck":["Strike_R+1","Strike_R+1","Strike_R+1","Strike_R+1","Defend_R+1","Defend_R+1","Defend_R+1","Bash+1","Wild Strike+1","Reaper+1","Perfected Strike+1","Anger+1","Second Wind+1","Searing Blow+7","Blood for Blood+1","Inflame+1","Fiend Fire+1","Bloodletting+1","Necronomicurse","Anger+1","Feel No Pain+1","Iron Wave+1","Decay","Perfected Strike+1","Feed+1","Uppercut+1","Shrug It Off","Flex+1"],"relics":["Burning Blood","NeowsBlessing","Nunchaku","InkBottle","Orichalcum","Juzu Bracelet","Bag of Marbles","Cursed Key","Necronomicon","Toy Ornithopter","Centennial Puzzle","Blood Vial","Bottled Flame","Snecko Eye","Shuriken","Pen Nib","Ice Cream","Mark of the Bloom","Dream Catcher","Dead Branch","Lantern","Red Mask"],"acts_visited":["Exordium","TheCity","TheBeyond"],"potions_floor_usage":[33,47,47,50],"damage_taken":[{"damage":0.0,"enemies":"Cultist","floor":1.0,"turns":1.0},{"damage":0.0,"enemies":"2 Louse","floor":3.0,"turns":1.0},{"damage":0.0,"enemies":"Small Slimes","floor":5.0,"turns":1.0},{"damage":31.0,"enemies":"Lagavulin","floor":6.0,"turns":5.0},{"damage":34.0,"enemies":"3 Sentries","floor":8.0,"turns":7.0},{"damage":25.0,"enemies":"Gremlin Nob","floor":11.0,"turns":5.0},{"damage":0.0,"enemies":"2 Fungi Beasts","floor":12.0,"turns":3.0},{"damage":4.0,"enemies":"Exordium Thugs","floor":14.0,"turns":4.0},{"damage":31.0,"enemies":"Slime Boss","floor":16.0,"turns":8.0},{"damage":36.0,"enemies":"2 Thieves","floor":18.0,"turns":4.0},{"damage":43.0,"enemies":"Book of Stabbing","floor":23.0,"turns":5.0},{"damage":0.0,"enemies":"Chosen","floor":24.0,"turns":1.0},{"damage":9.0,"enemies":"Gremlin Leader","floor":25.0,"turns":5.0},{"damage":19.0,"enemies":"Book of Stabbing","floor":27.0,"turns":3.0},{"damage":14.0,"enemies":"Snake Plant","floor":28.0,"turns":3.0},{"damage":12.0,"enemies":"Shelled Parasite and Fungi","floor":30.0,"turns":2.0},{"damage":3.0,"enemies":"Sentry and Sphere","floor":31.0,"turns":3.0},{"damage":35,"enemies":"Champ","floor":33,"turns":6},{"damage":14,"enemies":"3 Darklings","floor":35,"turns":2},{"damage":10,"enemies":"2 Orb Walkers","floor":37,"turns":2},{"damage":24,"enemies":"3 Shapes","floor":39,"turns":2},{"damage":6,"enemies":"Nemesis","floor":41,"turns":3},{"damage":8,"enemies":"Writhing Mass","floor":42,"turns":2},{"damage":4,"enemies":"Giant Head","floor":47,"turns":4},{"damage":3,"enemies":"Awakened One","floor":50,"turns":3}],"seed_played":"5979467351420687230","potions_obtained":[{"floor":1.0,"key":"BlessingOfTheForge"},{"floor":5.0,"key":"BloodPotion"},{"floor":6.0,"key":"Strength Potion"},{"floor":12.0,"key":"AttackPotion"},{"floor":16.0,"key":"Explosive Potion"},{"floor":23.0,"key":"DuplicationPotion"},{"floor":25.0,"key":"Energy Potion"},{"floor":33,"key":"ColorlessPotion"},{"floor":35,"key":"SteroidPotion"}],"is_trial":false,"path_per_floor":["M","T","M","$","M","E","R","E","T","$","E","M","$","M","R","B",null,"M","?","?","?","?","E","M","E","T","E","M","R","M","M","R","B",null,"M","$","?","?","M","R","E","M","T","?","$","?","E","?","R","B",null],"character_chosen":"IRONCLAD","items_purchased":["Reaper","Inflame","Shuriken","Pen Nib","BloodPotion"],"campfire_rested":0,"item_purchase_floors":[4,13,36,36,36],"current_hp_per_floor":[80,80,80,80,80,60,60,50,50,50,51,69,69,77,77,58,80,50,34,60,60,60,31,37,52,52,59,62,62,70,80,80,56,80,72,72,79,79,55,55,49,41,41,41,41,41,37,37,37,34],"gold":0,"neow_bonus":"THREE_ENEMY_KILL","is_daily":false,"chose_seed":false,"campfire_upgraded":6,"win_rate":0.0,"timestamp":1609771186,"path_taken":["M","?","M","$","?","E","R","E","T","$","E","M","$","M","R","BOSS","M","?","?","?","?","E","M","E","T","E","M","R","M","M","R","BOSS","M","?","?","?","M","R","E","M","T","?","$","?","E","?","R","BOSS"],"items_purchased_type":["Card","Card","Relic","Relic","Potion"],"build_version":"2020-12-22","purchased_purges":2,"victory":true,"max_hp_per_floor":[80,80,80,80,80,80,80,80,80,80,80,80,80,80,80,80,80,80,80,80,80,80,80,80,80,80,80,80,80,80,80,80,80,80,80,80,83,83,83,83,83,83,83,83,83,83,83,83,83,83],"card_choices":[{"not_picked":["Shockwave","Pummel","Battle Trance"],"picked":"SKIP","floor":1.0},{"not_picked":["Infernal Blade","Intimidate"],"picked":"Wild Strike","floor":3.0},{"not_picked":["Havoc","Clothesline"],"picked":"Perfected Strike","floor":5.0},{"not_picked":["Immolate","Clothesline"],"picked":"Anger","floor":6.0},{"not_picked":["Clothesline","Anger"],"picked":"Second Wind","floor":8.0},{"not_picked":["Flex","Pummel"],"picked":"Searing Blow","floor":11.0},{"not_picked":["Body Slam","Clash"],"picked":"Blood for Blood","floor":12.0},{"not_picked":["Headbutt","Clothesline","Second Wind"],"picked":"SKIP","floor":14.0},{"not_picked":["Barricade","Reaper"],"picked":"Fiend Fire","floor":16.0},{"not_picked":["Heavy Blade","Metallicize"],"picked":"Bloodletting","floor":18.0},{"not_picked":["Second Wind","Corruption"],"picked":"Anger","floor":23.0},{"not_picked":["Searing Blow+1","Armaments"],"picked":"Feel No Pain+1","floor":24.0},{"not_picked":["Intimidate+1","Havoc"],"picked":"Iron Wave","floor":25.0},{"not_picked":["Rampage+1","Infernal Blade","Reckless Charge"],"picked":"SKIP","floor":27.0},{"not_picked":["Power Through","Havoc","Carnage+1"],"picked":"SKIP","floor":28.0},{"not_picked":["Entrench","Ghostly Armor","Pommel Strike"],"picked":"SKIP","floor":30.0},{"not_picked":["Thunderclap","Disarm"],"picked":"Perfected Strike+1","floor":31.0},{"not_picked":["Impervious","Double Tap"],"picked":"Feed","floor":33},{"not_picked":["Rampage","Battle Trance","Whirlwind+1"],"picked":"SKIP","floor":35},{"not_picked":["Clash","Warcry"],"picked":"Uppercut+1","floor":37},{"not_picked":["Body Slam+1","Whirlwind+1","Heavy Blade+1"],"picked":"SKIP","floor":39},{"not_picked":["Reckless Charge","Double Tap","Clash"],"picked":"SKIP","floor":41},{"not_picked":["Thunderclap","Anger+1"],"picked":"Shrug It Off","floor":42},{"not_picked":["Searing Blow","Seeing Red+1"],"picked":"Flex+1","floor":47}],"player_experience":86962,"relics_obtained":[{"floor":2.0,"key":"Nunchaku"},{"floor":6.0,"key":"InkBottle"},{"floor":8.0,"key":"Orichalcum"},{"floor":9.0,"key":"Juzu Bracelet"},{"floor":11.0,"key":"Bag of Marbles"},{"floor":19.0,"key":"Necronomicon"},{"floor":23.0,"key":"Toy Ornithopter"},{"floor":25.0,"key":"Centennial Puzzle"},{"floor":26.0,"key":"Blood Vial"},{"floor":27.0,"key":"Bottled Flame"},{"floor":37,"key":"Ice Cream"},{"floor":41,"key":"Dream Catcher"},{"floor":43,"key":"Dead Branch"},{"floor":47,"key":"Lantern"}],"event_choices":[{"damage_healed":0.0,"max_hp_gain":0.0,"max_hp_loss":0.0,"gold_gain":0.0,"event_name":"Cursed Tome","player_choice":"Obtained Book","floor":19.0,"gold_loss":0.0,"damage_taken":16.0},{"damage_healed":26.0,"max_hp_gain":0.0,"max_hp_loss":0.0,"gold_gain":0.0,"event_name":"The Library","player_choice":"Heal","floor":20.0,"gold_loss":0.0,"damage_taken":0.0},{"cards_removed":["Defend_R"],"damage_healed":0.0,"max_hp_gain":0.0,"max_hp_loss":0.0,"gold_gain":0.0,"event_name":"Purifier","player_choice":"Purged","floor":21.0,"gold_loss":0.0,"damage_taken":0.0},{"damage_healed":0.0,"max_hp_gain":0.0,"max_hp_loss":0.0,"gold_gain":0.0,"event_name":"Upgrade Shrine","player_choice":"Upgraded","floor":22.0,"gold_loss":0.0,"damage_taken":0.0,"cards_upgraded":["Searing Blow"]},{"damage_healed":0,"gold_gain":0,"player_choice":"Fight","damage_taken":0,"max_hp_gain":0,"max_hp_loss":0,"event_name":"Mysterious Sphere","floor":37,"gold_loss":0},{"damage_healed":0,"gold_gain":0,"player_choice":"Upgrade","damage_taken":0,"relics_obtained":["Mark of the Bloom"],"max_hp_gain":0,"max_hp_loss":0,"event_name":"MindBloom","floor":38,"gold_loss":0,"cards_upgraded":["Strike_R","Strike_R","Strike_R","Strike_R","Defend_R","Defend_R","Defend_R","Bash","Wild Strike","Reaper","Anger","Second Wind","Searing Blow","Blood for Blood","Inflame","Fiend Fire","Bloodletting","Anger","Iron Wave","Feed"]},{"damage_healed":0,"gold_gain":0,"player_choice":"Memory 1","damage_taken":0,"max_hp_gain":0,"max_hp_loss":0,"event_name":"SensoryStone","floor":44,"gold_loss":0},{"damage_healed":0,"gold_gain":0,"player_choice":"Ignored","damage_taken":0,"max_hp_gain":0,"max_hp_loss":0,"event_name":"The Moai Head","floor":46,"gold_loss":0},{"damage_healed":0,"gold_gain":0,"player_choice":"Paid","damage_taken":0,"relics_obtained":["Red Mask"],"max_hp_gain":0,"max_hp_loss":0,"event_name":"Tomb of Lord Red Mask","floor":48,"gold_loss":77}],"is_beta":false,"boss_relics":[{"not_picked":["Tiny House","SacredBark"],"picked":"Cursed Key"},{"not_picked":["Black Star","Runic Cube"],"picked":"Snecko Eye"}],"items_purged_floors":[10,45],"is_endless":false,"potions_floor_spawned":[1,5,6,12,16,23,25,31,33,35,37,41],"ascension_level":2}}