{"host":"qzblds3hycbe0oxf","time":1609749711,"event":{"mods":["2.2 Compatiblity","AchievementEnabler","BaseMod","Colored Map","DeckTracker","Highlight Path","Minty Spire (QoL Compilation)","Random Character Button","Rare Cards Sparkle"],"gold_per_floor":[111,125,125,125,137,137,163,163,163,88,123,136,149,160,160,261,261,277,277,277,291,291,291,301,301,382,382,399,425,441,455,455,455,455],"floor_reached":33,"playtime":1936,"items_purged":["Regret"],"score":378,"play_id":"576a8b0b-c698-40f5-a23e-bb14af32b2ff","local_time":"20210104094151","is_ascension_mode":true,"campfire_choices":[{"data":"Combust","floor":6.0,"key":"SMITH"},{"data":"Searing Blow","floor":8.0,"key":"SMITH"},{"data":"Searing Blow+1","floor":15.0,"key":"SMITH"},{"floor":23.0,"key":"REST"},{"floor":25,"key":"REST"},{"floor":32,"key":"REST"}],"circlet_count":0,"master_deck":["Strike_R","Strike_R","Strike_R","Strike_R","Strike_R","Defend_R","Defend_R","Defend_R","Bash","Combust+1","Shrug It Off","Feel No Pain","Clothesline","Searing Blow+2","Cleave","Inflame","Iron Wave","Infernal Blade","Bludgeon","Entrench","Hemokinesis","Inflame+1","Warcry","Flex","Thunderclap","Inflame+1"],"relics":["Burning Blood","NeowsBlessing","Gremlin Horn","Ancient Tea Set","Bottled Lightning","Bag of Marbles","SlaversCollar","Bottled Flame","Potion Belt"],"acts_visited":["Exordium","TheCity"],"potions_floor_usage":[28,29,29,29,30,30,31,33],"damage_taken":[{"damage":0.0,"enemies":"2 Louse","floor":1.0,"turns":1.0},{"damage":0.0,"enemies":"Jaw Worm","floor":2.0,"turns":1.0},{"damage":1.0,"enemies":"Small Slimes","floor":5.0,"turns":1.0},{"damage":29.0,"enemies":"Lagavulin","floor":7.0,"turns":6.0},{"damage":14.0,"enemies":"3 Sentries","floor":11.0,"turns":5.0},{"damage":2.0,"enemies":"Blue Slaver","floor":12.0,"turns":3.0},{"damage":0.0,"enemies":"Gremlin Gang","floor":13.0,"turns":1.0},{"damage":13.0,"enemies":"Large Slime","floor":14.0,"turns":4.0},{"damage":5.0,"enemies":"Slime Boss","floor":16.0,"turns":6.0},{"damage":33.0,"enemies":"2 Thieves","floor":18.0,"turns":4.0},{"damage":31.0,"enemies":"Shell Parasite","floor":21.0,"turns":5.0},{"damage":25,"enemies":"Cultist and Chosen","floor":24,"turns":5},{"damage":1,"enemies":"Centurion and Healer","floor":28,"turns":4},{"damage":32,"enemies":"Book of Stabbing","floor":29,"turns":4},{"damage":18,"enemies":"Chosen and Byrds","floor":30,"turns":5},{"damage":0,"enemies":"Snake Plant","floor":31,"turns":2},{"damage":49,"enemies":"Collector","floor":33,"turns":3}],"seed_played":"5629262190527989197","potions_obtained":[{"floor":1.0,"key":"DuplicationPotion"},{"floor":12.0,"key":"BlessingOfTheForge"},{"floor":16.0,"key":"SkillPotion"},{"floor":24,"key":"PowerPotion"},{"floor":27,"key":"AttackPotion"},{"floor":27,"key":"Explosive Potion"},{"floor":27,"key":"EntropicBrew"},{"floor":28,"key":"Block Potion"},{"floor":29,"key":"SneckoOil"}],"is_trial":false,"path_per_floor":["M","M","?","?","M","R","E","R","T","$","E","M","M","M","R","B",null,"M","$","?","M","?","R","M","R","T","?","M","E","M","M","R","B"],"character_chosen":"IRONCLAD","items_purchased":[],"campfire_rested":3,"item_purchase_floors":[],"current_hp_per_floor":[80,80,80,80,80,80,57,57,57,57,49,53,59,52,52,53,80,53,53,38,13,13,38,19,44,44,44,49,23,11,17,42,0,0],"gold":455,"neow_bonus":"THREE_ENEMY_KILL","is_daily":false,"chose_seed":false,"campfire_upgraded":3,"win_rate":0.0,"timestamp":1609749711,"path_taken":["M","M","?","?","?","R","E","R","T","$","E","M","M","M","R","BOSS","M","$","?","M","?","R","M","R","T","?","M","E","?","M","R","BOSS"],"items_purchased_type":[],"build_version":"2020-12-22","purchased_purges":1,"victory":false,"max_hp_per_floor":[80,80,80,80,80,80,80,80,80,80,80,80,80,80,80,80,80,80,80,85,85,85,85,85,85,85,85,85,85,85,85,85,85,85],"card_choices":[{"not_picked":["Bloodletting","Thunderclap"],"picked":"Combust","floor":1.0},{"not_picked":["True Grit","Sword Boomerang"],"picked":"Shrug It Off","floor":2.0},{"not_picked":["Blood for Blood","Bloodletting"],"picked":"Clothesline","floor":5.0},{"not_picked":["Seeing Red","Sword Boomerang"],"picked":"Searing Blow","floor":7.0},{"not_picked":["Juggernaut","Rage"],"picked":"Cleave","floor":11.0},{"not_picked":["Flex","Body Slam"],"picked":"Inflame","floor":12.0},{"not_picked":["True Grit","Twin Strike"],"picked":"Iron Wave","floor":13.0},{"not_picked":["Sword Boomerang","Twin Strike"],"picked":"Infernal Blade","floor":14.0},{"not_picked":["Juggernaut","Corruption"],"picked":"Bludgeon","floor":16.0},{"not_picked":["Searing Blow","Sentinel"],"picked":"Entrench","floor":18.0},{"not_picked":["Body Slam","Shrug It Off"],"picked":"Hemokinesis","floor":21.0},{"not_picked":["Second Wind","Warcry+1"],"picked":"Inflame+1","floor":24},{"not_picked":["Evolve","Dark Embrace"],"picked":"Warcry","floor":28},{"not_picked":["Fire Breathing+1","Shrug It Off"],"picked":"Flex","floor":29},{"not_picked":["Rampage+1","Pommel Strike"],"picked":"Thunderclap","floor":30},{"not_picked":["Cleave","Sword Boomerang"],"picked":"Inflame+1","floor":31}],"player_experience":171303,"relics_obtained":[{"floor":7.0,"key":"Ancient Tea Set"},{"floor":9.0,"key":"Bottled Lightning"},{"floor":11.0,"key":"Bag of Marbles"},{"floor":26,"key":"Bottled Flame"},{"floor":29,"key":"Potion Belt"}],"event_choices":[{"damage_healed":0.0,"max_hp_gain":0.0,"max_hp_loss":0.0,"gold_gain":0.0,"event_name":"Big Fish","player_choice":"Box","floor":3.0,"gold_loss":0.0,"damage_taken":0.0,"relics_obtained":["Gremlin Horn"],"cards_obtained":["Regret"]},{"damage_healed":0.0,"max_hp_gain":0.0,"max_hp_loss":0.0,"gold_gain":0.0,"cards_transformed":["Defend_R"],"event_name":"Living Wall","player_choice":"Change","floor":4.0,"gold_loss":0.0,"damage_taken":0.0,"cards_obtained":["Feel No Pain"]},{"damage_healed":0.0,"max_hp_gain":5.0,"max_hp_loss":0.0,"gold_gain":0.0,"event_name":"Forgotten Altar","player_choice":"Shed Blood","floor":20.0,"gold_loss":0.0,"damage_taken":20.0},{"damage_healed":0.0,"max_hp_gain":0.0,"max_hp_loss":0.0,"gold_gain":0.0,"event_name":"Vampires","player_choice":"Ignored","floor":22.0,"gold_loss":0.0,"damage_taken":0.0},{"damage_healed":0,"gold_gain":0,"player_choice":"Got Potions","damage_taken":0,"max_hp_gain":0,"max_hp_loss":0,"event_name":"Lab","floor":27,"gold_loss":0}],"is_beta":false,"boss_relics":[{"not_picked":["Coffee Dripper","Runic Dome"],"picked":"SlaversCollar"}],"items_purged_floors":[10],"is_endless":false,"potions_floor_spawned":[1,12,16,24,28,29],"killed_by":"Collector","ascension_level":3}}