{"host":"bu0lvejwxlz725fi","time":1609776594,"event":{"mods":["AchievementEnabler","BaseMod","Colored Powertips","Downfall","Hermit","Minty Spire (QoL Compilation)","Quick Restart","Robot Space Explorer","StSLib","The Bug Knight","The Disciple","The Hierophant","The Necromancer","The Servant 0.9.4"],"gold_per_floor":[115,34,47,62,37,37,112,128,155,155,80,111,129,144,144,246,246,263,279,279,128,140,173,173,173],"floor_reached":24,"playtime":1990,"items_purged":[],"score":243,"play_id":"62424285-6c61-4de2-8813-8ae8729a4349","local_time":"20210104170954","is_ascension_mode":false,"campfire_choices":[{"data":"RobotSpaceExplorer:PowerCollector","floor":6,"key":"SMITH"},{"data":"RobotSpaceExplorer:Pulsar","floor":10,"key":"SMITH"},{"data":"RobotSpaceExplorer:Discharger","floor":15,"key":"SMITH"}],"circlet_count":0,"master_deck":["RobotSpaceExplorer:Strike","RobotSpaceExplorer:Strike","RobotSpaceExplorer:Strike","RobotSpaceExplorer:Strike","RobotSpaceExplorer:Defend","RobotSpaceExplorer:Defend","RobotSpaceExplorer:Defend","RobotSpaceExplorer:Defend","RobotSpaceExplorer:Scan","RobotSpaceExplorer:MiniLasers","RobotSpaceExplorer:PowerCollector+1","RobotSpaceExplorer:FreezeRay","RobotSpaceExplorer:GlueShot","RobotSpaceExplorer:Counterblock","RobotSpaceExplorer:ShovelStrike","RobotSpaceExplorer:Pulsar+1","RobotSpaceExplorer:Discharger+1","RobotSpaceExplorer:StarDust","RobotSpaceExplorer:ShockKick","RobotSpaceExplorer:SurgingShield","RobotSpaceExplorer:DroneSwarm","RobotSpaceExplorer:MiniBoosters","RobotSpaceExplorer:ToxicBomb+1","Ghostly","Ghostly","Ghostly","Ghostly","Ghostly","RobotSpaceExplorer:LuckyStrike","RobotSpaceExplorer:FreezeRay","RobotSpaceExplorer:Fix+1","RobotSpaceExplorer:Ammunition"],"relics":["RobotSpaceExplorer:TurboCore","NeowsBlessing","MealTicket","HollowMod:PaleOreRelic","Tiny Chest"],"acts_visited":["Exordium","TheCity"],"potions_floor_usage":[16,16,18],"damage_taken":[{"damage":0,"enemies":"Jaw Worm","floor":1,"turns":1},{"damage":0,"enemies":"Small Slimes","floor":3,"turns":2},{"damage":0,"enemies":"2 Louse","floor":4,"turns":2},{"damage":1,"enemies":"Gremlin Gang","floor":8,"turns":5},{"damage":7,"enemies":"3 Sentries","floor":12,"turns":5},{"damage":12,"enemies":"Blue Slaver","floor":13,"turns":3},{"damage":13,"enemies":"Red Slaver","floor":14,"turns":3},{"damage":16,"enemies":"Hexaghost","floor":16,"turns":6},{"damage":0,"enemies":"Shell Parasite","floor":18,"turns":5},{"damage":7,"enemies":"3 Byrds","floor":19,"turns":4},{"damage":0,"enemies":"Centurion and Healer","floor":22,"turns":6},{"damage":17,"enemies":"Book of Stabbing","floor":23,"turns":7},{"damage":42,"enemies":"Masked Bandits","floor":24,"turns":3}],"seed_played":"-5504082216443102111","potions_obtained":[{"floor":8,"key":"champ:CounterPotion"},{"floor":13,"key":"ColorlessPotion"},{"floor":16,"key":"DuplicationPotion"},{"floor":19,"key":"Dexterity Potion"}],"is_trial":false,"path_per_floor":["M","$","M","M","$","R","?","M","T","R","$","E","M","M","R","B",null,"M","M","?","$","M","E","?"],"character_chosen":"RobotSpaceExplorer","items_purchased":["RobotSpaceExplorer:FreezeRay","RobotSpaceExplorer:ShovelStrike","RobotSpaceExplorer:Discharger","RobotSpaceExplorer:LuckyStrike","RobotSpaceExplorer:FreezeRay"],"campfire_rested":0,"item_purchase_floors":[2,5,11,21,21],"current_hp_per_floor":[75,75,75,75,75,75,64,63,63,63,75,68,56,43,43,27,75,75,68,37,37,37,20,0,0],"gold":173,"neow_bonus":"THREE_ENEMY_KILL","is_daily":false,"chose_seed":false,"campfire_upgraded":3,"win_rate":0.0,"timestamp":1609776594,"path_taken":["M","$","M","M","$","R","?","M","T","R","$","E","M","M","R","BOSS","M","M","?","$","M","E","?"],"items_purchased_type":["Card","Card","Card","Card","Card"],"build_version":"2020-12-22","purchased_purges":0,"victory":false,"max_hp_per_floor":[75,75,75,75,75,75,75,75,75,75,75,75,75,75,75,75,75,75,75,37,37,37,37,37,37],"card_choices":[{"not_picked":["RobotSpaceExplorer:ImprovisedAttack","RobotSpaceExplorer:StarDust"],"picked":"RobotSpaceExplorer:PowerCollector","floor":1},{"not_picked":["RobotSpaceExplorer:Electroshield","RobotSpaceExplorer:Reload"],"picked":"RobotSpaceExplorer:GlueShot","floor":3},{"not_picked":["RobotSpaceExplorer:FrostMissile","RobotSpaceExplorer:FreezingShield"],"picked":"RobotSpaceExplorer:Counterblock","floor":4},{"not_picked":["RobotSpaceExplorer:FrostMissile","RobotSpaceExplorer:StunGrenade"],"picked":"RobotSpaceExplorer:Pulsar","floor":8},{"not_picked":["RobotSpaceExplorer:ShovelStrike","RobotSpaceExplorer:Calculate"],"picked":"RobotSpaceExplorer:StarDust","floor":12},{"not_picked":["RobotSpaceExplorer:SurgingStrike","RobotSpaceExplorer:FrostMissile"],"picked":"RobotSpaceExplorer:ShockKick","floor":13},{"not_picked":["RobotSpaceExplorer:Smokescreen","RobotSpaceExplorer:SurgingStrike"],"picked":"RobotSpaceExplorer:SurgingShield","floor":14},{"not_picked":["RobotSpaceExplorer:BlastShield","RobotSpaceExplorer:Arsenal"],"picked":"RobotSpaceExplorer:DroneSwarm","floor":16},{"not_picked":["RobotSpaceExplorer:Pulsar","RobotSpaceExplorer:Electroshield"],"picked":"RobotSpaceExplorer:MiniBoosters","floor":18},{"not_picked":["RobotSpaceExplorer:RigExplosive","RobotSpaceExplorer:Blitz"],"picked":"RobotSpaceExplorer:ToxicBomb+1","floor":19},{"not_picked":["RobotSpaceExplorer:Blitz+1","RobotSpaceExplorer:StunGrenade"],"picked":"RobotSpaceExplorer:Fix+1","floor":22},{"not_picked":["RobotSpaceExplorer:TurboDodge","RobotSpaceExplorer:ShockKick"],"picked":"RobotSpaceExplorer:Ammunition","floor":23}],"player_experience":186914,"relics_obtained":[{"floor":9,"key":"MealTicket"},{"floor":12,"key":"HollowMod:PaleOreRelic"},{"floor":23,"key":"Tiny Chest"}],"event_choices":[{"damage_healed":0,"gold_gain":75,"player_choice":"Gather Gold","damage_taken":11,"max_hp_gain":0,"max_hp_loss":0,"event_name":"World of Goop","floor":7,"gold_loss":0},{"damage_healed":0,"gold_gain":0,"player_choice":"Became a Ghost","damage_taken":0,"max_hp_gain":0,"max_hp_loss":38,"event_name":"Ghosts","floor":20,"gold_loss":0,"cards_obtained":["Ghostly","Ghostly","Ghostly","Ghostly","Ghostly"]},{"damage_healed":0,"gold_gain":0,"player_choice":"Fought Bandits","damage_taken":0,"max_hp_gain":0,"max_hp_loss":0,"event_name":"Masked Bandits","floor":24,"gold_loss":0}],"is_beta":false,"boss_relics":[{"not_picked":["RobotSpaceExplorer:Reprocessor","Empty Cage"],"picked":"RobotSpaceExplorer:TurboCore"}],"items_purged_floors":[],"is_endless":false,"potions_floor_spawned":[8,13,16,19],"killed_by":"Masked Bandits","ascension_level":0}}