{"host":"jpcy2bclvs7juczu","time":1609730401,"event":{"mods":["AchievementEnabler","Alarm Clock","BaseMod","Block Reminder","Colored Map","Colored Powertips","Curses Come First","Minty Spire (QoL Compilation)","Quick Restart","RNG Fix","Relic Stats","StSLib","everything is the same but u backflip on backflip","ojb\u0027s Better Paths Mod","ojb\u0027s Info Mod","slay the spire mod where everything is the same but ironclad has a cowboy hat"],"gold_per_floor":[114,114,114,40,50,81,81,101,178,9,39,49,49,77,77,154,154,174,174,189,189,203,203,203],"floor_reached":23,"playtime":578,"items_purged":[],"score":473,"play_id":"9b1498d7-d37b-4648-96bc-5b9d375c8944","local_time":"20210104032001","is_ascension_mode":true,"campfire_choices":[{"data":"Uppercut","floor":7,"key":"SMITH"},{"data":"Rampage","floor":13,"key":"SMITH"},{"data":"Fire Breathing","floor":15,"key":"SMITH"}],"circlet_count":0,"master_deck":["AscendersBane","Strike_R","Strike_R","Strike_R","Strike_R","Defend_R","Defend_R","Defend_R","Defend_R","Bash","Fire Breathing+1","Uppercut+1","Second Wind","Cleave","Fiend Fire","Impervious","Rampage+1","Evolve","Offering","Pain","Wild Strike+1"],"relics":["Burning Blood","NeowsBlessing","Singing Bowl","Pear","Toy Ornithopter","Odd Mushroom","Philosopher\u0027s Stone","WarpedTongs"],"acts_visited":["Exordium","TheCity"],"potions_floor_usage":[11,16,20,22,23],"damage_taken":[{"damage":0.0,"enemies":"Cultist","floor":1.0,"turns":1.0},{"damage":0,"enemies":"Small Slimes","floor":5,"turns":1},{"damage":0,"enemies":"3 Sentries","floor":6,"turns":2},{"damage":4,"enemies":"Jaw Worm","floor":8,"turns":3},{"damage":26,"enemies":"Gremlin Nob","floor":11,"turns":5},{"damage":11,"enemies":"Looter","floor":12,"turns":2},{"damage":12,"enemies":"The Mushroom Lair","floor":14,"turns":4},{"damage":33,"enemies":"Hexaghost","floor":16,"turns":11},{"damage":0,"enemies":"Chosen","floor":18,"turns":4},{"damage":27,"enemies":"2 Thieves","floor":20,"turns":4},{"damage":66,"enemies":"Snake Plant","floor":22,"turns":5},{"damage":34,"enemies":"Gremlin Leader","floor":23,"turns":5}],"seed_played":"-990130694691813043","potions_obtained":[{"floor":5,"key":"Regen Potion"},{"floor":6,"key":"Ancient Potion"},{"floor":14,"key":"EssenceOfSteel"},{"floor":18,"key":"Block Potion"},{"floor":20,"key":"Dexterity Potion"}],"is_trial":false,"path_per_floor":["M","?","?","$","M","E","R","M","T","$","E","M","R","?","R","B",null,"M","?","M","?","M","E"],"character_chosen":"IRONCLAD","items_purchased":["Uppercut","Impervious"],"campfire_rested":0,"item_purchase_floors":[4,10],"current_hp_per_floor":[74,79,79,79,80,80,80,80,90,90,70,65,65,61,61,39,79,87,82,68,68,27,0,0],"gold":203,"neow_bonus":"THREE_ENEMY_KILL","is_daily":false,"chose_seed":false,"campfire_upgraded":3,"win_rate":0.0,"timestamp":1609730401,"path_taken":["M","?","?","$","M","E","R","M","T","$","E","M","R","?","R","BOSS","M","?","M","?","M","E"],"items_purchased_type":["Card","Card"],"build_version":"2020-12-22","purchased_purges":0,"victory":false,"max_hp_per_floor":[75,80,80,80,80,80,80,80,90,90,90,90,90,92,92,92,92,94,94,96,96,96,96,96],"relic_stats":{"Singing Bowl":6,"counters":[12,47],"obtain_stats":[{"Pear":9,"NeowsBlessing":0,"Singing Bowl":6,"Philosopher\u0027s Stone":17,"Odd Mushroom":14,"Burning Blood":0,"Toy Ornithopter":11,"WarpedTongs":21},{"Pear":4,"NeowsBlessing":0,"Singing Bowl":3,"Philosopher\u0027s Stone":8,"Odd Mushroom":7,"Burning Blood":0,"Toy Ornithopter":5,"WarpedTongs":10},{"Pear":7,"NeowsBlessing":0,"Singing Bowl":4,"Philosopher\u0027s Stone":29,"Odd Mushroom":18,"Burning Blood":0,"Toy Ornithopter":12,"WarpedTongs":37}],"Burning Blood":53,"Toy Ornithopter":20,"WarpedTongs":[10]},"card_choices":[{"not_picked":["Warcry","Thunderclap"],"picked":"Fire Breathing","floor":1.0},{"not_picked":["Armaments","Thunderclap"],"picked":"Second Wind","floor":5},{"not_picked":["Pummel","Havoc"],"picked":"Cleave","floor":6},{"not_picked":["Flex","Burning Pact"],"picked":"Fiend Fire","floor":8},{"not_picked":["Second Wind","Inflame"],"picked":"Rampage","floor":11},{"not_picked":["Sword Boomerang","Searing Blow"],"picked":"Evolve","floor":12},{"not_picked":["Anger","Havoc","Uppercut"],"picked":"Singing Bowl","floor":14},{"not_picked":["Impervious","Bludgeon"],"picked":"Offering","floor":16},{"not_picked":["Rampage","Twin Strike","Sword Boomerang+1"],"picked":"Singing Bowl","floor":18},{"not_picked":["Cleave","Wild Strike","Dual Wield"],"picked":"Singing Bowl","floor":20},{"not_picked":["Sever Soul","Flex"],"picked":"Wild Strike+1","floor":22}],"player_experience":179384,"relics_obtained":[{"floor":6,"key":"Singing Bowl"},{"floor":9,"key":"Pear"},{"floor":11,"key":"Toy Ornithopter"},{"floor":14,"key":"Odd Mushroom"}],"event_choices":[{"damage_healed":0,"gold_gain":0,"player_choice":"Donut","damage_taken":0,"max_hp_gain":5,"max_hp_loss":0,"event_name":"Big Fish","floor":2,"gold_loss":0},{"cards_removed":["Strike_R"],"damage_healed":0,"gold_gain":0,"player_choice":"Purged","damage_taken":0,"max_hp_gain":0,"max_hp_loss":0,"event_name":"Purifier","floor":3,"gold_loss":0},{"damage_healed":0,"gold_gain":0,"player_choice":"Fought Mushrooms","damage_taken":0,"max_hp_gain":0,"max_hp_loss":0,"event_name":"Mushrooms","floor":14,"gold_loss":0},{"damage_healed":0,"gold_gain":0,"player_choice":"Bought 0 Potions","damage_taken":0,"max_hp_gain":0,"max_hp_loss":0,"event_name":"The Woman in Blue","floor":19,"gold_loss":0},{"damage_healed":0,"gold_gain":0,"player_choice":"Rummage","damage_taken":0,"relics_obtained":["WarpedTongs"],"max_hp_gain":0,"max_hp_loss":0,"event_name":"Accursed Blacksmith","floor":21,"gold_loss":0,"cards_obtained":["Pain"]}],"is_beta":false,"boss_relics":[{"not_picked":["Black Star","Fusion Hammer"],"picked":"Philosopher\u0027s Stone"}],"items_purged_floors":[],"is_endless":false,"potions_floor_spawned":[5,6,14,18,20],"killed_by":"Gremlin Leader","ascension_level":20}}