{"host":"a5lz0e76zb3fcwkm","time":1609784631,"event":{"mods":["AchievementEnabler","BaseMod","Colored Map","Colored Powertips","Minty Spire (QoL Compilation)","StSLib","SuperFastMode"],"gold_per_floor":[109,109,184,25,38,72,72,72,72,72,29,29,45,73,73,145,145,165,165,178,190,90,90,90,125,125,125,136,136,156,169,169,243,243,261,280,280,1279,1291,1291,1316,1366,1366,1378,1338,1358,1358,1374,1374,1374,1374,1374],"floor_reached":51,"playtime":1088,"items_purged":["Strike_R","Metallicize+1"],"score":1460,"play_id":"4998cc1e-b0ae-4420-ad08-d0d7d3ad5f14","local_time":"20210105032351","is_ascension_mode":true,"campfire_choices":[{"data":"Spot Weakness","floor":8.0,"key":"SMITH"},{"data":"Whirlwind","floor":12.0,"key":"SMITH"},{"data":"Shockwave","floor":15.0,"key":"SMITH"},{"data":"Sword Boomerang","floor":23.0,"key":"SMITH"},{"data":"Flex","floor":27.0,"key":"SMITH"},{"data":"Battle Trance","floor":32.0,"key":"SMITH"},{"floor":40.0,"key":"RECALL"},{"floor":49.0,"key":"REST"}],"circlet_count":0,"master_deck":["AscendersBane","Defend_R","Defend_R","Defend_R","Defend_R","Bash","Spot Weakness+1","Whirlwind+1","Sword Boomerang+1","Shockwave+1","Flex+1","Battle Trance+1","Fiend Fire","Impervious+1","Offering+1","Sentinel","Demon Form+1"],"relics":["Burning Blood","NeowsBlessing","Omamori","Pear","Ancient Tea Set","Thread and Needle","Astrolabe","MutagenicStrength","Frozen Egg 2","HornCleat","Fusion Hammer","Centennial Puzzle"],"acts_visited":["Exordium","TheCity","TheBeyond"],"potions_floor_usage":[],"damage_taken":[{"damage":0.0,"enemies":"2 Louse","floor":1.0,"turns":1.0},{"damage":0.0,"enemies":"Small Slimes","floor":5.0,"turns":1.0},{"damage":0.0,"enemies":"Lagavulin","floor":6.0,"turns":1.0},{"damage":7.0,"enemies":"Jaw Worm","floor":13.0,"turns":2.0},{"damage":20.0,"enemies":"3 Sentries","floor":14.0,"turns":3.0},{"damage":29.0,"enemies":"The Guardian","floor":16.0,"turns":7.0},{"damage":35.0,"enemies":"Spheric Guardian","floor":18.0,"turns":6.0},{"damage":6.0,"enemies":"Chosen","floor":20.0,"turns":5.0},{"damage":6.0,"enemies":"Sentry and Sphere","floor":21.0,"turns":2.0},{"damage":18.0,"enemies":"Slavers","floor":25.0,"turns":3.0},{"damage":6.0,"enemies":"Snake Plant","floor":28.0,"turns":2.0},{"damage":8.0,"enemies":"Shelled Parasite and Fungi","floor":30.0,"turns":3.0},{"damage":6.0,"enemies":"Centurion and Healer","floor":31.0,"turns":5.0},{"damage":12.0,"enemies":"Collector","floor":33.0,"turns":4.0},{"damage":14.0,"enemies":"3 Shapes","floor":35.0,"turns":3.0},{"damage":3.0,"enemies":"Orb Walker","floor":36.0,"turns":2.0},{"damage":15.0,"enemies":"Spire Growth","floor":39.0,"turns":3.0},{"damage":6.0,"enemies":"Reptomancer","floor":41.0,"turns":3.0},{"damage":6.0,"enemies":"Maw","floor":44.0,"turns":4.0},{"damage":6.0,"enemies":"Writhing Mass","floor":46.0,"turns":3.0},{"damage":27.0,"enemies":"Spire Growth","floor":48.0,"turns":4.0},{"damage":44.0,"enemies":"Awakened One","floor":50.0,"turns":6.0},{"damage":52,"enemies":"Donu and Deca","floor":51,"turns":4}],"seed_played":"6579108077287786656","potions_obtained":[{"floor":1.0,"key":"Swift Potion"},{"floor":6.0,"key":"Weak Potion"},{"floor":13.0,"key":"Regen Potion"},{"floor":16.0,"key":"DuplicationPotion"},{"floor":25.0,"key":"BloodPotion"},{"floor":30.0,"key":"PowerPotion"},{"floor":33.0,"key":"BlessingOfTheForge"},{"floor":35.0,"key":"SkillPotion"},{"floor":39.0,"key":"LiquidMemories"},{"floor":45.0,"key":"Fruit Juice"},{"floor":45.0,"key":"Strength Potion"},{"floor":46.0,"key":"PowerPotion"},{"floor":48.0,"key":"AttackPotion"}],"is_trial":false,"path_per_floor":["M","?","?","$","M","E","?","R","T","?","$","R","M","E","R","B",null,"M","?","M","M","$","R","?","E","T","R","M","$","M","M","R","B",null,"M","M","?","?","M","R","E","?","T","M","?","M","?","M","R","B","B"],"character_chosen":"IRONCLAD","items_purchased":["Whirlwind","Shockwave"],"campfire_rested":1,"item_purchase_floors":[4,11],"current_hp_per_floor":[74,79,68,68,74,80,56,56,66,40,40,40,39,25,25,17,72,43,43,43,43,43,43,43,31,31,31,31,31,29,29,29,23,73,83,86,86,86,77,77,77,77,77,77,82,82,82,61,88,50,0,0],"gold":1374,"neow_bonus":"THREE_ENEMY_KILL","is_daily":false,"chose_seed":false,"campfire_upgraded":6,"win_rate":0.0,"timestamp":1609784631,"path_taken":["M","?","?","$","M","E","?","R","T","?","?","R","M","E","R","BOSS","M","?","M","M","$","R","?","E","T","R","?","?","M","M","R","BOSS","M","M","?","?","M","R","E","?","T","?","?","?","?","M","R","BOSS","BOSS"],"items_purchased_type":["Card","Card"],"build_version":"2020-12-22","purchased_purges":2,"victory":false,"max_hp_per_floor":[75,80,80,80,80,80,80,80,90,90,90,90,90,90,90,90,90,90,90,90,90,90,90,90,90,90,90,90,90,90,90,90,90,90,90,90,90,90,90,90,90,90,90,90,95,95,90,90,90,90,90,90],"card_choices":[{"not_picked":["Headbutt","Twin Strike"],"picked":"Spot Weakness","floor":1.0},{"not_picked":["Anger","Havoc"],"picked":"Sword Boomerang","floor":5.0},{"not_picked":["Evolve","Dual Wield","Barricade"],"picked":"SKIP","floor":6.0},{"not_picked":["Clash","Body Slam"],"picked":"Flex","floor":13.0},{"not_picked":["Rage","Blood for Blood"],"picked":"Battle Trance","floor":14.0},{"not_picked":["Brutality","Juggernaut"],"picked":"Fiend Fire","floor":16.0},{"not_picked":["Perfected Strike+1","Power Through","Pommel Strike"],"picked":"SKIP","floor":18.0},{"not_picked":["Clothesline","Twin Strike"],"picked":"Sentinel","floor":20.0},{"not_picked":["Anger","Rampage","True Grit"],"picked":"SKIP","floor":21.0},{"not_picked":["Havoc","Disarm","Searing Blow"],"picked":"SKIP","floor":25.0},{"not_picked":["Headbutt","Body Slam","Cleave"],"picked":"SKIP","floor":28.0},{"not_picked":["Brutality+1","Heavy Blade","Evolve+1"],"picked":"SKIP","floor":30.0},{"not_picked":["Warcry","Thunderclap","Body Slam"],"picked":"SKIP","floor":31.0},{"not_picked":["Fiend Fire","Barricade+1"],"picked":"Demon Form+1","floor":33.0},{"not_picked":["Pommel Strike","Clash","Clothesline"],"picked":"SKIP","floor":35.0},{"not_picked":["Anger+1","Wild Strike","Blood for Blood"],"picked":"SKIP","floor":36.0},{"not_picked":["Feel No Pain+1","Pommel Strike","Anger"],"picked":"SKIP","floor":39.0},{"not_picked":["Sword Boomerang+1","Juggernaut+1","Inflame+1"],"picked":"SKIP","floor":41.0},{"not_picked":["Clothesline","Thunderclap+1","Body Slam"],"picked":"SKIP","floor":44.0},{"not_picked":["Clothesline","Flex+1","Anger+1"],"picked":"SKIP","floor":46.0},{"not_picked":["Warcry","Sword Boomerang","Armaments+1"],"picked":"SKIP","floor":48.0}],"player_experience":1667181,"relics_obtained":[{"floor":6.0,"key":"Omamori"},{"floor":9.0,"key":"Pear"},{"floor":14.0,"key":"Thread and Needle"},{"floor":25.0,"key":"Frozen Egg 2"},{"floor":26.0,"key":"HornCleat"},{"floor":41.0,"key":"Centennial Puzzle"}],"event_choices":[{"damage_healed":0.0,"max_hp_gain":5.0,"max_hp_loss":0.0,"gold_gain":0.0,"event_name":"Big Fish","player_choice":"Donut","floor":2.0,"gold_loss":0.0,"damage_taken":0.0},{"damage_healed":0.0,"max_hp_gain":0.0,"max_hp_loss":0.0,"gold_gain":75.0,"event_name":"World of Goop","player_choice":"Gather Gold","floor":3.0,"gold_loss":0.0,"damage_taken":11.0},{"damage_healed":0.0,"max_hp_gain":0.0,"max_hp_loss":0.0,"gold_gain":0.0,"event_name":"Shining Light","player_choice":"Entered Light","floor":7.0,"gold_loss":0.0,"damage_taken":24.0,"cards_upgraded":["Strike_R","Strike_R"]},{"damage_healed":0.0,"max_hp_gain":0.0,"max_hp_loss":0.0,"gold_gain":0.0,"event_name":"Scrap Ooze","player_choice":"Success","floor":10.0,"gold_loss":0.0,"damage_taken":26.0,"relics_obtained":["Ancient Tea Set"]},{"cards_removed":["Strike_R"],"damage_healed":0.0,"max_hp_gain":0.0,"max_hp_loss":0.0,"gold_gain":0.0,"event_name":"Back to Basics","player_choice":"Elegance","floor":19.0,"gold_loss":0.0,"damage_taken":0.0},{"damage_healed":0.0,"max_hp_gain":0.0,"max_hp_loss":0.0,"gold_gain":0.0,"event_name":"Drug Dealer","player_choice":"Inject Mutagens","floor":24.0,"gold_loss":0.0,"damage_taken":0.0,"relics_obtained":["MutagenicStrength"]},{"damage_healed":0.0,"max_hp_gain":0.0,"max_hp_loss":0.0,"gold_gain":0.0,"event_name":"Tomb of Lord Red Mask","player_choice":"Ignored","floor":37.0,"gold_loss":0.0,"damage_taken":0.0},{"damage_healed":0.0,"max_hp_gain":0.0,"max_hp_loss":0.0,"gold_gain":999.0,"event_name":"MindBloom","player_choice":"Gold","floor":38.0,"gold_loss":0.0,"damage_taken":0.0,"cards_obtained":["Normality","Normality"]},{"damage_healed":0.0,"max_hp_gain":0.0,"max_hp_loss":0.0,"gold_gain":50.0,"event_name":"Golden Shrine","player_choice":"Pray","floor":42.0,"gold_loss":0.0,"damage_taken":0.0},{"damage_healed":0.0,"max_hp_gain":0.0,"max_hp_loss":0.0,"gold_gain":0.0,"event_name":"The Woman in Blue","player_choice":"Bought 3 Potions","floor":45.0,"gold_loss":0.0,"damage_taken":0.0},{"damage_healed":0.0,"max_hp_gain":0.0,"max_hp_loss":5.0,"gold_gain":0.0,"event_name":"Winding Halls","player_choice":"Max HP","floor":47.0,"gold_loss":0.0,"damage_taken":0.0}],"is_beta":false,"boss_relics":[{"not_picked":["SacredBark","Tiny House"],"picked":"Astrolabe"},{"not_picked":["Sozu","Velvet Choker"],"picked":"Fusion Hammer"}],"items_purged_floors":[4,22],"is_endless":false,"potions_floor_spawned":[1,6,13,16,25,30,33,35,39,46,48],"killed_by":"Donu and Deca","ascension_level":20}}