{"host":"v1sr5h8q0mijnzs9","time":1609774267,"event":{"mods":["AchievementEnabler","Arknights The Spire","BaseMod","Bestiary","Better Altar","Better Match","Better Note","Better Sensory Stone","Better Skull","Better Third Choice","BetterRewards","Colored Map","Colored Powertips","Downfall","Duelist Mod","Evolution","Friendly Minions","GifTheSpireLib","Googly Eyes","Hero for Fun","Highlight Path","Hubris","Infinite Spire","Jorbs\u0027s Wanderer Trilogy","Marisa????????","Minty Spire (QoL Compilation)","READ ME - Snecko Mod","Replay The Spire","Shop Mod","StSLib","SuperFastMode","The Bug Knight","The Construct","The Cursed","The Death Knight","The Disciple","The Forsaken","The Jungle","The Necromancer","The Saiyan","The Servant 0.9.4","[IsaacMod]????"],"gold_per_floor":[113,0,16,16,16,60,60,60,60,78,118,45,45,64,64,189,189,205,205,225,245,270,270,314,314,314,332,347,347,365,389,389,541,541,565,592,592,634,654,720,720,752,775,806,806,857,857,0,0,91,91],"floor_reached":50,"playtime":7427,"items_purged":["Wraith"],"score":606,"play_id":"bfbb1aba-36b4-4293-886f-49fe69fbc324","local_time":"20210104163107","is_ascension_mode":false,"campfire_choices":[{"floor":7,"key":"REST"},{"floor":15,"key":"REST"},{"data":"After Image","floor":23,"key":"SMITH"},{"floor":25,"key":"REST"},{"data":"infinitespire:DeathsTouch","floor":29,"key":"SMITH"},{"data":"Corpse Explosion","floor":32,"key":"SMITH"},{"data":"Envenom","floor":41,"key":"SMITH"},{"data":"ReplayTheSpireMod:Black Plague","floor":47,"key":"SMITH"},{"floor":49,"key":"DIG"}],"circlet_count":0,"master_deck":["Strike_G","Strike_G","Strike_G","Strike_G","Strike_G","Defend_G","Defend_G","Defend_G","Defend_G","Defend_G","Survivor","Neutralize","SuicideKing","stsjorbsmod:Procrastination","Fluid Movement","Draining Mist","Injury","Unload","infinitespire:DeathsTouch+1","PiercingWail","Blade Dance","ReplayTheSpireMod:Scrap Shanks","After Image+1","Toxin Wave","theForsaken:TearsOfSunlight+1","Backstab+1","Deadly Poison+1","Poisoned Stab","Backstab","Corpse Explosion+1","hubris:TrickCloak","Poisoned Stab+1","hubris:SlightOfHand+1","Envenom+1","Deadly Poison","Backstab+1","Infinite Blades+1","ReplayTheSpireMod:Scrap Shanks+1","Blade Dance+1","Noxious Fumes+1","Leg Sweep+1","ReplayTheSpireMod:Black Plague+1","ReplayTheSpireMod:Shiv Toss+1","Infinite Blades+1","Bouncing Flask+1","Bane+1","Predator+1","Prepared+1","Transmutation+1"],"relics":["EVO:Axolotl","HushsDoor","MaYiHuaBei","theForsaken:Kindling","TheBean","Golden Idol","Regal Pillow","hubris:PeanutButter","hubris:SphereOfDissonance","Sizzling Blood","hubris:GrandSneckoEye","SalivaCoin","hubris:CuriousFeather","Empty Cage","GuppysCollar","SatanicBible","DoctorsRemote","Leech","Replay:Bottled Snecko","Smiling Mask","hubris:HerbalPaste","Golden Egg","infinitespire:PuzzleCube","infinitespire:CheckeredPen"],"acts_visited":["Exordium","theJungle:Jungle","TheBeyond"],"potions_floor_usage":[16,20,22,24,33,33,42,50,50,50],"damage_taken":[{"damage":1,"enemies":"Jaw Worm","floor":1,"turns":6},{"damage":0,"enemies":"Cultist","floor":3,"turns":4},{"damage":10,"enemies":"Replay:BlueRogue","floor":6,"turns":9},{"damage":0,"enemies":"2 Louse","floor":10,"turns":2},{"damage":16,"enemies":"3 Sentries","floor":11,"turns":7},{"damage":6,"enemies":"Blue Slaver","floor":14,"turns":3},{"damage":54,"enemies":"Fading Forest","floor":16,"turns":11},{"damage":10,"enemies":"theJungle:MUSHROOMGANG","floor":18,"turns":4},{"damage":12,"enemies":"theJungle:5_Spyders","floor":20,"turns":6},{"damage":0,"enemies":"Snake Plant","floor":21,"turns":4},{"damage":12,"enemies":"theJungle:JungleHuntersEncounter","floor":22,"turns":5},{"damage":56,"enemies":"theJungle:MamaSnecko","floor":24,"turns":6},{"damage":0,"enemies":"theJungle:Snecko_Cultist_And_Trap","floor":27,"turns":5},{"damage":0,"enemies":"theJungle:SlimyTreeVines","floor":28,"turns":4},{"damage":0,"enemies":"theJungle:JungleHuntersEncounter","floor":30,"turns":4},{"damage":0,"enemies":"theJungle:Lyon","floor":31,"turns":2},{"damage":24,"enemies":"theJungle:TotemBoss","floor":33,"turns":5},{"damage":0,"enemies":"Orb Walker","floor":35,"turns":2},{"damage":0,"enemies":"3 Darklings","floor":36,"turns":2},{"damage":11,"enemies":"4 Shapes","floor":38,"turns":5},{"damage":6,"enemies":"Spire Growth","floor":39,"turns":4},{"damage":5,"enemies":"Sphere and 2 Shapes","floor":42,"turns":3},{"damage":6,"enemies":"Maw","floor":44,"turns":5},{"damage":7,"enemies":"R_Hoarder","floor":46,"turns":3},{"damage":68,"enemies":"Awakened One","floor":50,"turns":8}],"seed_played":"1880920552517082617","potions_obtained":[{"floor":10,"key":"Dexterity Potion"},{"floor":11,"key":"EssenceOfSteel"},{"floor":16,"key":"LiquidBronze"},{"floor":20,"key":"Weak Potion"},{"floor":28,"key":"SpeedPotion"},{"floor":30,"key":"champ:CounterPotion"},{"floor":33,"key":"LiquidMemories"},{"floor":39,"key":"Ancient Potion"},{"floor":40,"key":"Weak Potion"},{"floor":46,"key":"Weak Potion"}],"is_trial":false,"path_per_floor":["M","$","M","?","?","E","R","?","T","M","E","$","?","M","R_BF","B",null,"M","?","M","M","M","R","E","R","T","M","M","R","M","M","R","B",null,"M","M","?","M","M","?","R","M","T","M","AVR","E","R","$","R_BF","B"],"character_chosen":"THE_SILENT","items_purchased":["TheBean","ReplayTheSpireMod:Scrap Shanks","GuppysCollar","SatanicBible","hubris:HerbalPaste","Golden Egg","infinitespire:PuzzleCube","Infinite Blades","Bouncing Flask","Bane","Predator","Prepared","Transmutation"],"campfire_rested":3,"item_purchase_floors":[2,12,34,34,48,48,48,48,48,48,48,48,48],"current_hp_per_floor":[69,69,69,69,69,59,75,75,75,75,59,59,63,61,84,34,84,78,78,79,83,75,75,23,68,68,72,82,82,86,89,89,69,66,66,66,66,59,57,57,57,56,56,58,58,58,58,58,58,0,0],"gold":91,"neow_bonus":"ONE_RARE_RELIC","is_daily":false,"chose_seed":false,"campfire_upgraded":5,"win_rate":0.0,"timestamp":1609774267,"path_taken":["M","$","M","?","?","E","R","?","T","M","E","$","?","M","R_BF","BOSS","M","?","M","M","M","R","E","R","T","M","?","R","M","M","R","BOSS","M","M","?","?","M","?","R","M","T","M","AVR","E","R","$","R_BF","BOSS"],"items_purchased_type":["Relic","Card","Relic","Relic","Relic","Relic","Relic","Card","Card","Card","Card","Card","Card"],"build_version":"2020-12-22","purchased_purges":1,"victory":false,"max_hp_per_floor":[70,70,70,70,70,70,75,75,75,75,75,75,79,79,84,84,84,84,84,84,84,84,84,84,89,89,89,89,89,89,89,89,89,66,66,66,66,66,66,66,66,66,66,66,66,66,66,66,66,66,66],"card_choices":[{"not_picked":[],"picked":"SuicideKing","floor":0},{"not_picked":["Sucker Punch","Quick Slash"],"picked":"Fluid Movement","floor":1},{"not_picked":["Deflect","Endless Agony"],"picked":"Draining Mist","floor":3},{"not_picked":["Dagger Spray","Quick Slash"],"picked":"Unload","floor":6},{"not_picked":["infinitespire:NeuralNetwork","ReplayTheSpireMod:Chaos Vortex"],"picked":"infinitespire:DeathsTouch","floor":8},{"not_picked":["ReplayTheSpireMod:Shiv Toss","Outmaneuver"],"picked":"PiercingWail","floor":10},{"not_picked":["Backflip","Reflex"],"picked":"Blade Dance","floor":11},{"not_picked":["Tactician","Skewer"],"picked":"Bomb","floor":14},{"not_picked":["Wraith Form v2","Bullet Time"],"picked":"After Image","floor":16},{"not_picked":["Quick Slash+1","Acrobatics"],"picked":"Toxin Wave","floor":18},{"not_picked":["ReplayTheSpireMod:Shiv Toss","Flying Knee"],"picked":"Backstab+1","floor":20},{"not_picked":["ReplayTheSpireMod:Speed Training+1","Eviscerate+1"],"picked":"Deadly Poison+1","floor":21},{"not_picked":["Outmaneuver","Deadly Poison"],"picked":"Poisoned Stab","floor":22},{"not_picked":["ReplayTheSpireMod:Speed Training+1","Dodge and Roll+1"],"picked":"Backstab","floor":24},{"not_picked":["hubris:SlightOfHand+1","hubris:TrickCloak"],"picked":"Corpse Explosion","floor":27},{"not_picked":["Underhanded Strike","All Out Attack"],"picked":"hubris:TrickCloak","floor":28},{"not_picked":["Acrobatics","Dagger Spray"],"picked":"Poisoned Stab+1","floor":30},{"not_picked":["Escape Plan","Dagger Throw"],"picked":"hubris:SlightOfHand+1","floor":31},{"not_picked":["Adrenaline","Replay:Bag of Tricks"],"picked":"Envenom","floor":33},{"not_picked":["Distraction","Prepared+1"],"picked":"Deadly Poison","floor":35},{"not_picked":["Underhanded Strike+1","Flying Knee"],"picked":"Backstab+1","floor":36},{"not_picked":["Dodge and Roll+1","All Out Attack+1"],"picked":"Infinite Blades+1","floor":38},{"not_picked":["Dagger Spray","Sucker Punch+1"],"picked":"ReplayTheSpireMod:Scrap Shanks+1","floor":39},{"not_picked":["Underhanded Strike","Hidden Blade+1"],"picked":"Blade Dance+1","floor":40},{"not_picked":["hubris:SlightOfHand+1","PiercingWail"],"picked":"Noxious Fumes+1","floor":42},{"not_picked":["hubris:Counter","Blade Dance"],"picked":"Leg Sweep+1","floor":44},{"not_picked":["Calculated Gamble+1","Draining Mist+1"],"picked":"ReplayTheSpireMod:Shiv Toss+1","floor":46}],"player_experience":131398,"relics_obtained":[{"floor":6,"key":"Regal Pillow"},{"floor":9,"key":"hubris:PeanutButter"},{"floor":11,"key":"hubris:SphereOfDissonance"},{"floor":24,"key":"SalivaCoin"},{"floor":26,"key":"hubris:CuriousFeather"},{"floor":40,"key":"DoctorsRemote"},{"floor":43,"key":"Leech"},{"floor":46,"key":"Smiling Mask"},{"floor":49,"key":"infinitespire:CheckeredPen"}],"event_choices":[{"damage_healed":0,"gold_gain":0,"player_choice":"Ignored","damage_taken":0,"max_hp_gain":0,"max_hp_loss":0,"event_name":"WeMeetAgain","floor":4,"gold_loss":0},{"damage_healed":0,"gold_gain":0,"player_choice":"Take Wound","damage_taken":0,"relics_obtained":["Golden Idol"],"max_hp_gain":0,"max_hp_loss":0,"event_name":"Golden Idol","floor":5,"gold_loss":0,"cards_obtained":["Injury"]},{"cards_removed":["infinitespire:DeathsTouch"],"damage_healed":0,"gold_gain":0,"player_choice":"Take \u0026 Give","damage_taken":0,"max_hp_gain":0,"max_hp_loss":0,"event_name":"betterNote:BetterNote","floor":19,"gold_loss":0,"cards_obtained":["theForsaken:TearsOfSunlight"]},{"damage_healed":0,"gold_gain":0,"player_choice":"Ignored","damage_taken":0,"max_hp_gain":0,"max_hp_loss":0,"event_name":"OrinTheCat","floor":37,"gold_loss":0}],"is_beta":false,"boss_relics":[{"not_picked":["Kintsugi","Replay:Fungal Core"],"picked":"hubris:GrandSneckoEye"},{"not_picked":[]},{"not_picked":["Replay:Ancient Bell","hubris:HollowSoul"],"picked":"Empty Cage"},{"not_picked":[]}],"items_purged_floors":[45],"is_endless":false,"potions_floor_spawned":[10,11,16,20,21,28,30,33,39,46],"killed_by":"Awakened One","ascension_level":0}}