{"host":"v1sr5h8q0mijnzs9","time":1609776478,"event":{"mods":["AchievementEnabler","Arknights The Spire","BaseMod","Bestiary","Better Altar","Better Match","Better Note","Better Sensory Stone","Better Skull","Better Third Choice","BetterRewards","Colored Map","Colored Powertips","Downfall","Duelist Mod","Evolution","Friendly Minions","GifTheSpireLib","Googly Eyes","Hero for Fun","Highlight Path","Hubris","Infinite Spire","Jorbs\u0027s Wanderer Trilogy","Marisa????????","Minty Spire (QoL Compilation)","READ ME - Snecko Mod","Replay The Spire","Shop Mod","StSLib","SuperFastMode","The Bug Knight","The Construct","The Cursed","The Death Knight","The Disciple","The Forsaken","The Jungle","The Necromancer","The Saiyan","The Servant 0.9.4","[IsaacMod]????"],"gold_per_floor":[27,47,54,54,54,156,180,194,194,194,194,7,62,82,82,262,262,394,304,304,304,362,38,38,66,66,66,80,80,144,176,176,225,225],"floor_reached":33,"playtime":2099,"items_purged":[],"score":270,"play_id":"0dcea350-ba5c-44c4-80ea-10bf01b3c92d","local_time":"20210104170758","is_ascension_mode":false,"campfire_choices":[{"floor":10,"key":"REST"},{"data":"Creative AI","floor":11,"key":"SMITH"},{"floor":15,"key":"REST"},{"floor":24,"key":"REST"},{"floor":27,"key":"REST"},{"floor":29,"key":"REST"},{"floor":32,"key":"DIG"}],"circlet_count":0,"master_deck":["Strike_B","Strike_B+1","Strike_B+1","Strike_B+1","Defend_B+1","Defend_B","Defend_B","Defend_B","Zap","Dualcast","Ball Lightning+1","Redo","White Noise","Gash","Pain","Beam Cell","Creative AI+1","Gash","Seek","Beam Cell","Storm","Cold Snap","Multi-Cast","Sickly","ReplayTheSpireMod:Doomed","Gash","Double Energy+1","infinitespire:DeathsTouch","Fusion","Stack","Coolheaded+1","Capacitor+1","Doom and Gloom+1","Steam","Hello World+1","Capacitor+1","Seek","Darkness+1"],"relics":["Cracked Core","EVO:Axolotl","HushsDoor","SalivaCoin","Prayer Wheel","WarpedTongs","Thread and Needle","WingedGreaves","Whetstone","Replay:Ancient Bell","Gremlin Food","Carrot","GuppysTail","Garlic","Replay:Blank Codex","construct:FoamFinger","Leech"],"acts_visited":["Exordium","TheCity"],"potions_floor_usage":[16,16,28,31,31],"damage_taken":[{"damage":2,"enemies":"2 Louse","floor":1,"turns":4},{"damage":1,"enemies":"Cultist","floor":2,"turns":3},{"damage":33,"enemies":"3 Sentries","floor":6,"turns":5},{"damage":7,"enemies":"Jaw Worm","floor":7,"turns":3},{"damage":0,"enemies":"2 Fungi Beasts","floor":8,"turns":1},{"damage":1,"enemies":"Looter","floor":14,"turns":2},{"damage":13,"enemies":"Hexaghost","floor":16,"turns":7},{"damage":19,"enemies":"3 Byrds","floor":18,"turns":4},{"damage":34,"enemies":"2 Thieves","floor":22,"turns":4},{"damage":0,"enemies":"Cultist and Chosen","floor":28,"turns":3},{"damage":19,"enemies":"Shelled Parasite and Fungi","floor":30,"turns":5},{"damage":7,"enemies":"Snake Plant","floor":31,"turns":3},{"damage":76,"enemies":"Automaton","floor":33,"turns":6}],"seed_played":"-640711327275858792","potions_obtained":[{"floor":7,"key":"SpeedPotion"},{"floor":14,"key":"Fire Potion"},{"floor":16,"key":"FearPotion"},{"floor":18,"key":"PowerPotion"},{"floor":22,"key":"PowerPotion"},{"floor":30,"key":"SpeedPotion"}],"is_trial":false,"path_per_floor":["M","M","?","?","$","E","M","M","T","R","R","$","?","M","R_BF","B",null,"M","?","?","?","M","$","R","?","T","R","M","R","M","M","R_BF","B"],"character_chosen":"DEFECT","items_purchased":["Whetstone","Beam Cell","Garlic","Capacitor"],"campfire_rested":5,"item_purchase_floors":[12,12,23,23],"current_hp_per_floor":[73,72,57,57,57,24,17,17,17,39,39,39,24,23,45,32,75,56,56,56,56,22,22,44,28,28,50,50,72,53,46,46,0,0],"gold":225,"neow_bonus":"THREE_RARE_CARDS","is_daily":false,"chose_seed":false,"campfire_upgraded":1,"win_rate":0.0,"timestamp":1609776478,"path_taken":["M","M","?","?","$","E","M","?","T","R","R","$","?","?","R_BF","BOSS","M","?","?","?","?","$","R","?","T","R","?","R","M","M","R_BF","BOSS"],"items_purchased_type":["Relic","Card","Relic","Card"],"build_version":"2020-12-22","purchased_purges":0,"victory":false,"max_hp_per_floor":[75,75,75,75,75,75,75,75,75,75,75,75,75,75,75,75,75,75,75,75,75,75,75,75,75,75,75,75,75,75,75,75,75,75],"card_choices":[{"not_picked":[],"picked":"ChaosCard","floor":0},{"not_picked":["Meteor Strike","Thunder Strike"],"picked":"ReplayTheSpireMod:Fabricate Wheel","floor":0},{"not_picked":["Distribution","Barrage"],"picked":"Ball Lightning","floor":1},{"not_picked":["ReplaySolidLightProjector","Barrage"],"picked":"Redo","floor":1},{"not_picked":["Pulse","Beam Cell"],"picked":"White Noise","floor":2},{"not_picked":["Time Bomb","Undo"],"picked":"Gash","floor":2},{"not_picked":["Chill","Coolheaded"],"picked":"Beam Cell","floor":6},{"not_picked":["Self Repair","Stack"],"picked":"Creative AI","floor":7},{"not_picked":["Rebound","ReplayTheSpireMod:Reroute Power"],"picked":"Bomb","floor":7},{"not_picked":["Sweeping Beam","Coolheaded"],"picked":"Gash","floor":8},{"not_picked":["Sweeping Beam","BasicCrystalCard"],"picked":"Seek","floor":8},{"not_picked":["Redo","Sweeping Beam"],"picked":"Storm","floor":14},{"not_picked":["Streamline","ReplayGash"],"picked":"Cold Snap","floor":14},{"not_picked":["hubris:DoWhile","Hyperbeam"],"picked":"Multi-Cast","floor":16},{"not_picked":["hubris:Sloth","Amnesia"],"picked":"Sickly","floor":17},{"not_picked":["Normality","theDuelist:CurseAging"],"picked":"ReplayTheSpireMod:Doomed","floor":17},{"not_picked":["Guardian:Aged","ReplayTheSpireMod:Restless Dread"],"picked":"theForsaken:PlagueCurse","floor":17},{"not_picked":["Stack","Rebound"],"picked":"Gash","floor":18},{"not_picked":["Streamline","Creative AI"],"picked":"Double Energy+1","floor":18},{"not_picked":["Aggregate","Panic Button"],"picked":"Stack","floor":22},{"not_picked":["Panic Button","Leap"],"picked":"Coolheaded+1","floor":22},{"not_picked":["Sweeping Beam+1","ReplayTheSpireMod:GoodbyeWorld"],"picked":"Doom and Gloom+1","floor":28},{"not_picked":["Sunder","Cold Snap"],"picked":"Steam","floor":28},{"not_picked":["Stack","Recycle"],"picked":"Hello World+1","floor":30},{"not_picked":["Hologram","Streamline+1"],"picked":"Capacitor+1","floor":30},{"not_picked":["Sunder","Turbo"],"picked":"Seek","floor":31},{"not_picked":["Barrage","Tempest"],"picked":"Darkness+1","floor":31}],"player_experience":138825,"relics_obtained":[{"floor":6,"key":"Thread and Needle"},{"floor":9,"key":"WingedGreaves"},{"floor":25,"key":"Replay:Blank Codex"},{"floor":26,"key":"construct:FoamFinger"},{"floor":32,"key":"Leech"}],"event_choices":[{"damage_healed":0,"gold_gain":0,"player_choice":"Rummage","damage_taken":0,"relics_obtained":["WarpedTongs"],"max_hp_gain":0,"max_hp_loss":0,"event_name":"Accursed Blacksmith","floor":4,"gold_loss":0,"cards_obtained":["Pain"]},{"cards_removed":["theForsaken:PlagueCurse"],"damage_healed":0,"gold_gain":0,"player_choice":"Upgrade and Remove","damage_taken":0,"max_hp_gain":0,"max_hp_loss":0,"event_name":"Designer","floor":19,"gold_loss":90,"cards_upgraded":["Strike_B"]},{"cards_removed":["Creative AI"],"damage_healed":0,"gold_gain":0,"player_choice":"Take \u0026 Give","damage_taken":0,"max_hp_gain":0,"max_hp_loss":0,"event_name":"betterNote:BetterNote","floor":20,"gold_loss":0,"cards_obtained":["infinitespire:DeathsTouch"]},{"damage_healed":0,"gold_gain":0,"cards_transformed":["Beam Cell"],"player_choice":"Transformed","damage_taken":0,"max_hp_gain":0,"max_hp_loss":0,"event_name":"Transmorgrifier","floor":21,"gold_loss":0,"cards_obtained":["Fusion"]},{"damage_healed":0,"gold_gain":0,"player_choice":"Obtained Book","damage_taken":16,"max_hp_gain":0,"max_hp_loss":0,"event_name":"Cursed Tome","floor":25,"gold_loss":0}],"is_beta":false,"boss_relics":[{"not_picked":["Coffee Dripper","theForsaken:PaleLantern"],"picked":"Replay:Ancient Bell"},{"not_picked":["MealTicket","Replay:Bandana"],"picked":"Gremlin Food"},{"not_picked":["Pear","Iron Hammer"],"picked":"Carrot"},{"not_picked":["D4","Pocketwatch"],"picked":"GuppysTail"},{"not_picked":[]}],"items_purged_floors":[],"is_endless":false,"potions_floor_spawned":[7,14,16,18,22,30],"killed_by":"Automaton","ascension_level":0}}