{"host":"ryuep8ewa00k39z9","time":1609789387,"event":{"mods":["AchievementEnabler","BaseMod","Best Route Mod","Colored Map","Colored Powertips","Displayed Cursed Tome","Highlight Path","Minty Spire (QoL Compilation)","Quick Restart","SuperFastMode"],"gold_per_floor":[116,291,366,291,302,302,331,331,354,354,364,364,364,364],"floor_reached":13,"playtime":657,"items_purged":["Doubt"],"score":113,"play_id":"82547393-065c-49a2-95ce-6059d9a298b0","local_time":"20210104134307","is_ascension_mode":true,"campfire_choices":[{"floor":6.0,"key":"RECALL"},{"data":"Amplify","floor":8.0,"key":"SMITH"},{"floor":10.0,"key":"REST"},{"data":"Compile Driver","floor":12.0,"key":"SMITH"}],"circlet_count":0,"master_deck":["Strike_B","Strike_B","Strike_B","Strike_B","Defend_B","Defend_B","Defend_B","Defend_B","Zap","Dualcast","Amplify+1","Compile Driver+1"],"relics":["Nuclear Battery","Turnip","Lantern"],"acts_visited":["Exordium"],"potions_floor_usage":[],"damage_taken":[{"damage":0.0,"enemies":"2 Louse","floor":1.0,"turns":3.0},{"damage":4.0,"enemies":"Jaw Worm","floor":5.0,"turns":4.0},{"damage":35.0,"enemies":"3 Sentries","floor":7.0,"turns":12.0},{"damage":6.0,"enemies":"Cultist","floor":11.0,"turns":4.0},{"damage":52,"enemies":"Lagavulin","floor":13,"turns":8}],"seed_played":"6662750551578671965","potions_obtained":[{"floor":1.0,"key":"LiquidMemories"}],"is_trial":false,"path_per_floor":["M","?","?","$","M","R","E","R","T","R","M","R","E"],"character_chosen":"DEFECT","items_purchased":[],"campfire_rested":1,"item_purchase_floors":[],"current_hp_per_floor":[68,68,61,61,57,57,22,22,22,44,38,38,0,0],"gold":364,"neow_bonus":"BOSS_RELIC","is_daily":false,"chose_seed":false,"campfire_upgraded":2,"win_rate":0.0,"timestamp":1609789387,"path_taken":["M","?","?","$","M","R","E","R","T","R","?","R","E"],"items_purchased_type":[],"build_version":"2020-12-22","purchased_purges":1,"victory":false,"max_hp_per_floor":[75,75,75,75,75,75,75,75,75,75,75,75,75,75],"card_choices":[{"not_picked":["Chill","Steam Power","Blizzard"],"picked":"SKIP","floor":1.0},{"not_picked":["Compile Driver","Redo","Rebound"],"picked":"SKIP","floor":5.0},{"not_picked":["Sweeping Beam","Aggregate"],"picked":"Amplify","floor":7.0},{"not_picked":["Tempest","Gash"],"picked":"Compile Driver","floor":11.0}],"player_experience":3901367,"relics_obtained":[{"floor":7.0,"key":"Turnip"},{"floor":9.0,"key":"Lantern"}],"event_choices":[{"damage_healed":0.0,"max_hp_gain":0.0,"max_hp_loss":0.0,"gold_gain":175.0,"event_name":"Liars Game","player_choice":"AGREE","floor":2.0,"gold_loss":0.0,"damage_taken":0.0,"cards_obtained":["Doubt"]},{"damage_healed":0.0,"max_hp_gain":0.0,"max_hp_loss":0.0,"gold_gain":75.0,"event_name":"FaceTrader","player_choice":"Touch","floor":3.0,"gold_loss":0.0,"damage_taken":7.0}],"is_beta":false,"boss_relics":[],"items_purged_floors":[4],"is_endless":false,"potions_floor_spawned":[1],"killed_by":"Lagavulin","ascension_level":8}}