{"host":"yecadp3kwkksam5a","time":1609754642,"event":{"mods":["BaseMod","Minty Spire (QoL Compilation)","Replay The Spire","StSLib","The Jungle"],"gold_per_floor":[114,128,139,157,157,189,189,189],"floor_reached":7,"playtime":481,"items_purged":[],"score":80,"play_id":"24173c8f-6b03-4b0e-82fb-5171dae35c09","local_time":"20210104190402","daily_mods":["Draft","Flight"],"is_ascension_mode":true,"campfire_choices":[],"circlet_count":0,"master_deck":["AscendersBane","Steam Power","Defragment","Beam Cell","ReplayTheSpireMod:GoodbyeWorld","Ball Lightning","Capacitor","Leap","Skim","Stack","Compile Driver","Chaos","Leap","Loop","Gash","Heatsinks","ReplayTheSpireMod:Calculation Training","Core Surge","Coolheaded","Conserve Battery"],"relics":["Cracked Core","Pen Nib"],"acts_visited":["Exordium"],"potions_floor_usage":[],"damage_taken":[{"damage":0.0,"enemies":"Small Slimes","floor":1.0,"turns":3.0},{"damage":8.0,"enemies":"Jaw Worm","floor":2.0,"turns":3.0},{"damage":3.0,"enemies":"2 Louse","floor":3.0,"turns":3.0},{"damage":4.0,"enemies":"Blue Slaver","floor":4.0,"turns":3.0},{"damage":15,"enemies":"3 Sentries","floor":6,"turns":7},{"damage":8,"enemies":"Gremlin Nob","floor":7,"turns":3}],"seed_played":"2943827916252126546","potions_obtained":[{"floor":1.0,"key":"Weak Potion"},{"floor":4.0,"key":"Fruit Juice"}],"is_trial":true,"path_per_floor":["M","M","M","M","?","E","E"],"character_chosen":"DEFECT","items_purchased":[],"campfire_rested":0,"item_purchase_floors":[],"current_hp_per_floor":[68,60,57,53,58,43,35,35],"gold":189,"neow_bonus":"","is_daily":false,"chose_seed":false,"campfire_upgraded":0,"win_rate":0.0,"timestamp":1609754642,"path_taken":["M","M","M","M","?","E","E"],"items_purchased_type":[],"build_version":"2020-12-22","purchased_purges":0,"victory":false,"max_hp_per_floor":[75,75,75,75,80,80,80,80],"card_choices":[{"not_picked":["ReplayTheSpireMod:Reroute Power","Reprogram"],"picked":"Steam Power","floor":0.0},{"not_picked":["Auto Shields","Barrage"],"picked":"Defragment","floor":0.0},{"not_picked":["Streamline","Panic Button"],"picked":"Beam Cell","floor":0.0},{"not_picked":["Rebound","Panic Button"],"picked":"ReplayTheSpireMod:GoodbyeWorld","floor":0.0},{"not_picked":["Time Bomb","Panic Button"],"picked":"Ball Lightning","floor":0.0},{"not_picked":["Redo","Gash"],"picked":"Capacitor","floor":0.0},{"not_picked":["BasicCrystalCard","Scrape"],"picked":"Leap","floor":0.0},{"not_picked":["Go for the Eyes","Streamline"],"picked":"Skim","floor":0.0},{"not_picked":["Streamline","Skim"],"picked":"Stack","floor":0.0},{"not_picked":["Steam","Sweeping Beam"],"picked":"Compile Driver","floor":0.0},{"not_picked":["Skim","Leap"],"picked":"Chaos","floor":0.0},{"not_picked":["Barrage","Panic Button"],"picked":"Leap","floor":0.0},{"not_picked":["Crystallizer","Stack"],"picked":"Loop","floor":0.0},{"not_picked":["BasicCrystalCard","Rebound"],"picked":"Gash","floor":0.0},{"not_picked":["Blizzard","Fusion"],"picked":"Heatsinks","floor":0.0},{"not_picked":["Rebound","Lockon"],"picked":"ReplayTheSpireMod:Calculation Training","floor":1.0},{"not_picked":["Panic Button","Heatsinks","BasicCrystalCard"],"picked":"SKIP","floor":2.0},{"not_picked":["Hologram","Force Field"],"picked":"Core Surge","floor":3.0},{"not_picked":["Go for the Eyes","Panic Button"],"picked":"Coolheaded","floor":4.0},{"not_picked":["Heatsinks","Hologram"],"picked":"Conserve Battery","floor":6}],"player_experience":353655,"relics_obtained":[{"floor":6,"key":"Pen Nib"}],"event_choices":[{"damage_healed":0,"gold_gain":0,"player_choice":"Donut","damage_taken":0,"max_hp_gain":5,"max_hp_loss":0,"event_name":"Big Fish","floor":5,"gold_loss":0}],"is_beta":false,"boss_relics":[],"items_purged_floors":[],"is_endless":false,"potions_floor_spawned":[1,4],"killed_by":"Gremlin Nob","ascension_level":10}}