{"host":"x65zqqkrq8f9s9r1","time":1609732302,"event":{"mods":["ATMod(°¢èªMod)","AchievementEnabler","Act Like it!","BaseMod","Better Altar","Better Match","Better Note","Better Sensory Stone","Better Skull","Block Reminder","Card Forge","Gold Saver","Marked Mod","Minty Spire (QoL Compilation)","Replay The Spire","Retaliation","Spicy Shops","StSLib","The Marked","vexMod"],"gold_per_floor":[780,780,794,808,828,1168,1182,1207,1282,1301,1314,1314,1332,98708,98708,98829,98829,98842,98842,98782,98800,98800,98800,98800,97488,97535,97668,97668,96500,96500,95405,95405,95630,95630,95648,95648,94944,94964,94964,95103,95103,95103,95103,95122,95140,95140,95283,95308,95308,95508,95508,95508,94218,94459,94559],"floor_reached":56,"playtime":4197,"items_purged":[],"score":1177,"play_id":"2ed91894-a0a6-47f1-bfad-f5ffadc1e50a","local_time":"20210103225142","is_ascension_mode":false,"campfire_choices":[{"floor":15,"key":"RECALL"},{"floor":23,"key":"DIG"},{"floor":30,"key":"DIG"},{"floor":32,"key":"DIG"},{"floor":41,"key":"DIG"},{"floor":46,"key":"DIG"},{"floor":49,"key":"DIG"},{"floor":52,"key":"DIG"}],"circlet_count":0,"master_deck":["theMarked:Defend+1","theMarked:Defend+1","theMarked:SoldierOfQuellstein+1","theMarked:ChainLightning+1","theMarked:ComboAttacks+1","theMarked:WardOff+1","theMarked:RogueSparks+1","theMarked:ElectricStrings+1","theMarked:Improvise+1","theMarked:SwordAndMagic+1","theMarked:ElementalBlade+1","theMarked:StartUp+1","Dramatic Entrance+1","theMarked:BindingBlade+1","theMarked:HeightenedSenses+1","theMarked:HeightenedSenses+1","theMarked:MagicAdept+1","Sadistic Nature+1","theMarked:Indomitable+1","theMarked:StartUp+1","theMarked:Opportunist+1","theMarked:ComboAttacks+1","theMarked:BindingBlade+1","theMarked:DeterminationOfTheMarked+1","theMarked:EmpowerWeapon+1","theMarked:StartUp+1","theMarked:Challenge+1","Panacea+1","AT_FamilyPortrait+1","theMarked:ParalyzingBlade+1"],"relics":["theMarked:ArtifactOfAir","Hammer of Thor","Seething Fire","Anvil of the Gods","AT_ATBox","AT_TheCollector","Golden Idol","Blood Vial","Mango","Replay:Multitool","Shovel","Toolbox","Philosopher\u0027s Stone","Darkstone Periapt","Dream Catcher","theMarked:Gun","MealTicket","vexMod:Cooldron","ClockworkSouvenir","Shuriken","AT_SpeedBoots","Happy Flower","vexMod:RetaliationKit","vexMod:ScavengeHelm","Chemical X","TheAbacus","Replay:Baseball","AT_ForceNature","vexMod:MemoryStick","AT_ChloranthyRing","HornCleat","Potion Belt","Strange Spoon","Blue Candle","BargainBundle","AT_TimeSand","vexMod:FocusSash","Honey Jar","Sundial","Oddly Smooth Stone","AT_BladeRuinedKing","Toy Ornithopter","Boot","Kunai","Mercury Hourglass","Gremlin Food","vexMod:CardConverter","Replay:Mystery Machine","AT_DeathDance","Strawberry","Pantograph","theMarked:Winder","Snack Pack","AT_BellowingDragoncrestRing"],"acts_visited":["Exordium","TheCity","TheBeyond","TheEnding"],"potions_floor_usage":[33,33,37,48,48,50,50,50,50,50,51,54,54,55,55,55,55,55,55,55,55,55,55,55,55,55],"damage_taken":[{"damage":0,"enemies":"Jaw Worm","floor":1,"turns":2},{"damage":0,"enemies":"Cultist","floor":3,"turns":2},{"damage":0,"enemies":"Small Slimes","floor":4,"turns":2},{"damage":0,"enemies":"2 Fungi Beasts","floor":5,"turns":2},{"damage":5,"enemies":"3 Sentries","floor":6,"turns":6},{"damage":0,"enemies":"Blue Slaver","floor":7,"turns":3},{"damage":5,"enemies":"Red Slaver","floor":8,"turns":3},{"damage":12,"enemies":"Exordium Thugs","floor":10,"turns":3},{"damage":2,"enemies":"Blue Slaver","floor":11,"turns":2},{"damage":6,"enemies":"Large Slime","floor":13,"turns":3},{"damage":15,"enemies":"Fading Forest","floor":16,"turns":11},{"damage":12,"enemies":"Chosen","floor":18,"turns":2},{"damage":0,"enemies":"3 Byrds","floor":21,"turns":2},{"damage":5,"enemies":"Replay:Snechameleon","floor":27,"turns":3},{"damage":0,"enemies":"Collector","floor":33,"turns":5},{"damage":0,"enemies":"3 Shapes","floor":35,"turns":1},{"damage":2,"enemies":"Orb Walker","floor":38,"turns":2},{"damage":0,"enemies":"R_Hoarder","floor":40,"turns":4},{"damage":0,"enemies":"Spire Growth","floor":44,"turns":2},{"damage":0,"enemies":"Transient","floor":45,"turns":4},{"damage":6,"enemies":"Giant Head","floor":47,"turns":4},{"damage":0,"enemies":"3 Darklings","floor":48,"turns":2},{"damage":21,"enemies":"Replay:Hell Engine","floor":50,"turns":4},{"damage":21,"enemies":"Shield and Spear","floor":54,"turns":4},{"damage":18,"enemies":"The Heart","floor":55,"turns":3}],"seed_played":"-19704540173196905","potions_obtained":[{"floor":4,"key":"PowerPotion"},{"floor":6,"key":"Reflective Coating"},{"floor":7,"key":"Strength Potion"},{"floor":10,"key":"theMarked:ChargePotion"},{"floor":35,"key":"EntropicBrew"},{"floor":44,"key":"EntropicBrew"},{"floor":45,"key":"EntropicBrew"},{"floor":48,"key":"EntropicBrew"}],"is_trial":false,"path_per_floor":["M","?","M","M","M","E","M","M","T","M","M","?","M","$","R","B",null,"M","?","?","M","T","R","?","$","T","E","?","$","R","$","R","B",null,"M","?","$","M","T","E","R","?","T","M","M","R","E","M","R","B",null,"R","$","E","B",null],"character_chosen":"THE_DEFAULT","items_purchased":["Mango","theMarked:StartUp","Dramatic Entrance","Replay:Multitool","Shovel","Toolbox","theMarked:FavorableWinds","theMarked:Gun","MealTicket","vexMod:Cooldron","ClockworkSouvenir","Shuriken","AT_SpeedBoots","theMarked:MagicAdept","Sadistic Nature","vexMod:ScavengeHelm","Chemical X","TheAbacus","Replay:Baseball","AT_ForceNature","vexMod:MemoryStick","theMarked:Opportunist","EntropicBrew","HornCleat","Potion Belt","Strange Spoon","Blue Candle","BargainBundle","AT_TimeSand","theMarked:ComboAttacks","Sundial","Oddly Smooth Stone","theMarked:GodGivenPower","theMarked:EmpowerWeapon","AT_BladeRuinedKing","EntropicBrew","Strawberry","Pantograph","theMarked:Winder","Snack Pack","Panacea","AT_FamilyPortrait","EntropicBrew"],"campfire_rested":0,"item_purchase_floors":[14,14,14,14,14,14,14,25,25,25,25,25,25,25,25,29,29,29,29,29,29,29,29,31,31,31,31,31,31,31,37,37,37,37,37,37,53,53,53,53,53,53,53],"current_hp_per_floor":[70,70,70,70,70,65,67,64,64,54,54,58,54,68,68,55,84,72,94,94,94,94,94,94,94,94,89,89,100,100,103,103,103,103,103,103,103,101,101,103,103,103,103,103,103,103,99,107,107,107,107,107,118,106,109],"gold":94559,"neow_bonus":"ONE_RARE_RELIC","is_daily":false,"chose_seed":false,"campfire_upgraded":0,"win_rate":0.0,"timestamp":1609732302,"path_taken":["M","?","M","M","M","E","M","M","T","M","M","?","?","$","R","BOSS","M","?","?","?","?","R","?","$","T","E","?","$","R","?","R","BOSS","M","?","$","M","?","E","R","?","T","M","M","R","E","M","R","BOSS","R","$","E","BOSS"],"items_purchased_type":["Relic","Card","Card","Relic","Relic","Relic","Card","Relic","Relic","Relic","Relic","Relic","Relic","Card","Card","Relic","Relic","Relic","Relic","Relic","Relic","Card","Potion","Relic","Relic","Relic","Relic","Relic","Relic","Card","Relic","Relic","Card","Card","Relic","Potion","Relic","Relic","Relic","Relic","Card","Card","Potion"],"build_version":"2020-12-22","purchased_purges":0,"victory":true,"max_hp_per_floor":[70,70,70,70,70,70,70,70,70,70,70,70,70,84,84,84,84,84,94,94,94,94,94,94,94,94,94,94,100,100,103,103,103,103,103,103,103,103,103,103,103,103,103,103,103,103,105,107,107,107,107,107,118,120,120],"card_choices":[{"not_picked":["theMarked:ShockingTouch","theMarked:Reabsorb"],"picked":"theMarked:ChainLightning","floor":1},{"not_picked":["theMarked:Frustration","theMarked:LightningStrikesTwice"],"picked":"theMarked:ComboAttacks","floor":3},{"not_picked":["theMarked:EnhanceMovement","theMarked:Frustration"],"picked":"theMarked:BanishingStrike","floor":4},{"not_picked":["theMarked:ComboAttacks","theMarked:HeightenedSenses"],"picked":"theMarked:WardOff","floor":5},{"not_picked":["theMarked:EmpowerWeapon","theMarked:CreepingChasm"],"picked":"theMarked:RogueSparks","floor":6},{"not_picked":["theMarked:Reabsorb","theMarked:Aftermath"],"picked":"theMarked:ElectricStrings","floor":7},{"not_picked":["theMarked:Aftermath","theMarked:ShockingTouch"],"picked":"theMarked:Improvise","floor":8},{"not_picked":["theMarked:Static","theMarked:ElectricStrings"],"picked":"theMarked:Parkour","floor":10},{"not_picked":["theMarked:TwofoldDefense","theMarked:HeightenedSenses"],"picked":"theMarked:SwordAndMagic","floor":11},{"not_picked":["theMarked:Polarize","theMarked:Electrocute"],"picked":"theMarked:ElementalBlade","floor":13},{"not_picked":["theMarked:TakeOffHeels","theMarked:Vacuum"],"picked":"theMarked:BindingBlade","floor":16},{"not_picked":["theMarked:ChainLightning","theMarked:SwordAndMagic"],"picked":"theMarked:HeightenedSenses","floor":18},{"not_picked":["theMarked:ElectricStrings","theMarked:WastefulDefense","theMarked:Aftermath"],"picked":"SKIP","floor":21},{"not_picked":["theMarked:Static+1","theMarked:MaelstromOfLightning"],"picked":"theMarked:Indomitable+1","floor":27},{"not_picked":["theMarked:TurnInvisible","theMarked:TakeOffHeels"],"picked":"theMarked:BindingBlade","floor":33},{"not_picked":["theMarked:Overcharge","theMarked:WardOff+1","theMarked:Parkour+1"],"picked":"theMarked:DeterminationOfTheMarked+1","floor":35},{"not_picked":["theMarked:ReduceFriction","theMarked:ChainLightning","theMarked:Electrify"],"picked":"theMarked:StartUp","floor":38},{"not_picked":["theMarked:PowerFlow","theMarked:Overthink","theMarked:ElectricStrings+1"],"picked":"theMarked:TwofoldDefense+1","floor":40},{"not_picked":["theMarked:ResourceFulStrike+1","theMarked:Aftermath","theMarked:Frustration"],"picked":"theMarked:Challenge","floor":44},{"not_picked":["theMarked:BanishingStrike+1","theMarked:Parkour","theMarked:HeightenedSenses"],"picked":"theMarked:BanishingWave+1","floor":45},{"not_picked":["theMarked:TwofoldDefense","theMarked:WastefulDefense","theMarked:RepellingDischarge+1"],"picked":"theMarked:Parkour+1","floor":47},{"not_picked":["theMarked:TakeCover+1","theMarked:ElectricStrings+1","theMarked:RepellingDischarge"],"picked":"theMarked:SwordAndMagic","floor":48},{"not_picked":["theMarked:WastefulDefense+1","theMarked:BanishingStrike+1","theMarked:AttractMetal"],"picked":"theMarked:ParalyzingBlade+1","floor":54}],"player_experience":276994,"relics_obtained":[{"floor":6,"key":"Blood Vial"},{"floor":22,"key":"Darkstone Periapt"},{"floor":23,"key":"Dream Catcher"},{"floor":26,"key":"Happy Flower"},{"floor":27,"key":"vexMod:RetaliationKit"},{"floor":30,"key":"AT_ChloranthyRing"},{"floor":32,"key":"vexMod:FocusSash"},{"floor":39,"key":"Toy Ornithopter"},{"floor":40,"key":"Boot"},{"floor":41,"key":"Kunai"},{"floor":43,"key":"Mercury Hourglass"},{"floor":46,"key":"Gremlin Food"},{"floor":47,"key":"vexMod:CardConverter"},{"floor":49,"key":"Replay:Mystery Machine"},{"floor":52,"key":"AT_DeathDance"},{"floor":54,"key":"AT_BellowingDragoncrestRing"}],"event_choices":[{"damage_healed":0,"gold_gain":0,"player_choice":"Take Wound","damage_taken":0,"relics_obtained":["Golden Idol"],"max_hp_gain":0,"max_hp_loss":0,"event_name":"Golden Idol","floor":2,"gold_loss":0,"cards_obtained":["Injury"]},{"damage_healed":4,"gold_gain":0,"player_choice":"LEAVE ","damage_taken":0,"relics_obtained":[],"max_hp_gain":0,"max_hp_loss":0,"event_name":"betterSkull:BetterSkull","floor":12,"gold_loss":0,"cards_upgraded":[]},{"cards_removed":["theMarked:FavorableWinds"],"damage_healed":12,"gold_gain":0,"player_choice":"Offered Rare","damage_taken":0,"max_hp_gain":10,"max_hp_loss":0,"event_name":"Bonfire Elementals","floor":19,"gold_loss":0},{"damage_healed":0,"gold_gain":0,"cards_transformed":["theMarked:BanishingStrike","theMarked:Parkour"],"player_choice":"Transformed Cards","damage_taken":0,"max_hp_gain":0,"max_hp_loss":0,"event_name":"Designer","floor":20,"gold_loss":60,"cards_obtained":["theMarked:HeightenedSenses","theMarked:EmpowerWeapon"]},{"damage_healed":0,"gold_gain":0,"player_choice":"Ignored","damage_taken":0,"max_hp_gain":0,"max_hp_loss":0,"event_name":"betterNote:BetterNote","floor":24,"gold_loss":0,"cards_obtained":["ReplayTheSpireMod:Private Reserves"]},{"damage_healed":0,"gold_gain":0,"player_choice":"Read","damage_taken":0,"max_hp_gain":0,"max_hp_loss":0,"event_name":"The Library","floor":28,"gold_loss":0,"cards_obtained":["theMarked:StartUp"]},{"damage_healed":0,"gold_gain":0,"player_choice":"Ignored","damage_taken":0,"max_hp_gain":0,"max_hp_loss":0,"event_name":"Tomb of Lord Red Mask","floor":36,"gold_loss":0},{"damage_healed":0,"gold_gain":0,"player_choice":"Ignored","damage_taken":0,"max_hp_gain":0,"max_hp_loss":0,"event_name":"SecretPortal","floor":42,"gold_loss":0}],"is_beta":false,"boss_relics":[{"not_picked":["vexMod:NewClearReactor","vexMod:ImprovementManual"],"picked":"Philosopher\u0027s Stone"},{"not_picked":["Black Star","theMarked:Eyepatch"],"picked":"Honey Jar"}],"items_purged_floors":[],"is_endless":false,"potions_floor_spawned":[4,6,7,10,11,35,44,45,48],"ascension_level":0}}