{"host":"pcbz64t4k17ey4z1","time":1609794643,"event":{"mods":["2.2 Compatiblity","AchievementEnabler","Act Like it!","Aspiration","BaseMod","Beaked The Cultist","Better Match","Better Third Choice","BetterRewards","Card Forge","Colored Map","Colored Powertips","Conspire","Disable Question Mark Monsters","Fireblade Mod","Friendly Minions","Gensokyo","GifTheSpireLib","Glutton Mod","Googly Eyes","Gremlin Mod","Hermit","Hubris","Infinite Spire","Koishi","Marisa????????","Minty Spire (QoL Compilation)","Permanent Neow","Potionbrewer","Quick Restart","Random Character Button","Rare Cards Sparkle","Relic Filter","Replay The Spire","Robot Space Explorer","Shade Mod","Shop Mod","Small Relic Pack","Spicy Shops","StSLib","Stuff the Spire","SuperFastMode","The Animator","The Cursed","The Druid","The Gatherer","The Hierophant","The IronCluck","The Jungle","The Marked","The Runesmith","Virulent Crown","Waifu the Spire","Wandering Minibosses","vexMod"],"gold_per_floor":[112,124,134,147,22,57,68,68,68,94,94,110,145,164,164,242,242,257,7,18,18,36,68,85,85,111,135,176,3,15,62,74,161,173,199,221,233,259,283,295,332,344,383,670,712,737,761,773,785,797,809,821,403,431,431],"floor_reached":56,"playtime":2743,"items_purged":["infinitespire:Punishment+1"],"score":2898,"play_id":"93fe14ad-50dd-416e-a2b4-324f0f34c23a","local_time":"20210104211043","is_ascension_mode":true,"campfire_choices":[{"floor":15,"key":"REST"},{"floor":25,"key":"REST"},{"floor":32,"key":"RECALL"},{"floor":40,"key":"REST"},{"floor":42,"key":"REST"}],"circlet_count":0,"master_deck":["AscendersBane","infinitespire:Punishment+1","Gremlin:Strike","Gremlin:Strike","Gremlin:Strike","Gremlin:Strike","Gremlin:Defend+1","Gremlin:Defend+1","Gremlin:Defend+1","Gremlin:Defend+1","Gremlin:TagTeam+1","Gremlin:GremlinDance","vexMod:StairwayStrike+1","Gremlin:PartyStick","Gremlin:Revel","Gremlin:Whiz","Gremlin:RageBreak+1","Gremlin:BubbleBarrier","Gremlin:Enthusiasm+1","Gremlin:GremlinArms","Gremlin:Glimmer","Gremlin:IrksomeBlow+1","Gremlin:FairyDust","Gremlin:IrksomeBlow+1","Gremlin:FairyDust","Swift Strike","Gremlin:CongaLine+1","Gremlin:ProperTools","Gremlin:CongaLine+1","Gremlin:CatScratch","Gremlin:SecondVolley+1","infinitespire:DeathsTouch","Gremlin:TargetWeakness+1","Gremlin:Polish+1"],"relics":["Gremlin:GremlinKnob","Hammer of Thor","Seething Fire","Anvil of the Gods","Membership Card","relicPack:WeightedSword","aspiration:AnachronicSnailShell","Omamori","relicPack:OneForAll","Strawberry","StoneCalendar","Toy Ornithopter","aspiration:BeakedSkillbook","Vajra","StuffTheSpire:Gunfinga","Medical Kit","Orichalcum","StuffTheSpire:RunicConfusion","potionbrewer:MortarAndPestle","MawBank","Replay:Baseball","theJungle:Creamberry","Anchor","vexMod:CursedCompass","Dead Branch","MealTicket","wanderingMiniBosses:AbyssPearl","Sozu","Blue Doll","Runesmith:AutoHammer","StuffTheSpire:Expresso","aspiration:Nostalgia","animator:PurgingStone","Bird Faced Urn"],"acts_visited":["Exordium","Exordium","TheBeyond","TheEnding"],"potions_floor_usage":[6,7,10,16,20,20,24,31,36,36,36,39,45,45,50,55],"damage_taken":[{"damage":2,"enemies":"2 Louse","floor":1,"turns":3},{"damage":0,"enemies":"Cultist","floor":2,"turns":2},{"damage":0,"enemies":"Small Slimes","floor":3,"turns":1},{"damage":5,"enemies":"3 Louse","floor":4,"turns":2},{"damage":18,"enemies":"Lagavulin","floor":6,"turns":6},{"damage":14,"enemies":"Large Slime","floor":7,"turns":6},{"damage":7,"enemies":"3 Sentries","floor":10,"turns":5},{"damage":0,"enemies":"Blue Slaver","floor":12,"turns":2},{"damage":9,"enemies":"Lagavulin","floor":13,"turns":5},{"damage":1,"enemies":"Red Slaver","floor":14,"turns":3},{"damage":32,"enemies":"The Guardian","floor":16,"turns":10},{"damage":3,"enemies":"theJungle:MUSHROOMGANG","floor":18,"turns":2},{"damage":0,"enemies":"theJungle:5_Spyders","floor":20,"turns":2},{"damage":0,"enemies":"Snake Plant","floor":22,"turns":2},{"damage":0,"enemies":"theJungle:Cassacara","floor":23,"turns":2},{"damage":9,"enemies":"theJungle:Lyon","floor":24,"turns":3},{"damage":7,"enemies":"theJungle:SlimyTreeVines","floor":27,"turns":3},{"damage":0,"enemies":"theJungle:MamaSnecko","floor":28,"turns":2},{"damage":19,"enemies":"Nightmare","floor":31,"turns":6},{"damage":0,"enemies":"theJungle:QueenSpyder","floor":33,"turns":3},{"damage":0,"enemies":"3 Darklings","floor":35,"turns":1},{"damage":63,"enemies":"3 Shapes","floor":36,"turns":7},{"damage":0,"enemies":"Jaw Worm Horde","floor":38,"turns":2},{"damage":0,"enemies":"Writhing Mass","floor":39,"turns":1},{"damage":3,"enemies":"R_Hoarder","floor":41,"turns":6},{"damage":23,"enemies":"Nightmare","floor":45,"turns":5},{"damage":19,"enemies":"4 Shapes","floor":46,"turns":3},{"damage":0,"enemies":"Sphere and 2 Shapes","floor":47,"turns":2},{"damage":84,"enemies":"conspire:OrnateMirror","floor":50,"turns":4},{"damage":8,"enemies":"Shield and Spear","floor":54,"turns":2},{"damage":50,"enemies":"The Heart","floor":55,"turns":5}],"seed_played":"7592401779073386623","potions_obtained":[{"floor":2,"key":"Energy Potion"},{"floor":3,"key":"potionbrewer:BlacksmithPotion"},{"floor":7,"key":"potionbrewer:BoundlessPotion"},{"floor":12,"key":"SpeedPotion"},{"floor":16,"key":"Adrenaline Potion"},{"floor":18,"key":"DistilledChaos"},{"floor":23,"key":"AttackPotion"},{"floor":28,"key":"potionbrewer:CleansingPotion"},{"floor":31,"key":"potionbrewer:DiscountPotion"},{"floor":35,"key":"EntropicBrew"},{"floor":38,"key":"Swift Potion"},{"floor":41,"key":"potionbrewer:ToxicPotion"},{"floor":46,"key":"ColorlessPotion"},{"floor":47,"key":"Elixir"}],"is_trial":false,"path_per_floor":["M","M","M","M","?","E","M","?","T","E","R","M","E","M","R","B",null,"M","$","M","AVR","M","E","M","R","T","M","E","?","?","NM","R_BF","B",null,"M","M","?","M","M","R","E","R","T","?","NM","M","M","AVR","R","B",null,"R","$","E","B",null],"character_chosen":"GREMLIN","items_purchased":["Membership Card","vexMod:StairwayStrike","relicPack:WeightedSword","aspiration:AnachronicSnailShell","Gremlin:PartyStick","Vajra","Swift Strike","StuffTheSpire:Gunfinga","Medical Kit","Blue Doll","Runesmith:AutoHammer","StuffTheSpire:Expresso","aspiration:Nostalgia"],"campfire_rested":4,"item_purchase_floors":[0,0,0,0,0,19,19,19,19,53,53,53,53],"current_hp_per_floor":[19,19,19,17,17,1,4,4,6,16,16,20,16,15,20,8,17,19,19,20,20,20,20,11,17,17,13,20,20,20,20,20,20,20,20,18,19,3,8,14,14,20,20,20,20,11,13,13,13,19,19,18,18,16,16],"gold":431,"neow_bonus":"","is_daily":false,"chose_seed":false,"campfire_upgraded":0,"win_rate":0.0,"timestamp":1609794643,"path_taken":["M","M","M","M","?","E","M","?","T","E","R","M","E","M","R","BOSS","M","$","M","AVR","M","E","M","R","T","M","E","?","?","NM","R_BF","BOSS","M","M","?","M","M","R","E","R","T","?","NM","?","M","AVR","R","BOSS","R","$","E","BOSS"],"items_purchased_type":["Relic","Card","Relic","Relic","Card","Relic","Card","Relic","Relic","Relic","Relic","Relic","Relic"],"build_version":"2020-12-22","purchased_purges":1,"victory":true,"max_hp_per_floor":[19,19,19,19,19,19,19,19,21,21,20,20,20,20,20,20,20,20,20,20,20,20,20,20,20,20,20,20,20,20,20,20,20,20,20,20,20,20,20,20,20,20,20,20,20,20,20,20,19,19,19,18,18,18,18],"card_choices":[{"not_picked":["Gremlin:Irritability","Gremlin:DaggerDance"],"picked":"Gremlin:Revel","floor":1},{"not_picked":["Gremlin:ToeStub","Gremlin:Changeo"],"picked":"Gremlin:Whiz","floor":2},{"not_picked":["Gremlin:Tricksy","Gremlin:ShankStone"],"picked":"Gremlin:RageBreak","floor":3},{"not_picked":["Gremlin:ToeStub","Gremlin:Jeer"],"picked":"Gremlin:BubbleBarrier","floor":4},{"not_picked":["Gremlin:Mockery+1","Gremlin:FollowThrough+1"],"picked":"Gremlin:Enthusiasm+1","floor":5},{"not_picked":["Gremlin:DaggerDance","Gremlin:FollowThrough"],"picked":"Gremlin:GremlinArms","floor":6},{"not_picked":["Gremlin:PourSalt","Gremlin:Pickpocket"],"picked":"Gremlin:Glimmer","floor":7},{"not_picked":["Gremlin:FanOfKnives","Gremlin:ShadowShiv"],"picked":"Gremlin:IrksomeBlow","floor":10},{"not_picked":["Gremlin:Presto","Gremlin:Pretaliation","Gremlin:DaggerDance"],"picked":"SKIP","floor":12},{"not_picked":["Gremlin:ShowOfHands","Gremlin:Whiz"],"picked":"Gremlin:FairyDust","floor":13},{"not_picked":["Gremlin:BulkUp","Gremlin:Glimmer"],"picked":"Gremlin:IrksomeBlow","floor":14},{"not_picked":["Gremlin:Erupt","Gremlin:FlipOut"],"picked":"Gremlin:FairyDust","floor":16},{"not_picked":["beaked:Tweet","beaked:RitualOfBody","Gremlin:BubbleBarrier","beaked:CursingBlood"],"picked":"SKIP","floor":18},{"not_picked":["beaked:SurvivalInstinct","Gremlin:BubbleBarrier","Gremlin:Pretaliation","Gremlin:Tadah"],"picked":"SKIP","floor":20},{"not_picked":["Gremlin:Patsy","beaked:Brace+1","beaked:Redirect","Gremlin:Dazzle+1"],"picked":"SKIP","floor":22},{"not_picked":["Gremlin:Irritability+1","Gremlin:Tadah","Gremlin:Whiz","Gremlin:ShankStone"],"picked":"SKIP","floor":23},{"not_picked":["Gremlin:Glimmer+1","beaked:Tradeoff","beaked:Tweet+1"],"picked":"Gremlin:CongaLine","floor":24},{"not_picked":["beaked:WindBringer","Gremlin:BulkUp","beaked:SurvivalInstinct"],"picked":"Gremlin:ProperTools","floor":27},{"not_picked":["beaked:Windmill","Gremlin:Tadah","Gremlin:Pretaliation+1"],"picked":"Gremlin:CongaLine","floor":28},{"not_picked":["Gremlin:BulkUp","beaked:TuckingFeathers","beaked:Tradeoff"],"picked":"Gremlin:CatScratch","floor":31},{"not_picked":["beaked:Brainwash+1","Gremlin:Unforgiving+1","Gremlin:ShadowShiv+1"],"picked":"Gremlin:SecondVolley+1","floor":33},{"not_picked":["Gremlin:Presto","beaked:Tweet","Gremlin:PourSalt+1","Gremlin:Glimmer"],"picked":"SKIP","floor":35},{"not_picked":["beaked:Ceremony","Gremlin:BubbleBarrier","Gremlin:TwistTheKnife+1","beaked:Cower+1"],"picked":"SKIP","floor":36},{"not_picked":["beaked:Daydream","beaked:Brace","beaked:DigDeeper+1","Gremlin:Glimmer"],"picked":"SKIP","floor":38},{"not_picked":["beaked:CrazyRituals+1","Gremlin:Jeer","beaked:Devastation+1","Gremlin:Glimmer"],"picked":"SKIP","floor":39},{"not_picked":["Gremlin:BulkUp","beaked:Tradeoff","beaked:BarbedWire+1","Gremlin:Glimmer"],"picked":"SKIP","floor":41},{"not_picked":["hubris:Fate","hubris:Rewind"],"picked":"infinitespire:DeathsTouch","floor":45},{"not_picked":["Gremlin:Heckle+1","beaked:Redirect+1","Gremlin:ArmsTheft+1"],"picked":"Gremlin:TargetWeakness+1","floor":45},{"not_picked":["beaked:Daydream+1","Gremlin:Tricksy+1","Gremlin:Raid+1","Gremlin:Enthusiasm+1"],"picked":"SKIP","floor":46},{"not_picked":["beaked:Daydream+1","beaked:Devastation+1","beaked:Poke","ReplayTheSpireMod:RavenHex+1"],"picked":"SKIP","floor":47},{"not_picked":["Gremlin:PourSalt","Gremlin:ProperTools+1","Gremlin:BubbleBarrier+1"],"picked":"Gremlin:Polish+1","floor":54}],"player_experience":3859720,"relics_obtained":[{"floor":6,"key":"Omamori"},{"floor":9,"key":"Strawberry"},{"floor":10,"key":"StoneCalendar"},{"floor":13,"key":"Toy Ornithopter"},{"floor":23,"key":"potionbrewer:MortarAndPestle"},{"floor":26,"key":"MawBank"},{"floor":28,"key":"Replay:Baseball"},{"floor":31,"key":"Anchor"},{"floor":41,"key":"Dead Branch"},{"floor":45,"key":"MealTicket"},{"floor":46,"key":"wanderingMiniBosses:AbyssPearl"},{"floor":54,"key":"Bird Faced Urn"}],"event_choices":[{"damage_healed":0,"gold_gain":0,"player_choice":"2","damage_taken":0,"max_hp_gain":0,"max_hp_loss":0,"event_name":"betterMatch:BetterMatch","floor":5,"gold_loss":0,"cards_obtained":["betterMatch:UncommonCard"]},{"damage_healed":0,"gold_gain":275,"player_choice":"Desecrate","damage_taken":0,"max_hp_gain":0,"max_hp_loss":0,"event_name":"Golden Shrine","floor":44,"gold_loss":0,"cards_obtained":["Regret"]}],"is_beta":false,"boss_relics":[{"not_picked":["vexMod:EndlessSickness","Replay:Bronze Core"],"picked":"aspiration:BeakedSkillbook"},{"not_picked":["Snecko Heart","conspire:RoyalGoblet"],"picked":"vexMod:CursedCompass"}],"items_purged_floors":[0],"is_endless":false,"potions_floor_spawned":[2,3,4,7,12,16,18,23,28,31,35,38,41,46,47],"ascension_level":18}}