{"host":"cs4mnqnj3e1ejebq","time":1609730255,"event":{"mods":["BaseMod","Hermit","Minty Spire (QoL Compilation)","StSLib","The Runesmith"],"gold_per_floor":[116,116,130,191,241,241,271,271,271,271,286,311,311,361,361,485,485,500,550,625,648,330,330,330,330],"floor_reached":24,"playtime":700,"items_purged":["Strike_R"],"score":318,"play_id":"864ae8cc-9d73-43a8-80fd-1b14265a7c8d","local_time":"20210104121735","is_ascension_mode":true,"campfire_choices":[{"data":"Bash","floor":6,"key":"SMITH"},{"data":"Body Slam","floor":8,"key":"SMITH"},{"data":"Shrug It Off","floor":10,"key":"SMITH"},{"data":"Flame Barrier","floor":13,"key":"SMITH"},{"data":"Warcry","floor":15,"key":"SMITH"},{"data":"Barricade","floor":23,"key":"SMITH"}],"circlet_count":0,"master_deck":["Strike_R","Strike_R","Strike_R","Defend_R","Defend_R","Defend_R","Defend_R","Bash+1","Shrug It Off+1","Flame Barrier+1","Body Slam+1","Warcry+1","Barricade+1","Metallicize","Shrug It Off","Madness"],"relics":["Burning Blood","NeowsBlessing","SsserpentHead","Pocketwatch","Ginger","Bronze Scales","Golden Idol","SacredBark","Blood Vial","PrismaticShard"],"acts_visited":["Exordium","TheCity"],"potions_floor_usage":[7,12,16,16,24],"damage_taken":[{"damage":0,"enemies":"Small Slimes","floor":1,"turns":1},{"damage":0,"enemies":"Cultist","floor":3,"turns":1},{"damage":0,"enemies":"Jaw Worm","floor":4,"turns":1},{"damage":23,"enemies":"Gremlin Nob","floor":7,"turns":4},{"damage":1,"enemies":"2 Fungi Beasts","floor":11,"turns":4},{"damage":0,"enemies":"3 Sentries","floor":12,"turns":9},{"damage":20,"enemies":"Hexaghost","floor":16,"turns":9},{"damage":23,"enemies":"Shell Parasite","floor":18,"turns":5},{"damage":12,"enemies":"3 Byrds","floor":21,"turns":2},{"damage":59,"enemies":"Slavers","floor":24,"turns":6}],"seed_played":"6372909505785087685","potions_obtained":[{"floor":1,"key":"AttackPotion"},{"floor":4,"key":"Regen Potion"},{"floor":11,"key":"PowerPotion"},{"floor":12,"key":"AttackPotion"},{"floor":16,"key":"Swift Potion"}],"is_trial":false,"path_per_floor":["M","?","M","M","?","R","E","R","T","R","M","E","R","?","R","B",null,"M","?","T","M","$","R","E"],"character_chosen":"IRONCLAD","items_purchased":["Madness","PrismaticShard"],"campfire_rested":0,"item_purchase_floors":[22,22],"current_hp_per_floor":[78,78,80,80,80,80,63,63,63,63,68,74,74,54,54,55,74,57,57,57,53,53,53,0,0],"gold":330,"neow_bonus":"THREE_ENEMY_KILL","is_daily":false,"chose_seed":false,"campfire_upgraded":6,"win_rate":0.0,"timestamp":1609730255,"path_taken":["M","?","M","?","?","R","E","R","T","R","M","E","R","?","R","BOSS","M","?","?","M","$","R","E"],"items_purchased_type":["Card","Relic"],"build_version":"2020-12-22","purchased_purges":1,"victory":false,"max_hp_per_floor":[80,80,80,80,80,80,80,80,80,80,80,80,80,80,80,80,80,80,80,80,80,80,80,80,80],"card_choices":[{"not_picked":["Rage","True Grit"],"picked":"Shrug It Off","floor":1},{"not_picked":["Anger","Burning Pact"],"picked":"Flame Barrier","floor":3},{"not_picked":["Ghostly Armor","Spot Weakness","Iron Wave"],"picked":"SKIP","floor":4},{"not_picked":["Armaments","Brutality"],"picked":"Body Slam","floor":7},{"not_picked":["Reckless Charge","Anger"],"picked":"Warcry","floor":11},{"not_picked":["Twin Strike","Anger","Brutality"],"picked":"SKIP","floor":12},{"not_picked":["Bludgeon","Fiend Fire"],"picked":"Barricade","floor":16},{"not_picked":["Sword Boomerang","Carnage+1","Thunderclap"],"picked":"SKIP","floor":18},{"not_picked":["True Grit","Headbutt"],"picked":"Shrug It Off","floor":21}],"player_experience":202581,"relics_obtained":[{"floor":7,"key":"Pocketwatch"},{"floor":9,"key":"Ginger"},{"floor":12,"key":"Bronze Scales"},{"floor":20,"key":"Blood Vial"}],"event_choices":[{"damage_healed":0,"gold_gain":0,"player_choice":"Trade","damage_taken":0,"relics_obtained":["SsserpentHead"],"max_hp_gain":0,"max_hp_loss":0,"event_name":"FaceTrader","floor":2,"gold_loss":0},{"cards_removed":["Strike_R"],"damage_healed":0,"gold_gain":0,"player_choice":"Forget","damage_taken":0,"max_hp_gain":0,"max_hp_loss":0,"event_name":"Living Wall","floor":5,"gold_loss":0},{"damage_healed":0,"gold_gain":0,"player_choice":"Take Damage","damage_taken":20,"relics_obtained":["Golden Idol"],"max_hp_gain":0,"max_hp_loss":0,"event_name":"Golden Idol","floor":14,"gold_loss":0},{"damage_healed":0,"gold_gain":0,"player_choice":"Read","damage_taken":0,"max_hp_gain":0,"max_hp_loss":0,"event_name":"The Library","floor":19,"gold_loss":0,"cards_obtained":["Metallicize"]}],"is_beta":false,"boss_relics":[{"not_picked":["Ectoplasm","Snecko Eye"],"picked":"SacredBark"}],"items_purged_floors":[22],"is_endless":false,"potions_floor_spawned":[1,4,11,12,16],"killed_by":"Slavers","ascension_level":8}}