{"host":"8anlmvy5ylhozj27","time":1609800218,"event":{"mods":["2.2 Compatiblity","Act Like it!","Aspiration","BaseMod","Best Route Mod","Better Match","Better Note","Better Skull","Better Third Choice","BetterRewards","Block Reminder","Colored Map","Colored Powertips","Conspire","Duelist Mod","Energized Spire","GifTheSpireLib","Gold Saver","Halation","Hermit","Highlight Path","Hubris","Infinite Spire","Ironclad Rager","Minty Spire (QoL Compilation)","Permanent Neow","Quick Restart","Rare Cards Sparkle","Replay The Spire","Spicy Shops","StSLib","Stuff the Spire","The Bladedancer","The Blue Laboratory","The Disciple","The Exalted","The Necromancer","The Sage","Transform Curses","Wandering Minibosses","vexMod"],"gold_per_floor":[1284,1294,1306,1306,175,204,204,204,204,221,239,253,253,296,296,407,407,428,505,505,523,545,545,558,578,652,652,672,672,704,724,724,836,836,860,884,896,896],"floor_reached":37,"playtime":1382,"items_purged":["Defend_R","Defend_R"],"score":330,"play_id":"238c02ba-1d6a-44e6-bb26-1611a0f896b9","local_time":"20210104234338","is_ascension_mode":false,"campfire_choices":[{"data":"Midas Touch","floor":13,"key":"SMITH"},{"data":"Anger","floor":15,"key":"SMITH"},{"data":"Feed","floor":23,"key":"SMITH"},{"data":"Strike_R","floor":32,"key":"PURGE"}],"circlet_count":0,"master_deck":["Strike_R","Strike_R+1","Strike_R","Defend_R","Bash","Clash+1","Thunderclap","Carnage","Midas Touch+1","Corruption+1","Demon Form+1","Uppercut","Headbutt+1","Anger+1","Feed+1","Perfected Strike","StuffTheSpire:RagingBull","infinitespire:FutureSight","Shockwave","hubris:StunningStrike","Body Slam"],"relics":["Burning Blood","aspiration:ChemicalBlood","Frozen Egg 2","Bromod:ArcaneFury","infinitespire:Midas Blood","conspire:GiftBox","Bottled Flame","Replay:Rubber Ducky","vexMod:CursedCompass","NeowsBlessing","Whetstone","Bromod:ArcaneGrace"],"acts_visited":["Exordium","TheCity","TheBeyond"],"potions_floor_usage":[12,12,16,16,16,21,21,21,22,33,33,33,33,36,37,37,37],"damage_taken":[{"damage":3,"enemies":"Jaw Worm","floor":1,"turns":4},{"damage":0,"enemies":"Small Slimes","floor":2,"turns":3},{"damage":0,"enemies":"2 Louse","floor":3,"turns":2},{"damage":21,"enemies":"Lagavulin","floor":6,"turns":4},{"damage":0,"enemies":"Large Slime","floor":10,"turns":4},{"damage":15,"enemies":"Looter","floor":11,"turns":3},{"damage":8,"enemies":"2 Fungi Beasts","floor":12,"turns":4},{"damage":31,"enemies":"3 Sentries","floor":14,"turns":5},{"damage":21,"enemies":"Hexaghost","floor":16,"turns":6},{"damage":13,"enemies":"Spheric Guardian","floor":18,"turns":4},{"damage":8,"enemies":"2 Thieves","floor":21,"turns":3},{"damage":21,"enemies":"Snake Plant","floor":22,"turns":3},{"damage":8,"enemies":"Snecko","floor":24,"turns":3},{"damage":16,"enemies":"3 Cultists","floor":25,"turns":4},{"damage":10,"enemies":"Sentry and Sphere","floor":28,"turns":3},{"damage":0,"enemies":"Nightmare","floor":30,"turns":1},{"damage":0,"enemies":"Snake Plant","floor":31,"turns":1},{"damage":19,"enemies":"hubris:MusketHawk","floor":33,"turns":6},{"damage":47,"enemies":"3 Darklings","floor":35,"turns":5},{"damage":20,"enemies":"Orb Walker","floor":36,"turns":4},{"damage":57,"enemies":"2 Orb Walkers","floor":37,"turns":4}],"seed_played":"-991597395369845864","potions_obtained":[{"floor":1,"key":"blueLaboratory:FrostheartPotion"},{"floor":10,"key":"blueLaboratory:PyrophylliteBrew"},{"floor":12,"key":"blueLaboratory:BubblePotion"},{"floor":12,"key":"BloodPotion"},{"floor":16,"key":"SpeedPotion"},{"floor":22,"key":"Milkshake"},{"floor":24,"key":"EssenceOfSteel"},{"floor":33,"key":"blueLaboratory:HummingbirdPotion"},{"floor":35,"key":"blueLaboratory:FrostheartPotion"},{"floor":36,"key":"blueLaboratory:EntrenchedPotion"}],"is_trial":true,"path_per_floor":["M","M","M","WH","$","E","?","WH","T","M","M","M","R","E","R","B",null,"M","?","WH","M","M","R","M","M","T","WH","M","AVR","NM","M","R_BF","B",null,"M","M","?"],"character_chosen":"IRONCLAD","items_purchased":["aspiration:ChemicalBlood","Frozen Egg 2","Bromod:ArcaneFury","infinitespire:Midas Blood","Midas Touch"],"campfire_rested":0,"item_purchase_floors":[5,5,5,5,5],"current_hp_per_floor":[80,80,80,80,80,65,65,65,65,71,62,76,76,51,51,36,80,73,65,65,66,51,51,49,43,43,43,43,43,49,55,55,45,94,62,49,0,0],"gold":896,"neow_bonus":"THREE_ENEMY_KILL","is_daily":false,"chose_seed":false,"campfire_upgraded":3,"win_rate":0.0,"timestamp":1609800218,"path_taken":["M","M","M","WH","$","E","?","WH","T","M","M","M","R","E","R","BOSS","M","?","WH","M","M","R","M","M","T","WH","M","AVR","NM","M","R_BF","BOSS","M","M","?"],"items_purchased_type":["Relic","Relic","Relic","Relic","Card"],"build_version":"2020-12-22","purchased_purges":2,"victory":false,"max_hp_per_floor":[80,80,80,80,80,80,80,80,80,80,80,80,80,80,80,80,80,80,80,80,83,83,83,83,87,87,87,91,91,91,91,91,94,94,94,94,94,94],"card_choices":[{"not_picked":["ReplayTheSpireMod:Strike From Hell","StuffTheSpire:RockThrow"],"picked":"Clash","floor":1},{"not_picked":["StuffTheSpire:RockThrow","Sever Soul"],"picked":"Thunderclap","floor":2},{"not_picked":["Fire Breathing","Second Wind"],"picked":"Carnage","floor":3},{"not_picked":["Juggernaut+1","Impervious"],"picked":"Corruption+1","floor":6},{"not_picked":["Defy Death","Shrug It Off","Carnage"],"picked":"SKIP","floor":6},{"not_picked":["Wild Strike","ReplayTheSpireMod:Strike From Hell"],"picked":"Demon Form+1","floor":10},{"not_picked":["Dual Wield","Spot Weakness"],"picked":"Uppercut","floor":11},{"not_picked":["Replay:Undeath\u0027s Touch","Heavy Blade"],"picked":"Headbutt","floor":12},{"not_picked":["Power Through","Warcry"],"picked":"Anger","floor":14},{"not_picked":["conspire:Purge","Replay:Many Hands"],"picked":"Feed","floor":16},{"not_picked":["Evolve+1","Carnage","Armaments"],"picked":"SKIP","floor":18},{"not_picked":["Run Through","Intimidate","ReplayTheSpireMod:Strike From Hell"],"picked":"SKIP","floor":21},{"not_picked":["Thunderclap","ReplayReversal"],"picked":"Perfected Strike","floor":22},{"not_picked":["StuffTheSpire:Slingshot+1","Clothesline"],"picked":"StuffTheSpire:RagingBull","floor":24},{"not_picked":["StuffTheSpire:RockThrow","Disarm","Infernal Blade"],"picked":"SKIP","floor":25},{"not_picked":["ReplayTheSpireMod:Strike From Hell","StuffTheSpire:TitanForm+1","Armaments"],"picked":"SKIP","floor":28},{"not_picked":["Sword Boomerang","Armaments"],"picked":"Shockwave","floor":30},{"not_picked":["Burning Pact","Sever Soul","StuffTheSpire:Incineration"],"picked":"SKIP","floor":31},{"not_picked":["Eclipse","StuffTheSpire:TitanForm+1"],"picked":"hubris:StunningStrike","floor":33},{"not_picked":["Headbutt","Life Link+1"],"picked":"Body Slam","floor":35},{"not_picked":["Life Link+1","Power Through+1","StuffTheSpire:Slingshot+1"],"picked":"SKIP","floor":36}],"player_experience":126997,"relics_obtained":[{"floor":6,"key":"conspire:GiftBox"},{"floor":9,"key":"Bottled Flame"},{"floor":14,"key":"Replay:Rubber Ducky"},{"floor":30,"key":"Whetstone"}],"event_choices":[{"damage_healed":0,"gold_gain":75,"player_choice":"Touch","damage_taken":8,"max_hp_gain":0,"max_hp_loss":0,"event_name":"FaceTrader","floor":19,"gold_loss":0},{"damage_healed":0,"gold_gain":0,"player_choice":"Fight","damage_taken":0,"max_hp_gain":0,"max_hp_loss":0,"event_name":"Mysterious Sphere","floor":37,"gold_loss":0}],"is_beta":false,"boss_relics":[{"not_picked":["vexMod:NewClearReactor","halation:ForbiddenBikini"],"picked":"vexMod:CursedCompass"},{"not_picked":["hubris:HollowSoul","halation:HeavySnake"],"picked":"Bromod:ArcaneGrace"}],"items_purged_floors":[5,29],"is_endless":false,"potions_floor_spawned":[1,10,12,14,16,22,24,25,28,35,36],"killed_by":"2 Orb Walkers","ascension_level":0}}