{"host":"x3lqeik2a5qeoft8","time":1609721442,"event":{"mods":["AchievementEnabler","BaseMod","Minty Spire (QoL Compilation)","SuperFastMode"],"gold_per_floor":[144,189,234,184,229,319,319,364,364,639,684,729,159,249,249,249,249],"floor_reached":16,"playtime":509,"items_purged":["Regret"],"score":114,"play_id":"4becd369-8056-49f6-8724-4badc567e795","local_time":"20210104015042","daily_mods":["Chimera","Diverse","Midas"],"is_ascension_mode":false,"campfire_choices":[{"floor":15,"key":"REST"}],"circlet_count":0,"master_deck":["Bash","Survivor","Zap","Eruption","Strike_G","Strike_B","Defend_R","Defend_G","Defend_P","EmptyFist","Flying Knee","CutThroughFate","Dagger Throw","Consecrate","SandsOfTime","Pommel Strike","Dual Wield+1","Mayhem"],"relics":["Cracked Core","Happy Flower","Toxic Egg 2","Strawberry","Art of War","Thread and Needle"],"acts_visited":["Exordium"],"potions_floor_usage":[6,11,12,14],"damage_taken":[{"damage":0,"enemies":"Cultist","floor":1,"turns":3},{"damage":7,"enemies":"Small Slimes","floor":2,"turns":4},{"damage":2,"enemies":"2 Louse","floor":3,"turns":2},{"damage":2,"enemies":"2 Fungi Beasts","floor":5,"turns":3},{"damage":16,"enemies":"Gremlin Nob","floor":6,"turns":4},{"damage":11,"enemies":"Blue Slaver","floor":8,"turns":3},{"damage":8,"enemies":"Red Slaver","floor":11,"turns":2},{"damage":1,"enemies":"3 Louse","floor":12,"turns":2},{"damage":31,"enemies":"Lagavulin","floor":14,"turns":5},{"damage":0,"enemies":"The Guardian","floor":16,"turns":2}],"seed_played":"-6631355389535803282","potions_obtained":[{"floor":5,"key":"Energy Potion"},{"floor":6,"key":"BlessingOfTheForge"},{"floor":8,"key":"Energy Potion"},{"floor":11,"key":"Energy Potion"}],"is_trial":false,"path_per_floor":["M","M","M","?","M","E","?","M","T","?","M","M","$","E","R","B"],"character_chosen":"DEFECT","items_purchased":["Strawberry","Art of War","Mayhem"],"campfire_rested":1,"item_purchase_floors":[13,13,13],"current_hp_per_floor":[75,68,66,66,64,48,48,37,37,37,29,28,35,4,28,28,28],"gold":249,"neow_bonus":"","is_daily":true,"chose_seed":false,"campfire_upgraded":0,"win_rate":0.0,"timestamp":1609721442,"path_taken":["M","M","M","?","M","E","?","M","T","?","M","M","$","E","R","BOSS"],"items_purchased_type":["Relic","Relic","Card"],"build_version":"2020-12-22","purchased_purges":1,"victory":false,"max_hp_per_floor":[75,75,75,75,75,75,75,75,75,75,75,75,82,82,82,82,82],"card_choices":[{"not_picked":["Halt","Feel No Pain"],"picked":"EmptyFist","floor":1},{"not_picked":["Cloak And Dagger","Disarm"],"picked":"Flying Knee","floor":2},{"not_picked":["Rupture","PathToVictory"],"picked":"CutThroughFate","floor":3},{"not_picked":["Acrobatics","Iron Wave"],"picked":"Dagger Throw","floor":5},{"not_picked":["Steam","Evaluate"],"picked":"Consecrate","floor":6},{"not_picked":["Ghostly Armor","Flying Knee"],"picked":"SandsOfTime","floor":8},{"not_picked":["Battle Trance+1","Rampage"],"picked":"Pommel Strike","floor":11},{"not_picked":["Clothesline","Hologram+1"],"picked":"Dual Wield+1","floor":12},{"not_picked":["Storm of Steel+1","Gash","Halt+1"],"picked":"SKIP","floor":14}],"player_experience":106462,"relics_obtained":[{"floor":6,"key":"Happy Flower"},{"floor":9,"key":"Toxic Egg 2"},{"floor":14,"key":"Thread and Needle"}],"event_choices":[{"cards_removed":["Strike_R"],"damage_healed":0,"gold_gain":0,"player_choice":"Card Removal","damage_taken":0,"max_hp_gain":0,"max_hp_loss":0,"event_name":"The Cleric","floor":4,"gold_loss":50},{"damage_healed":0,"gold_gain":0,"player_choice":"Ignored","damage_taken":0,"max_hp_gain":0,"max_hp_loss":0,"event_name":"Shining Light","floor":7,"gold_loss":0},{"damage_healed":0,"gold_gain":275,"player_choice":"Desecrate","damage_taken":0,"max_hp_gain":0,"max_hp_loss":0,"event_name":"Golden Shrine","floor":10,"gold_loss":0,"cards_obtained":["Regret"]}],"is_beta":false,"boss_relics":[],"items_purged_floors":[13],"is_endless":false,"potions_floor_spawned":[5,6,8,11],"killed_by":"The Guardian","ascension_level":0}}