{"host":"jx3f6ezc0g3s9edc","time":1609721706,"event":{"mods":["AchievementEnabler","BaseMod","Bestiary","Colored Map","Highlight Path","Minty Spire (QoL Compilation)","StSLib"],"gold_per_floor":[112,126,201,218,143,173,173,199,222,242,202,215,215,225,225,329,329,349,365,365,375,375,375],"floor_reached":22,"playtime":1370,"items_purged":["Strike_B"],"score":248,"play_id":"ea4bb926-f93c-4eba-b83b-eae084ee0061","local_time":"20210103195506","is_ascension_mode":true,"campfire_choices":[{"data":"Zap","floor":7.0,"key":"SMITH"},{"floor":15,"key":"REST"}],"circlet_count":0,"master_deck":["Strike_B+1","Strike_B+1","Defend_B+1","Defend_B+1","Defend_B+1","Defend_B+1","Zap+1","Dualcast","Electrodynamics","Reinforced Body","Redo+1","Leap","Hologram","Ball Lightning","Ball Lightning","Go for the Eyes","Creative AI","BootSequence"],"relics":["Cracked Core","Potion Belt","Happy Flower","Regal Pillow","Philosopher\u0027s Stone"],"acts_visited":["Exordium","TheCity"],"potions_floor_usage":[16,18],"damage_taken":[{"damage":0.0,"enemies":"Small Slimes","floor":1.0,"turns":2.0},{"damage":2.0,"enemies":"Jaw Worm","floor":2.0,"turns":3.0},{"damage":0.0,"enemies":"Cultist","floor":4.0,"turns":3.0},{"damage":27.0,"enemies":"Lagavulin","floor":6.0,"turns":8.0},{"damage":4.0,"enemies":"3 Sentries","floor":8.0,"turns":3.0},{"damage":3.0,"enemies":"Blue Slaver","floor":10.0,"turns":3.0},{"damage":6,"enemies":"Looter","floor":12,"turns":3},{"damage":0,"enemies":"Large Slime","floor":14,"turns":3},{"damage":3,"enemies":"Hexaghost","floor":16,"turns":7},{"damage":9,"enemies":"3 Byrds","floor":18,"turns":3},{"damage":26,"enemies":"2 Thieves","floor":19,"turns":3},{"damage":11,"enemies":"Snake Plant","floor":21,"turns":4},{"damage":26,"enemies":"Chosen and Byrds","floor":22,"turns":4}],"seed_played":"-2472125312799841570","potions_obtained":[{"floor":2.0,"key":"Energy Potion"},{"floor":4.0,"key":"Weak Potion"},{"floor":11,"key":"Fire Potion"},{"floor":11,"key":"Fire Potion"},{"floor":11,"key":"SmokeBomb"},{"floor":12,"key":"Swift Potion"},{"floor":19,"key":"SkillPotion"}],"is_trial":false,"path_per_floor":["M","M","?","M","$","E","R","E","T","M","?","M","?","M","R","B",null,"M","M","?","M","M"],"character_chosen":"DEFECT","items_purchased":[],"campfire_rested":1,"item_purchase_floors":[],"current_hp_per_floor":[75,73,62,62,62,35,35,31,31,28,28,22,22,22,59,56,70,61,35,35,24,0,0],"gold":375,"neow_bonus":"TRANSFORM_CARD","is_daily":false,"chose_seed":false,"campfire_upgraded":1,"win_rate":0.0,"timestamp":1609721706,"path_taken":["M","M","?","M","$","E","R","E","T","M","?","?","?","M","R","BOSS","M","M","?","M","M"],"items_purchased_type":[],"build_version":"2020-12-22","purchased_purges":1,"victory":false,"max_hp_per_floor":[75,75,75,75,75,75,75,75,75,75,75,75,75,75,75,75,75,75,75,75,75,75,75],"card_choices":[{"not_picked":["Beam Cell","Melter","Recycle"],"picked":"SKIP","floor":1.0},{"not_picked":["Loop","Force Field"],"picked":"Reinforced Body","floor":2.0},{"not_picked":["Sweeping Beam","Reinforced Body"],"picked":"Redo","floor":4.0},{"not_picked":["FTL","Steam"],"picked":"Leap","floor":6.0},{"not_picked":["Reinforced Body","Sweeping Beam"],"picked":"Hologram","floor":8.0},{"not_picked":["Chill","Beam Cell"],"picked":"Ball Lightning","floor":10.0},{"not_picked":["Compile Driver","Stack"],"picked":"Ball Lightning","floor":12},{"not_picked":["Turbo","Barrage"],"picked":"Go for the Eyes","floor":14},{"not_picked":["Fission","All For One"],"picked":"Creative AI","floor":16},{"not_picked":["Stack","Cold Snap","Hologram"],"picked":"SKIP","floor":18},{"not_picked":["Sweeping Beam+1","Rebound"],"picked":"BootSequence","floor":19},{"not_picked":["Undo","Stack","Steam"],"picked":"SKIP","floor":21}],"player_experience":710691,"relics_obtained":[{"floor":6.0,"key":"Potion Belt"},{"floor":8.0,"key":"Happy Flower"},{"floor":9.0,"key":"Regal Pillow"}],"event_choices":[{"damage_healed":0.0,"max_hp_gain":0.0,"max_hp_loss":0.0,"gold_gain":75.0,"event_name":"World of Goop","player_choice":"Gather Gold","floor":3.0,"gold_loss":0.0,"damage_taken":11.0},{"damage_healed":0,"gold_gain":0,"player_choice":"Bought 3 Potions","damage_taken":0,"max_hp_gain":0,"max_hp_loss":0,"event_name":"The Woman in Blue","floor":11,"gold_loss":0},{"damage_healed":0,"gold_gain":0,"player_choice":"Grow","damage_taken":0,"max_hp_gain":0,"max_hp_loss":0,"event_name":"Living Wall","floor":13,"gold_loss":0,"cards_upgraded":["Redo"]},{"damage_healed":0,"gold_gain":0,"player_choice":"Simplicity","damage_taken":0,"max_hp_gain":0,"max_hp_loss":0,"event_name":"Back to Basics","floor":20,"gold_loss":0,"cards_upgraded":["Strike_B","Strike_B","Defend_B","Defend_B","Defend_B","Defend_B"]}],"is_beta":false,"boss_relics":[{"not_picked":["Sozu","SlaversCollar"],"picked":"Philosopher\u0027s Stone"}],"items_purged_floors":[5],"is_endless":false,"potions_floor_spawned":[2,4,12,19],"killed_by":"Chosen and Byrds","ascension_level":5}}