{"host":"ix2a18c4ohfsrslv","time":1609798658,"event":{"mods":["BaseMod","Better Third Choice","Downfall","Minty Spire (QoL Compilation)","Replay The Spire","StSLib","The Hierophant"],"gold_per_floor":[118,167,20,76,76,140,140,181,207,207,21,21,96,135,135,253,253,318,318,417,470,385,385,422,422,422,422,343,387,387,408,408,425,425,507,507,504,504,492,492,565,565,565,233,256,256,256,288,288,191],"floor_reached":51,"playtime":2985,"items_purged":["hierophant:Strike_Hierophant","hierophant:Strike_Hierophant","hierophant:Strike_Hierophant"],"score":1033,"play_id":"f38b57d9-de80-4f0c-a9eb-b6d314778db0","local_time":"20210104141738","is_ascension_mode":false,"campfire_choices":[{"data":"hierophant:RustyCrate","floor":7.0,"key":"SMITH"},{"data":"hierophant:ChurchCoffers","floor":10.0,"key":"SMITH"},{"data":"hierophant:OrnateBuckler","floor":12.0,"key":"SMITH"},{"floor":15,"key":"REST"},{"floor":23,"key":"REST"},{"floor":25,"key":"REST"},{"data":"hierophant:Mercenaries","floor":27,"key":"SMITH"},{"floor":32,"key":"REST"},{"data":"hierophant:Embezzle","floor":40,"key":"SMITH"},{"floor":47,"key":"REST"},{"data":"hierophant:CursedGold","floor":49,"key":"SMITH"}],"circlet_count":0,"master_deck":["hierophant:Strike_Hierophant","hierophant:Punish","hierophant:Defend_Hierophant","hierophant:Defend_Hierophant","hierophant:ChurchCoffers+1","hierophant:RustyCrate+1","hierophant:Doubloon+1","hierophant:Doubloon+1","hierophant:OrnateJavelin","hierophant:Refuge","hierophant:OrnateBuckler+1","hierophant:Doubloon","hierophant:CoinFling+1","hierophant:Doubloon","hierophant:Upheaval","hierophant:OrnateBuckler","hierophant:Kindle","hierophant:Doubloon","hierophant:CursedGold+1","Necronomicurse","hierophant:Doubloon","hierophant:Charity+1","hierophant:Mercenaries+1","hierophant:Embezzle","hierophant:Embezzle+1","hierophant:AuricBeam","hierophant:Doubloon","hierophant:Generosity","hierophant:Doubloon","hierophant:Generosity","CurseOfTheBell","hierophant:Doubloon","hierophant:CursedGold","CommonCold","Master of Strategy","hierophant:Doubloon","hierophant:CoinFling"],"relics":["hierophant:PropheticMaskRelic","NeowsBlessing","Replay:Bottled Steam","War Paint","Pet Ghost","Membership Card","Snack Pack","Empty Cage","Necronomicon","Nunchaku","Meat on the Bone","Replay:Grab Bag","Cursed Key","Busted Crown","Calling Bell","Replay:Rubber Ducky","Mirror","CaptainsWheel","Boot","Ring of Peace","BargainBundle","ReplayTheSpireMod:TigerMarble","Ginger"],"acts_visited":["Exordium","TheCity","TheBeyond"],"potions_floor_usage":[16,16,18,18,18,21,24,29,39,41,50,50,50],"damage_taken":[{"damage":0.0,"enemies":"2 Louse","floor":1.0,"turns":1.0},{"damage":0.0,"enemies":"Cultist","floor":4.0,"turns":1.0},{"damage":0.0,"enemies":"Gremlin Nob","floor":6.0,"turns":1.0},{"damage":10.0,"enemies":"Jaw Worm","floor":8.0,"turns":7.0},{"damage":23,"enemies":"Lagavulin","floor":13,"turns":6},{"damage":0,"enemies":"Large Slime","floor":14,"turns":6},{"damage":47,"enemies":"The Guardian","floor":16,"turns":17},{"damage":23,"enemies":"Shell Parasite","floor":18,"turns":7},{"damage":18,"enemies":"Chosen","floor":21,"turns":5},{"damage":17,"enemies":"Snake Plant","floor":24,"turns":4},{"damage":11,"enemies":"Centurion and Healer","floor":29,"turns":4},{"damage":0,"enemies":"Snecko","floor":31,"turns":2},{"damage":47,"enemies":"Pondfish","floor":33,"turns":7},{"damage":0,"enemies":"Orb Walker","floor":35,"turns":3},{"damage":0,"enemies":"3 Shapes","floor":37,"turns":4},{"damage":6,"enemies":"Jaw Worm Horde","floor":39,"turns":3},{"damage":29,"enemies":"Nemesis","floor":41,"turns":7},{"damage":13,"enemies":"Transient","floor":45,"turns":5},{"damage":0,"enemies":"Spire Growth","floor":48,"turns":4},{"damage":9,"enemies":"Time Eater","floor":50,"turns":7}],"seed_played":"-641237410020563733","potions_obtained":[{"floor":2.0,"key":"Toxic Potion"},{"floor":14,"key":"sneckomod:MuddlingPotion"},{"floor":16,"key":"EntropicBrew"},{"floor":18,"key":"BlessingOfTheForge"},{"floor":21,"key":"CultistPotion"},{"floor":33,"key":"ColorlessPotion"},{"floor":39,"key":"Energy Potion"},{"floor":41,"key":"Swift Potion"}],"is_trial":false,"path_per_floor":["M","?","$","M","?","E","R","M","T","R","$","R","E","M","R","B",null,"M","?","?","M","?","R","M","R","T","R","$","M","?","M","R","B",null,"M","?","M","?","M","R","E","?","T","$","M","?","R","M","R","B",null],"character_chosen":"HIEROPHANT","items_purchased":["hierophant:Refuge","Membership Card","hierophant:CoinFling+1","hierophant:Embezzle","BargainBundle","ReplayTheSpireMod:TigerMarble","Ginger","Master of Strategy","PowerPotion","PowerPotion"],"campfire_rested":5,"item_purchase_floors":[3,11,11,28,44,44,44,44,44,44],"current_hp_per_floor":[75,45,45,45,70,70,70,60,60,60,60,60,37,39,61,22,75,54,38,38,22,22,44,27,49,49,49,49,42,28,44,68,41,80,80,80,80,76,74,74,51,51,51,51,46,46,68,72,72,67],"gold":191,"neow_bonus":"THREE_ENEMY_KILL","is_daily":false,"chose_seed":false,"campfire_upgraded":6,"win_rate":0.0,"timestamp":1609798658,"path_taken":["M","?","?","M","?","E","R","M","T","R","$","R","E","?","R","BOSS","M","?","?","M","?","R","?","R","T","R","?","?","?","M","R","BOSS","M","?","M","?","M","R","E","?","T","$","M","?","R","M","R","BOSS"],"items_purchased_type":["Card","Relic","Card","Card","Relic","Relic","Relic","Card","Potion","Potion"],"build_version":"2020-12-22","purchased_purges":3,"victory":true,"max_hp_per_floor":[75,75,75,75,75,75,75,75,75,75,75,75,75,75,75,75,75,75,75,75,75,75,75,75,75,75,75,75,75,80,80,80,80,80,80,80,80,76,76,76,76,76,76,76,76,76,76,76,76,76],"card_choices":[{"not_picked":["hierophant:Sermon","hierophant:EyeForCoin"],"picked":"hierophant:RustyCrate","floor":1.0},{"not_picked":["hierophant:Smite","hierophant:MorningPrayer"],"picked":"hierophant:OrnateJavelin","floor":2.0},{"not_picked":["hierophant:MorningPrayer","hierophant:Embezzle"],"picked":"hierophant:OrnateBuckler","floor":4.0},{"not_picked":["hierophant:MorningPrayer","hierophant:Empathy","hierophant:RepressedViolence"],"picked":"SKIP","floor":6.0},{"not_picked":["hierophant:DisplayOfPower","hierophant:Determination"],"picked":"hierophant:Doubloon","floor":8.0},{"not_picked":["hierophant:AuricShield","hierophant:CursedGold"],"picked":"hierophant:Upheaval","floor":13},{"not_picked":["hierophant:MorningPrayer","hierophant:PassingBell"],"picked":"hierophant:OrnateBuckler","floor":14},{"not_picked":["hierophant:Levitation","hierophant:DeathKnell"],"picked":"hierophant:Kindle","floor":16},{"not_picked":["hierophant:Dazzle","hierophant:Rebuild"],"picked":"hierophant:CursedGold","floor":18},{"not_picked":["hierophant:Zeal","hierophant:OrnateBuckler"],"picked":"hierophant:Charity+1","floor":21},{"not_picked":["hierophant:FieryStrike","hierophant:PassingBell"],"picked":"hierophant:Mercenaries","floor":24},{"not_picked":["hierophant:MorningPrayer","hierophant:OrnateBuckler+1"],"picked":"hierophant:AuricBeam","floor":29},{"not_picked":["hierophant:Repentance","hierophant:Flagellation"],"picked":"hierophant:Generosity","floor":31},{"not_picked":["hierophant:AuricForm","hierophant:MintersHammer"],"picked":"hierophant:Generosity","floor":33},{"not_picked":["hierophant:OrnateJavelin"],"picked":"SKIP","floor":35},{"not_picked":[],"picked":"hierophant:CursedGold","floor":37},{"not_picked":["hierophant:FieryStrike+1"],"picked":"SKIP","floor":39},{"not_picked":["hierophant:Purify"],"picked":"SKIP","floor":41},{"not_picked":["hierophant:AuricShield+1"],"picked":"SKIP","floor":45},{"not_picked":[],"picked":"hierophant:CoinFling","floor":48}],"player_experience":158153,"relics_obtained":[{"floor":2.0,"key":"Replay:Bottled Steam"},{"floor":6.0,"key":"War Paint"},{"floor":9.0,"key":"Pet Ghost"},{"floor":13,"key":"Snack Pack"},{"floor":19,"key":"Necronomicon"},{"floor":26,"key":"Meat on the Bone"},{"floor":34,"key":"Replay:Rubber Ducky"},{"floor":34,"key":"Mirror"},{"floor":34,"key":"CaptainsWheel"},{"floor":41,"key":"Boot"},{"floor":42,"key":"Ring of Peace"}],"event_choices":[{"damage_healed":25.0,"max_hp_gain":0.0,"max_hp_loss":0.0,"gold_gain":0.0,"event_name":"Big Fish","player_choice":"Banana","floor":5.0,"gold_loss":0.0,"damage_taken":0.0},{"damage_healed":0,"gold_gain":0,"player_choice":"Obtained Book","damage_taken":16,"max_hp_gain":0,"max_hp_loss":0,"event_name":"Cursed Tome","floor":19,"gold_loss":0},{"damage_healed":0,"gold_gain":99,"player_choice":"Steal","damage_taken":0,"max_hp_gain":0,"max_hp_loss":0,"event_name":"betterThird:BetterNest","floor":20,"gold_loss":0},{"damage_healed":0,"gold_gain":0,"player_choice":"Obtained Relic","damage_taken":0,"relics_obtained":["Nunchaku"],"max_hp_gain":0,"max_hp_loss":0,"event_name":"Addict","floor":22,"gold_loss":85},{"damage_healed":0,"gold_gain":0,"player_choice":"Shed Blood","damage_taken":19,"max_hp_gain":5,"max_hp_loss":0,"event_name":"Forgotten Altar","floor":30,"gold_loss":0},{"cards_removed":["hierophant:Doubloon"],"damage_healed":0,"gold_gain":0,"player_choice":"Removed Skill","damage_taken":0,"max_hp_gain":0,"max_hp_loss":0,"event_name":"Falling","floor":36,"gold_loss":0},{"damage_healed":0,"gold_gain":0,"player_choice":"Max HP","damage_taken":0,"max_hp_gain":0,"max_hp_loss":4,"event_name":"Winding Halls","floor":38,"gold_loss":0},{"damage_healed":0,"gold_gain":0,"player_choice":"Ignored","damage_taken":0,"max_hp_gain":0,"max_hp_loss":0,"event_name":"Tomb of Lord Red Mask","floor":46,"gold_loss":0}],"is_beta":false,"boss_relics":[{"not_picked":["Tiny House","Ring of Chaos"],"picked":"Empty Cage"},{"not_picked":["Philosopher\u0027s Stone","Snecko Heart"],"picked":"Replay:Grab Bag"},{"not_picked":["Replay:Bronze Core","Coffee Dripper"],"picked":"Cursed Key"},{"not_picked":["Replay:Wanted Poster","Painkiller Herb"],"picked":"Busted Crown"},{"not_picked":["SacredBark","SlaversCollar"],"picked":"Calling Bell"}],"items_purged_floors":[3,28,44],"is_endless":false,"potions_floor_spawned":[14,16,18,21,33,39,41,45,48],"ascension_level":0}}