{"host":"y89x8uui45kcjy42","time":1609727052,"event":{"mods":["2.2 Compatiblity","BaseMod","CapriCore","Colored Map","Colored Powertips","Custom Start","Friendly Minions","Keyboard Shortcuts","Lobotomy","Minty Spire (QoL Compilation)","Relic Stats","Slay the Relics Exporter","StSLib","SuperFastMode","Uncapped"],"gold_per_floor":[112,112,132,146,146,174,249,249,249,291,291,291,291,316,316,389,389,399,399,449,459,281,281,123,123,123,158,196,196,222,240,240,315,315,332,554,579,406,420,446,446,446,446,117,117,149,179,201,201,201,201,201,201,33,58,58],"floor_reached":57,"playtime":1879,"items_purged":[],"score":3771,"play_id":"07fddd32-ea17-484a-a545-6aef426751ba","local_time":"20210104112412","is_ascension_mode":true,"campfire_choices":[{"data":"1","floor":8.0,"key":"LIFT"},{"data":"2","floor":11.0,"key":"LIFT"},{"data":"3","floor":12.0,"key":"LIFT"},{"data":"Adaptation","floor":13.0,"key":"SMITH"},{"floor":15.0,"key":"RECALL"},{"data":"Omniscience","floor":23,"key":"SMITH"},{"floor":25,"key":"DIG"},{"data":"TalkToTheHand","floor":29,"key":"SMITH"},{"floor":32,"key":"DIG"},{"floor":42,"key":"DIG"},{"floor":49,"key":"DIG"},{"floor":53,"key":"DIG"}],"circlet_count":0,"master_deck":["FearNoEvil+1","InnerPeace+1","MentalFortress+1","MentalFortress+1","TalkToTheHand+1","TalkToTheHand+1","Tantrum+1","Vault+1","Vault+1","Adaptation+1","Omniscience+1","TalkToTheHand+1","Tantrum+1"],"relics":["VioletLotus","Ring of the Serpent","Black Blood","Nuclear Battery","SacredBark","SlaversCollar","Coffee Dripper","TheAbacus","OrangePellets","ClockworkSouvenir","Champion Belt","Torii","TungstenRod","Turnip","Ginger","StoneCalendar","Shovel","Incense Burner","Girya","FossilizedHelix","Calipers","CaptainsWheel","HornCleat","Anchor","TeardropLocket","Paper Crane","Paper Frog","Sundial","Singing Bowl","Shuriken","Question Card","Mummified Hand","Kunai","Boot","Potion Belt","Bag of Marbles","Bag of Preparation","Vajra","Oddly Smooth Stone","Red Mask","FaceOfCleric","Odd Mushroom","CogitoBucket","Letter Opener","Sundial","Sling","Mercury Hourglass","Oddly Smooth Stone","CeramicFish","Potion Belt","Bag of Marbles","Omamori","Blue Candle","Bottled Lightning","Incense Burner","TheAbacus","Regal Pillow","WingedGreaves","ClockworkSouvenir","Happy Flower","Prayer Wheel","Damaru","Incense Burner","AtMidnight","Incense Burner","InkBottle","Lantern","Incense Burner","Ornamental Fan"],"acts_visited":["Exordium","TheCity","TheBeyond","TheEnding"],"potions_floor_usage":[],"damage_taken":[{"damage":0.0,"enemies":"Jaw Worm","floor":1.0,"turns":1.0},{"damage":0.0,"enemies":"Cultist","floor":3.0,"turns":1.0},{"damage":0.0,"enemies":"Small Slimes","floor":4.0,"turns":1.0},{"damage":0.0,"enemies":"Lagavulin","floor":6.0,"turns":2.0},{"damage":0.0,"enemies":"Gremlin Nob","floor":14.0,"turns":1.0},{"damage":0.0,"enemies":"The Guardian","floor":16.0,"turns":2.0},{"damage":0.0,"enemies":"2 Thieves","floor":18.0,"turns":1.0},{"damage":0,"enemies":"Chosen","floor":21,"turns":1},{"damage":0,"enemies":"Slavers","floor":27,"turns":1},{"damage":0,"enemies":"Gremlin Leader","floor":28,"turns":1},{"damage":0,"enemies":"Book of Stabbing","floor":30,"turns":1},{"damage":0,"enemies":"Snake Plant","floor":31,"turns":2},{"damage":0,"enemies":"Collector","floor":33,"turns":2},{"damage":0,"enemies":"Orb Walker","floor":35,"turns":1},{"damage":0,"enemies":"Mind Bloom Boss Battle","floor":37,"turns":1},{"damage":0,"enemies":"3 Shapes","floor":39,"turns":1},{"damage":0,"enemies":"Giant Head","floor":40,"turns":2},{"damage":0,"enemies":"Nemesis","floor":46,"turns":1},{"damage":0,"enemies":"Reptomancer","floor":47,"turns":1},{"damage":0,"enemies":"Jaw Worm Horde","floor":48,"turns":2},{"damage":0,"enemies":"Donu and Deca","floor":50,"turns":2},{"damage":0,"enemies":"Time Eater","floor":51,"turns":2},{"damage":0,"enemies":"Shield and Spear","floor":55,"turns":1},{"damage":0,"enemies":"The Heart","floor":56,"turns":5}],"seed_played":"-3456408245261793","potions_obtained":[{"floor":1.0,"key":"LiquidMemories"},{"floor":3.0,"key":"BottledMiracle"},{"floor":16.0,"key":"SkillPotion"},{"floor":21,"key":"PowerPotion"},{"floor":28,"key":"Strength Potion"},{"floor":30,"key":"Energy Potion"},{"floor":33,"key":"LiquidMemories"},{"floor":35,"key":"DistilledChaos"}],"is_trial":false,"path_per_floor":["M","?","M","M","$","E","?","R","T","$","R","R","R","E","R","B",null,"M","?","?","M","$","R","$","R","T","E","E","R","E","M","R","B",null,"M","?","?","$","M","E","$","R","T","$","?","E","E","M","R","B","B",null,"R","$","E","B",null],"character_chosen":"WATCHER","items_purchased":["Sling","Adaptation","Omniscience","Oddly Smooth Stone","TheAbacus","ClockworkSouvenir","Happy Flower","Lantern"],"campfire_rested":0,"item_purchase_floors":[10,10,22,24,38,44,44,54],"current_hp_per_floor":[71,71,74,77,77,80,70,70,70,70,70,70,70,83,83,86,86,89,89,89,92,92,92,92,92,92,95,96,96,99,102,102,105,105,108,108,111,111,114,117,117,117,117,117,117,120,123,126,126,127,128,128,128,128,131,132],"gold":58,"neow_bonus":"","is_daily":false,"chose_seed":false,"campfire_upgraded":3,"win_rate":0.0,"timestamp":1609727052,"path_taken":["M","?","?","M","?","E","?","R","T","$","R","R","R","E","R","BOSS","M","?","?","?","$","R","$","R","T","E","E","R","E","?","R","BOSS","M","?","?","$","M","E","$","R","T","$","?","E","E","?","R","BOSS","BOSS","R","$","E","BOSS"],"items_purchased_type":["Relic","Card","Card","Relic","Relic","Relic","Relic","Card"],"build_version":"2020-12-22","purchased_purges":0,"victory":true,"max_hp_per_floor":[71,71,74,77,77,80,80,80,80,80,80,80,80,83,83,86,86,89,89,89,92,92,92,92,92,92,95,96,96,99,102,102,105,105,108,108,111,111,114,117,117,117,117,117,117,120,123,126,126,127,128,128,128,128,131,132],"relic_stats":{"Regal Pillow":0,"Torii":0,"Singing Bowl":40,"CeramicFish":18,"Black Blood":17,"StoneCalendar":[0],"Bag of Preparation":[56],"Ginger":[3],"Boot":[1],"TheAbacus":[426],"Shovel":5,"FaceOfCleric":24,"Sundial":[54],"Mummified Hand":[86],"Prayer Wheel":1,"VioletLotus":[46],"Kunai":[39],"InkBottle":[3],"Happy Flower":[5],"counters":[28,40],"Blue Candle":[0],"Letter Opener":[30],"Question Card":51,"Mercury Hourglass":[135],"OrangePellets":[0],"Shuriken":[39],"Ornamental Fan":[16],"Turnip":[3],"Champion Belt":[68],"obtain_stats":[{"Calipers":0,"CeramicFish":25,"Vajra":0,"Ginger":0,"Boot":0,"Sling":10,"HornCleat":0,"FaceOfCleric":0,"Sundial":0,"Prayer Wheel":46,"VioletLotus":0,"Kunai":0,"Girya":0,"Happy Flower":44,"Blue Candle":30,"Oddly Smooth Stone":0,"Letter Opener":6,"Paper Crane":0,"Question Card":0,"SlaversCollar":0,"OrangePellets":0,"Shuriken":0,"Ring of the Serpent":0,"Regal Pillow":40,"Lantern":54,"Torii":0,"Singing Bowl":0,"SacredBark":0,"Black Blood":0,"StoneCalendar":0,"Incense Burner":0,"Bag of Preparation":0,"TeardropLocket":0,"ClockworkSouvenir":0,"CogitoBucket":0,"TheAbacus":0,"Shovel":0,"Mummified Hand":0,"WingedGreaves":5,"Red Mask":0,"InkBottle":53,"Paper Frog":0,"Potion Belt":0,"Inserter":0,"Circlet":0,"Damaru":47,"Omamori":28,"Odd Mushroom":0,"Nuclear Battery":0,"Mercury Hourglass":14,"CaptainsWheel":0,"Anchor":0,"Ornamental Fan":55,"AtMidnight":48,"Turnip":0,"Coffee Dripper":0,"Bag of Marbles":0,"Champion Belt":0,"Bottled Lightning":32,"PureWater":0,"TungstenRod":0,"FossilizedHelix":0},{"Calipers":0,"CeramicFish":9,"Vajra":0,"Ginger":0,"Boot":0,"Sling":4,"HornCleat":0,"FaceOfCleric":0,"Sundial":0,"Prayer Wheel":20,"VioletLotus":0,"Kunai":0,"Girya":0,"Happy Flower":19,"Blue Candle":12,"Oddly Smooth Stone":0,"Letter Opener":4,"Paper Crane":0,"Question Card":0,"SlaversCollar":0,"OrangePellets":0,"Shuriken":0,"Ring of the Serpent":0,"Regal Pillow":19,"Lantern":26,"Torii":0,"Singing Bowl":0,"SacredBark":0,"Black Blood":0,"StoneCalendar":0,"Incense Burner":0,"Bag of Preparation":0,"TeardropLocket":0,"ClockworkSouvenir":0,"CogitoBucket":0,"TheAbacus":0,"Shovel":0,"Mummified Hand":0,"WingedGreaves":3,"Red Mask":0,"InkBottle":26,"Paper Frog":0,"Potion Belt":0,"Inserter":0,"Circlet":0,"Damaru":21,"Omamori":11,"Odd Mushroom":0,"Nuclear Battery":0,"Mercury Hourglass":5,"CaptainsWheel":0,"Anchor":0,"Ornamental Fan":27,"AtMidnight":23,"Turnip":0,"Coffee Dripper":0,"Bag of Marbles":0,"Champion Belt":0,"Bottled Lightning":14,"PureWater":0,"TungstenRod":0,"FossilizedHelix":0},{"Calipers":0,"CeramicFish":11,"Vajra":0,"Ginger":0,"Boot":0,"Sling":5,"HornCleat":0,"FaceOfCleric":0,"Sundial":0,"Prayer Wheel":25,"VioletLotus":0,"Kunai":0,"Girya":0,"Happy Flower":24,"Blue Candle":14,"Oddly Smooth Stone":0,"Letter Opener":5,"Paper Crane":0,"Question Card":0,"SlaversCollar":0,"OrangePellets":0,"Shuriken":0,"Ring of the Serpent":0,"Regal Pillow":24,"Lantern":34,"Torii":0,"Singing Bowl":0,"SacredBark":0,"Black Blood":0,"StoneCalendar":0,"Incense Burner":0,"Bag of Preparation":0,"TeardropLocket":0,"ClockworkSouvenir":0,"CogitoBucket":0,"TheAbacus":0,"Shovel":0,"Mummified Hand":0,"WingedGreaves":3,"Red Mask":0,"InkBottle":34,"Paper Frog":0,"Potion Belt":0,"Inserter":0,"Circlet":0,"Damaru":26,"Omamori":13,"Odd Mushroom":0,"Nuclear Battery":0,"Mercury Hourglass":6,"CaptainsWheel":0,"Anchor":0,"Ornamental Fan":35,"AtMidnight":29,"Turnip":0,"Coffee Dripper":0,"Bag of Marbles":0,"Champion Belt":0,"Bottled Lightning":17,"PureWater":0,"TungstenRod":0,"FossilizedHelix":0}],"TungstenRod":1},"card_choices":[{"not_picked":["Worship","Evaluate","Prostrate","SashWhip"],"picked":"Singing Bowl","floor":1.0},{"not_picked":["EmptyBody","FlurryOfBlows","EmptyFist","Consecrate"],"picked":"Singing Bowl","floor":3.0},{"not_picked":["FlyingSleeves","Consecrate","Vengeance","CutThroughFate"],"picked":"Singing Bowl","floor":4.0},{"not_picked":["Indignation","CutThroughFate","CrushJoints","Evaluate"],"picked":"Singing Bowl","floor":6.0},{"not_picked":["Scrawl","FollowUp","CutThroughFate","SignatureMove"],"picked":"Singing Bowl","floor":14.0},{"not_picked":["Brilliance","Devotion","Blasphemy","SpiritShield"],"picked":"Singing Bowl","floor":16.0},{"not_picked":["SignatureMove","DevaForm","Crescendo","Pray"],"picked":"Singing Bowl","floor":18.0},{"not_picked":["BowlingBash","Protect","PathToVictory","ClearTheMind"],"picked":"Singing Bowl","floor":21},{"not_picked":["EmptyBody","InnerPeace","Consecrate","PathToVictory"],"picked":"Singing Bowl","floor":27},{"not_picked":["Pray","WaveOfTheHand","PathToVictory"],"picked":"TalkToTheHand","floor":28},{"not_picked":["Sanctity","Indignation","SashWhip","JustLucky"],"picked":"Singing Bowl","floor":30},{"not_picked":["Sanctity","EmptyBody","Pray","Establishment"],"picked":"Singing Bowl","floor":31},{"not_picked":["DevaForm","Devotion","Scrawl","Omniscience"],"picked":"Singing Bowl","floor":33},{"not_picked":["WaveOfTheHand+1","Study+1","EmptyFist","Wallop"],"picked":"Singing Bowl","floor":35},{"not_picked":["Crescendo","ForeignInfluence","EmptyBody","EmptyFist"],"picked":"Singing Bowl","floor":37},{"not_picked":["Evaluate","ForeignInfluence","SashWhip","Consecrate"],"picked":"Singing Bowl","floor":39},{"not_picked":["Collect","FlurryOfBlows","Perseverance","ForeignInfluence"],"picked":"Singing Bowl","floor":40},{"not_picked":["Consecrate","Study","Swivel","InnerPeace"],"picked":"Singing Bowl","floor":46},{"not_picked":["WheelKick","FollowUp+1","Pray","Evaluate"],"picked":"Singing Bowl","floor":47},{"not_picked":["WheelKick","Protect","ThirdEye","DeceiveReality"],"picked":"Singing Bowl","floor":48},{"not_picked":["Wireheading","EmptyBody","FlurryOfBlows"],"picked":"Tantrum+1","floor":48},{"not_picked":["SilentOrchestra","Woodsman","SnowQueen"],"picked":"Singing Bowl","floor":48},{"not_picked":["Indignation","SignatureMove+1","CrushJoints","EmptyBody"],"picked":"Singing Bowl","floor":55}],"player_experience":555765,"relics_obtained":[{"floor":6.0,"key":"Letter Opener"},{"floor":9.0,"key":"Sundial"},{"floor":14.0,"key":"Mercury Hourglass"},{"floor":25,"key":"CeramicFish"},{"floor":26,"key":"Potion Belt"},{"floor":27,"key":"Bag of Marbles"},{"floor":28,"key":"Omamori"},{"floor":30,"key":"Blue Candle"},{"floor":32,"key":"Bottled Lightning"},{"floor":37,"key":"Incense Burner"},{"floor":40,"key":"Regal Pillow"},{"floor":46,"key":"Prayer Wheel"},{"floor":47,"key":"Damaru"},{"floor":48,"key":"AtMidnight"},{"floor":53,"key":"InkBottle"},{"floor":55,"key":"Ornamental Fan"}],"event_choices":[{"damage_healed":0.0,"max_hp_gain":0.0,"max_hp_loss":0.0,"gold_gain":0.0,"event_name":"FaceTrader","player_choice":"Leave","floor":2.0,"gold_loss":0.0,"damage_taken":0.0},{"damage_healed":0.0,"max_hp_gain":0.0,"max_hp_loss":0.0,"gold_gain":75.0,"event_name":"World of Goop","player_choice":"Gather Gold","floor":7.0,"gold_loss":0.0,"damage_taken":11.0},{"damage_healed":0,"gold_gain":0,"player_choice":"Ignored","damage_taken":0,"max_hp_gain":0,"max_hp_loss":0,"event_name":"Beggar","floor":19,"gold_loss":0},{"damage_healed":0,"gold_gain":50,"player_choice":"Pray","damage_taken":0,"max_hp_gain":0,"max_hp_loss":0,"event_name":"Golden Shrine","floor":20,"gold_loss":0},{"damage_healed":0,"gold_gain":222,"player_choice":"Wore Mask","damage_taken":0,"max_hp_gain":0,"max_hp_loss":0,"event_name":"Tomb of Lord Red Mask","floor":36,"gold_loss":0},{"damage_healed":0,"gold_gain":0,"player_choice":"Fight","damage_taken":0,"max_hp_gain":0,"max_hp_loss":0,"event_name":"MindBloom","floor":37,"gold_loss":0},{"cards_removed":["Collect"],"damage_healed":0,"gold_gain":0,"player_choice":"Card Removal","damage_taken":0,"max_hp_gain":0,"max_hp_loss":0,"event_name":"Wheel of Change","floor":45,"gold_loss":0}],"is_beta":false,"boss_relics":[{"not_picked":["SacredBark","Philosopher\u0027s Stone","Velvet Choker"]},{"not_picked":["Sozu","Pandora\u0027s Box","Runic Pyramid"]}],"items_purged_floors":[],"is_endless":false,"potions_floor_spawned":[1,3,16,21,28,30,33,35,46],"ascension_level":20}}