{"host":"5fasz840ryq7obdf","time":1609774759,"event":{"mods":["2.2 Compatiblity","AchievementEnabler","BaseMod","Bestiary","Better Altar","Better Skull","Better Third Choice","BetterRewards","Block Reminder","Colored Powertips","Curses Come First","Downfall","Minty Spire (QoL Compilation)","Quick Restart","Relic Sorter","Relic Stats","Shop Mod","Spicy Shops","StSLib","SuperFastMode","ojb\u0027s Better Paths Mod","ojb\u0027s Info Mod"],"gold_per_floor":[99,110,125,125,125,150,175,189,221,8,33,33,51,71,87,192,192,117,128,128,38,38,51,51,70,104,204,54,81,81,112,132,237,237,237,252,272,320,320,355,379,412,427,461,23,51,51,86,99,99,99,125,8,8,8],"floor_reached":56,"playtime":12784,"items_purged":["Regret","champ:DefensiveShout"],"score":1665,"play_id":"346ac728-e878-49de-a8c4-c50ec1f89c6f","local_time":"20210104153918","is_ascension_mode":true,"campfire_choices":[{"data":"champ:Taunt","floor":1.0,"key":"SMITH"},{"data":"champ:Backstep","floor":12.0,"key":"SMITH"},{"floor":18.0,"key":"RECALL"},{"data":"champ:Improvising","floor":28.0,"key":"SMITH"},{"data":"champ:VampiricStrike","floor":30.0,"key":"SMITH"},{"data":"champ:EndlessRage","floor":35.0,"key":"SMITH"},{"data":"champ:ViciousMockery","floor":47,"key":"SMITH"},{"data":"champ:DefensiveStyle","floor":54,"key":"SMITH"}],"circlet_count":0,"master_deck":["champ:Execute","champ:Taunt+1","champ:BringItOn","champ:ShieldThrow","champ:AdrenalArmor","champ:Backstep+1","champ:SkillfulDodge","champ:Haymaker","champ:Control","champ:EndlessRage+1","champ:IronFortress","champ:DefensiveStyle+1","champ:VampiricStrike+1","champ:GladiatorsShout","champ:FanOfKnives","champ:ShieldSigil","champ:MurderStrike","champ:Shatter","champ:HeavySlash","champ:Encircle","champ:BerserkersShout","champ:Improvising+1","champ:StanceDance","champ:DefensiveShout+1","champ:ShieldThrow+1","champ:Circumvent","champ:MurderStrike+1","champ:BringItOn","champ:DefensiveShout+1","champ:ViciousMockery+1","champ:GladiatorsShout+1","champ:FlashCut+1","champ:RecklessLeap+1","champ:BerserkerStyle","champ:FaceSlap+1","champ:BerserkersShout","champ:Circumvent+1","champ:RecklessLeap+1"],"relics":["SlaversCollar","HornCleat","champ:LiftRelic","Blue Candle","Oddly Smooth Stone","Happy Flower","HandDrill","Blood Vial","Pandora\u0027s Box","downfall:HeartBlessingGreen","champ:DefensiveTrainingManual","WingedGreaves","downfall:HeartBlessingRed","downfall:HeartBlessingBlue","Molten Egg 2","PreservedInsect","Busted Crown","Ancient Tea Set","Meat on the Bone","Boot","Bag of Marbles","Kunai","Membership Card","Pen Nib","Lantern","Torii","Lizard Tail","Pear","Pocketwatch","StrikeDummy","Vajra"],"acts_visited":["Exordium","TheCity","TheBeyond","TheEnding"],"potions_floor_usage":[50,50],"damage_taken":[{"damage":18.0,"enemies":"Jaw Worm","floor":2.0,"turns":5.0},{"damage":3.0,"enemies":"2 Louse","floor":3.0,"turns":4.0},{"damage":21.0,"enemies":"Gremlin Nob","floor":6.0,"turns":4.0},{"damage":4.0,"enemies":"Small Slimes","floor":8.0,"turns":3.0},{"damage":25.0,"enemies":"Lagavulin","floor":9.0,"turns":9.0},{"damage":10.0,"enemies":"downfall:FleeingMerchant","floor":10.0,"turns":4.0},{"damage":19.0,"enemies":"3 Sentries","floor":11.0,"turns":8.0},{"damage":3.0,"enemies":"3 Louse","floor":13.0,"turns":3.0},{"damage":14.0,"enemies":"2 Fungi Beasts","floor":14.0,"turns":4.0},{"damage":6.0,"enemies":"Lots of Slimes","floor":15.0,"turns":4.0},{"damage":21.0,"enemies":"downfall:Ironclad","floor":16.0,"turns":7.0},{"damage":28.0,"enemies":"Chosen","floor":19.0,"turns":8.0},{"damage":25.0,"enemies":"downfall:FleeingMerchant","floor":21.0,"turns":4.0},{"damage":23.0,"enemies":"Shell Parasite","floor":23.0,"turns":5.0},{"damage":29.0,"enemies":"Snake Plant","floor":25.0,"turns":4.0},{"damage":20.0,"enemies":"Slavers","floor":26.0,"turns":4.0},{"damage":27.0,"enemies":"Book of Stabbing","floor":29.0,"turns":4.0},{"damage":40.0,"enemies":"Slavers","floor":31.0,"turns":5.0},{"damage":44.0,"enemies":"Centurion and Healer","floor":32.0,"turns":4.0},{"damage":51.0,"enemies":"downfall:Watcher","floor":33.0,"turns":7.0},{"damage":32.0,"enemies":"3 Darklings","floor":36.0,"turns":4.0},{"damage":27,"enemies":"3 Shapes","floor":37,"turns":4},{"damage":20,"enemies":"Nemesis","floor":40,"turns":5},{"damage":27,"enemies":"Reptomancer","floor":42,"turns":5},{"damage":10,"enemies":"Sphere and 2 Shapes","floor":43,"turns":2},{"damage":53,"enemies":"Nemesis","floor":44,"turns":5},{"damage":25,"enemies":"downfall:FleeingMerchant","floor":45,"turns":4},{"damage":44,"enemies":"Giant Head","floor":46,"turns":4},{"damage":26,"enemies":"Nemesis","floor":48,"turns":3},{"damage":41,"enemies":"Spire Growth","floor":49,"turns":3},{"damage":54,"enemies":"downfall:Silent","floor":50,"turns":3},{"damage":38,"enemies":"downfall:CharBossMerchant","floor":52,"turns":3},{"damage":218,"enemies":"downfall:NeowBoss","floor":55,"turns":23}],"seed_played":"4197598932641767279","potions_obtained":[{"floor":2.0,"key":"Ancient Potion"},{"floor":8.0,"key":"EssenceOfSteel"},{"floor":11.0,"key":"Explosive Potion"},{"floor":13.0,"key":"Dexterity Potion"},{"floor":16.0,"key":"Explosive Potion"},{"floor":25.0,"key":"Weak Potion"},{"floor":26.0,"key":"Slimebound:ThreeZeroPotion"},{"floor":29.0,"key":"Regen Potion"},{"floor":33.0,"key":"Block Potion"},{"floor":37,"key":"LiquidBronze"},{"floor":40,"key":"champ:CounterPotion"},{"floor":44,"key":"EssenceOfSteel"},{"floor":46,"key":"FairyPotion"}],"is_trial":false,"path_per_floor":["R","M","M","?","?","E","T","M","E","$","E","R","M","M","M","B",null,"R","M","?","$","?","M","T","M","E","?","R","E","R","E","M","B",null,"R","M","M","?","?","E","T","E","M","E","$","E","R","E","M","B",null,"E","$","R","B",null],"character_chosen":"THE_CHAMP","items_purchased":["HandDrill","champ:Haymaker","Membership Card","champ:RecklessLeap+1","Pen Nib","Lantern","Torii","champ:BerserkerStyle","champ:FaceSlap+1","Lizard Tail","Vajra","champ:RecklessLeap+1"],"campfire_rested":0,"item_purchase_floors":[10,10,45,45,45,45,45,45,45,45,53,53],"current_hp_per_floor":[90,80,80,80,80,64,64,64,54,53,43,43,44,34,35,27,90,90,72,72,73,73,63,63,75,88,88,98,100,100,95,72,105,105,105,100,84,84,84,80,80,100,102,75,105,115,115,115,115,115,115,115,115,115,82],"gold":8,"neow_bonus":"BOSS_RELIC","is_daily":false,"chose_seed":false,"campfire_upgraded":7,"win_rate":0.0,"timestamp":1609774758,"path_taken":["R","M","M","?","?","E","T","M","E","$","E","R","M","M","M","BOSS","R","M","?","$","?","M","T","M","E","?","R","E","R","E","M","BOSS","R","M","M","?","?","E","T","E","M","E","$","E","R","E","M","BOSS","E","$","R","BOSS"],"items_purchased_type":["Relic","Card","Relic","Card","Relic","Relic","Relic","Card","Card","Relic","Relic","Card"],"build_version":"2020-12-22","purchased_purges":2,"victory":true,"max_hp_per_floor":[90,90,90,90,90,90,90,90,90,90,90,90,90,90,90,90,90,90,90,90,90,90,90,90,90,90,90,100,100,100,100,100,105,105,105,105,105,105,105,105,105,105,105,105,105,115,115,115,115,115,115,115,115,115,115],"relic_stats":{"Happy Flower":[47],"Torii":7,"counters":[33,168],"Blue Candle":[18],"PreservedInsect":424,"Pen Nib":[8],"Boot":[20],"Blood Vial":34,"Lizard Tail":0,"Busted Crown":22,"Pandora\u0027s Box":["champ:GladiatorsShout","champ:FanOfKnives","champ:ShieldSigil","champ:DefensiveShout","champ:MurderStrike","champ:Shatter","champ:HeavySlash","champ:Encircle"],"HandDrill":[46],"Kunai":[17],"obtain_stats":[{"Lantern":45,"Torii":45,"Vajra":53,"champ:ChampionCrown":0,"downfall:HeartBlessingGreen":18,"Ancient Tea Set":38,"Boot":41,"Blood Vial":11,"Lizard Tail":45,"HornCleat":4,"champ:DefensiveTrainingManual":22,"downfall:HeartBlessingBlue":28,"WingedGreaves":26,"HandDrill":10,"Kunai":44,"Pear":46,"Happy Flower":9,"downfall:HeartBlessingRed":28,"Blue Candle":6,"Oddly Smooth Stone":7,"PreservedInsect":31,"Pen Nib":45,"SlaversCollar":0,"Busted Crown":34,"champ:LiftRelic":5,"Pandora\u0027s Box":17,"Molten Egg 2":29,"Bag of Marbles":42,"Membership Card":45,"StrikeDummy":52,"Meat on the Bone":40,"Pocketwatch":48},{"Lantern":27,"Torii":27,"Vajra":32,"champ:ChampionCrown":0,"downfall:HeartBlessingGreen":11,"Ancient Tea Set":22,"Boot":23,"Blood Vial":7,"Lizard Tail":27,"HornCleat":2,"champ:DefensiveTrainingManual":13,"downfall:HeartBlessingBlue":16,"WingedGreaves":16,"HandDrill":6,"Kunai":26,"Pear":28,"Happy Flower":5,"downfall:HeartBlessingRed":16,"Blue Candle":3,"Oddly Smooth Stone":3,"PreservedInsect":18,"Pen Nib":27,"SlaversCollar":0,"Busted Crown":20,"champ:LiftRelic":2,"Pandora\u0027s Box":11,"Molten Egg 2":17,"Bag of Marbles":24,"Membership Card":27,"StrikeDummy":32,"Meat on the Bone":23,"Pocketwatch":29},{"Lantern":129,"Torii":129,"Vajra":145,"champ:ChampionCrown":0,"downfall:HeartBlessingGreen":55,"Ancient Tea Set":108,"Boot":113,"Blood Vial":37,"Lizard Tail":129,"HornCleat":9,"champ:DefensiveTrainingManual":67,"downfall:HeartBlessingBlue":80,"WingedGreaves":80,"HandDrill":29,"Kunai":125,"Pear":133,"Happy Flower":25,"downfall:HeartBlessingRed":80,"Blue Candle":13,"Oddly Smooth Stone":13,"PreservedInsect":89,"Pen Nib":129,"SlaversCollar":0,"Busted Crown":100,"champ:LiftRelic":9,"Pandora\u0027s Box":55,"Molten Egg 2":84,"Bag of Marbles":118,"Membership Card":129,"StrikeDummy":145,"Meat on the Bone":113,"Pocketwatch":136}],"Meat on the Bone":0,"Pocketwatch":[15]},"card_choices":[{"not_picked":["champ:CalledShot","champ:TornadoPunch"],"picked":"champ:BringItOn","floor":2.0},{"not_picked":["champ:GladiatorsShout","champ:Shatter"],"picked":"champ:ShieldThrow","floor":3.0},{"not_picked":["champ:GladiatorsShout","champ:TornadoPunch"],"picked":"champ:AdrenalArmor","floor":6.0},{"not_picked":["champ:GladiatorsShout","champ:Encircle"],"picked":"champ:FightOn","floor":8.0},{"not_picked":["champ:FaceSlap","champ:FlashCut"],"picked":"champ:Backstep","floor":9.0},{"not_picked":["champ:Aggression","champ:BladeFlurry"],"picked":"champ:SkillfulDodge","floor":10.0},{"not_picked":["champ:FlashCut","champ:Backstep"],"picked":"champ:Control","floor":11.0},{"not_picked":["champ:BladeFlurry","champ:DefensiveShout"],"picked":"champ:EndlessRage","floor":13.0},{"not_picked":["champ:FocusedBerserking","champ:BerserkersShout"],"picked":"champ:IronFortress","floor":14.0},{"not_picked":["champ:ShieldSlam","champ:EnragedBash"],"picked":"champ:DefensiveStyle","floor":15.0},{"not_picked":["champ:SteelEdge","champ:ShieldThrow"],"picked":"champ:VampiricStrike","floor":16.0},{"not_picked":["champ:SkillfulDodge","champ:BladeFlurry"],"picked":"champ:BerserkersShout","floor":19.0},{"not_picked":["champ:AdrenalArmor","champ:RapidStrikes","champ:Duel"],"picked":"SKIP","floor":21.0},{"not_picked":["champ:FanOfKnives+1","champ:AdrenalArmor"],"picked":"champ:Improvising","floor":23.0},{"not_picked":["champ:Haymaker","champ:Shatter"],"picked":"champ:StanceDance","floor":25.0},{"not_picked":["champ:BringItOn","champ:Circumvent","champ:TornadoPunch"],"picked":"SKIP","floor":26.0},{"not_picked":["champ:BladeFlurry+1","champ:Shatter+1"],"picked":"champ:DefensiveShout+1","floor":29.0},{"not_picked":["champ:StanceDance","champ:EnGarde"],"picked":"champ:ShieldThrow+1","floor":31.0},{"not_picked":["champ:TornadoPunch+1","champ:DefensiveShout+1"],"picked":"champ:Circumvent","floor":32.0},{"not_picked":["champ:EnchantSword","champ:CrownThrow+1"],"picked":"champ:MurderStrike+1","floor":33.0},{"not_picked":[],"picked":"champ:BringItOn","floor":36.0},{"not_picked":["champ:DefensiveShout+1"],"picked":"SKIP","floor":37},{"not_picked":[],"picked":"champ:DefensiveShout+1","floor":37},{"not_picked":["champ:AdrenalArmor"],"picked":"SKIP","floor":40},{"not_picked":[],"picked":"champ:ViciousMockery","floor":42},{"not_picked":["champ:SkillfulDodge"],"picked":"SKIP","floor":43},{"not_picked":[],"picked":"champ:GladiatorsShout+1","floor":44},{"not_picked":[],"picked":"champ:FlashCut+1","floor":45},{"not_picked":["champ:FanOfKnives+1"],"picked":"SKIP","floor":46},{"not_picked":["champ:FanOfKnives+1"],"picked":"SKIP","floor":46},{"not_picked":["champ:Circumvent"],"picked":"SKIP","floor":48},{"not_picked":[],"picked":"champ:BerserkersShout","floor":49},{"not_picked":[],"picked":"champ:Circumvent+1","floor":52}],"player_experience":1475619,"relics_obtained":[{"floor":6.0,"key":"Blue Candle"},{"floor":7.0,"key":"Oddly Smooth Stone"},{"floor":9.0,"key":"Happy Flower"},{"floor":11.0,"key":"Blood Vial"},{"floor":26.0,"key":"WingedGreaves"},{"floor":29.0,"key":"Molten Egg 2"},{"floor":31.0,"key":"PreservedInsect"},{"floor":38,"key":"Ancient Tea Set"},{"floor":40,"key":"Meat on the Bone"},{"floor":41,"key":"Boot"},{"floor":42,"key":"Bag of Marbles"},{"floor":44,"key":"Kunai"},{"floor":46,"key":"Pear"},{"floor":48,"key":"Pocketwatch"},{"floor":52,"key":"StrikeDummy"}],"event_choices":[{"damage_healed":0.0,"max_hp_gain":0.0,"max_hp_loss":0.0,"gold_gain":0.0,"event_name":"Big Fish","player_choice":"Box","floor":4.0,"gold_loss":0.0,"damage_taken":0.0,"relics_obtained":["HornCleat"],"cards_obtained":["Regret"]}],"is_beta":false,"boss_relics":[{"not_picked":["Philosopher\u0027s Stone","Astrolabe"],"picked":"Pandora\u0027s Box"},{"not_picked":["Runic Pyramid","Coffee Dripper"],"picked":"Busted Crown"}],"items_purged_floors":[21,45],"is_endless":false,"potions_floor_spawned":[2,8,11,13,16,25,26,29,33,37,40,44,46,48],"ascension_level":2}}