{"host":"7z347kdhnquy3q4q","time":1609802921,"event":{"mods":["Act Like it!","Aspiration","BaseMod","Downfall","Hubris","Infinite Spire","Minty Spire (QoL Compilation)","MostiFishMod","Pale of the Ancients","Permanent Neow","Potionbrewer","Replay The Spire","Robot Space Explorer","Spicy Shops","StSLib","Wandering Minibosses","vexMod"],"gold_per_floor":[114,39,39,39,66,66,98,185,210,42,52,87,187,207,207,282,282,298,298,298,540,554,54,54,85,112,112,142,160,204,129,129,204,204,220,220,220,220,236,266,266,276,302,302,332,332,332,364,39,0,0,0,0,76,76,76],"floor_reached":55,"playtime":2528,"items_purged":["Strike_G","Strike_G"],"score":2817,"play_id":"2b1d2355-51ff-4610-8f98-73e94f2392c6","local_time":"20210104172841","is_ascension_mode":true,"campfire_choices":[{"data":"Poisoned Stab","floor":6.0,"key":"SMITH"},{"data":"MostiFishMod:ShivMaster","floor":24,"key":"SMITH"},{"floor":32,"key":"REST"}],"circlet_count":0,"master_deck":["AscendersBane","Strike_G","Defend_G","Defend_G","Defend_G","Defend_G","Survivor","Neutralize","ReplayTheSpireMod:Tripwire","Poisoned Stab+1","MostiFishMod:FrostNova","Flying Knee","Catalyst","Backstab","Deadly Poison","infinitespire:Neurotoxin","Hidden Blade+1","Leg Sweep","MostiFishMod:ShivMaster+1","Noxious Fumes","expansioncontent:Flail","Replay:Bag of Tricks+1","MostiFishMod:Neurotoxin","Blade Dance","Escape Plan","Hidden Blade","Terror+1","Slice","Storm of Steel","hubris:SlightOfHand","Poisoned Stab+1","MostiFishMod:PerfectParry","Bane","expansioncontent:DonusPower","Draining Mist","ReplayTheSpireMod:Scrap Shanks"],"relics":["DaveBox","BionicSphere","RhineFirstAidKit","SynthV:TestCard","Blood Vial","Guardian:PocketSentry","Paper Crane","ShadowXiaoBlade","WingedGreaves","The Specimen","vexMod:GhostlyGear","Shuriken","Ancient Tea Set","aspiration:Stabinomicon","hubris:CuriousFeather","hubris:ToyBattleship","SlaversCollar","HaiYi:Twilight","Ring of Panic","Bronze Scales","Replay:Rubber Ducky","hubris:PeanutButter","Toy Ornithopter","Red Mask","Ninja Scroll","paleoftheancients:Timepiece","paleoftheancients:KeyRelic","CultistMask"],"acts_visited":["Exordium","TheCity","TheBeyond","TheBeyond"],"potions_floor_usage":[16,18,22,25,25,30,40,45,48,53,54],"damage_taken":[{"damage":0.0,"enemies":"Jaw Worm","floor":1.0,"turns":4.0},{"damage":0.0,"enemies":"Small Slimes","floor":5.0,"turns":7.0},{"damage":0.0,"enemies":"Gremlin Nob","floor":7.0,"turns":5.0},{"damage":0.0,"enemies":"Cultist","floor":8.0,"turns":7.0},{"damage":0,"enemies":"Blue Slaver","floor":11,"turns":3},{"damage":0,"enemies":"Replay:BlueRogue","floor":12,"turns":5},{"damage":0,"enemies":"Gremlin Gang","floor":14,"turns":3},{"damage":0,"enemies":"Hexaghost","floor":16,"turns":7},{"damage":0,"enemies":"3 Byrds","floor":18,"turns":4},{"damage":0,"enemies":"Chosen","floor":21,"turns":7},{"damage":0,"enemies":"Centurion and Healer","floor":22,"turns":4},{"damage":6,"enemies":"Slavers","floor":25,"turns":4},{"damage":0,"enemies":"Replay:Snechameleon","floor":28,"turns":3},{"damage":0,"enemies":"Shelled Parasite and Fungi","floor":29,"turns":3},{"damage":8,"enemies":"hubris:MusketHawk","floor":33,"turns":3},{"damage":0,"enemies":"Orb Walker","floor":35,"turns":2},{"damage":0,"enemies":"3 Shapes","floor":39,"turns":3},{"damage":0,"enemies":"Nemesis","floor":40,"turns":3},{"damage":0,"enemies":"Maw","floor":42,"turns":4},{"damage":0,"enemies":"Giant Head","floor":45,"turns":4},{"damage":0,"enemies":"Reptomancer","floor":48,"turns":3},{"damage":13,"enemies":"Awakened One","floor":52,"turns":6},{"damage":0,"enemies":"Donu and Deca","floor":53,"turns":6},{"damage":76,"enemies":"Donu and Deca","floor":54,"turns":7},{"damage":75,"enemies":"Donu and Deca","floor":55,"turns":5}],"seed_played":"6650157277863752173","potions_obtained":[{"floor":4.0,"key":"Weak Potion"},{"floor":4.0,"key":"FearPotion"},{"floor":5.0,"key":"BlessingOfTheForge"},{"floor":12,"key":"Venom Potion"},{"floor":16,"key":"EntropicBrew"},{"floor":21,"key":"SteroidPotion"},{"floor":28,"key":"potionbrewer:FreezingPotion"},{"floor":29,"key":"SteroidPotion"},{"floor":30,"key":"Fruit Juice"},{"floor":39,"key":"potionbrewer:DiscountPotion"},{"floor":40,"key":"SteroidPotion"},{"floor":42,"key":"Elixir"},{"floor":45,"key":"LiquidMemories"}],"is_trial":false,"path_per_floor":["M","$","?","?","M","R","E","M","T","$","M","E","?","M","R","B",null,"M","AVR","?","M","M","$","R","E","T","?","E","M","?","?","R","B",null,"M","AVR","?","?","M","E","R","M","T","?","E","PTL","PTL","E","$","?","R","B","B","M","M"],"character_chosen":"THE_SILENT","items_purchased":["Guardian:PocketSentry","The Specimen","Noxious Fumes","expansioncontent:Flail","vexMod:GhostlyGear","Bane","expansioncontent:DonusPower","Draining Mist","ReplayTheSpireMod:Scrap Shanks"],"campfire_rested":1,"item_purchase_floors":[10,23,23,23,23,49,49,49,49],"current_hp_per_floor":[59,59,52,52,52,52,52,54,54,54,56,58,58,60,60,62,65,66,66,66,66,66,66,66,60,60,39,41,43,27,27,48,42,64,66,66,66,66,68,70,70,71,71,71,71,71,71,71,71,71,71,58,70,71,0,0],"gold":76,"neow_bonus":"BOSS_RELIC","is_daily":false,"chose_seed":false,"campfire_upgraded":2,"win_rate":0.0,"timestamp":1609802921,"path_taken":["M","$","?","?","M","R","E","?","T","$","M","E","?","?","R","BOSS","M","AVR","?","M","M","$","R","E","T","?","E","?","?","?","R","BOSS","M","AVR","?","?","?","E","R","M","T","?","E","PTL","PTL","E","$","?","R","BOSS","BOSS","M","M"],"items_purchased_type":["Relic","Relic","Card","Card","Relic","Card","Card","Card","Card"],"build_version":"2020-12-22","purchased_purges":2,"victory":false,"max_hp_per_floor":[66,66,66,66,66,66,66,66,66,66,66,66,66,66,66,66,66,66,66,66,66,66,66,66,66,66,66,66,66,71,71,71,71,71,71,71,71,71,71,71,71,71,71,71,71,71,71,71,71,71,71,71,71,71,71,71],"card_choices":[{"not_picked":["MostiFishMod:PerfectParry","Acrobatics"],"picked":"ReplayTheSpireMod:Tripwire","floor":1.0},{"not_picked":["PiercingWail","Fluid Movement","Backflip","Crippling Poison"],"picked":"Poisoned Stab","floor":5.0},{"not_picked":["Acrobatics","Dodge and Roll","Heel Hook","Poisoned Stab"],"picked":"MostiFishMod:FrostNova","floor":7.0},{"not_picked":["Concentrate","PiercingWail","Backflip","Underhanded Strike"],"picked":"Flying Knee","floor":8.0},{"not_picked":["Finisher","Sucker Punch","Choke","Cloak And Dagger"],"picked":"Catalyst","floor":11},{"not_picked":["MostiFishMod:LethalBlade","Cloak And Dagger","ReplayTheSpireMod:Exploit Weakness","ReplayTheSpireMod:The Works"],"picked":"Backstab","floor":12},{"not_picked":["Heel Hook","Outmaneuver","Bane","Hidden Blade"],"picked":"Deadly Poison","floor":14},{"not_picked":["A Thousand Cuts","Wraith Form v2","Burst","MostiFishMod:WinterMarkForm"],"picked":"infinitespire:Neurotoxin","floor":16},{"not_picked":["Bane","Outmaneuver","Backflip+1","Blade Dance"],"picked":"Hidden Blade+1","floor":18},{"not_picked":["Hidden Blade+1","Blade Dance","Underhanded Strike+1","Concentrate+1","Sucker Punch"],"picked":"SKIP","floor":21},{"not_picked":["Accuracy","Deflect","Concentrate+1","Leg Sweep"],"picked":"MostiFishMod:ShivMaster","floor":22},{"not_picked":["MostiFishMod:PerfectParry","Deadly Poison","MostiFishMod:InvigoratingSolution","MostiFishMod:HiddenBlade"],"picked":"Replay:Bag of Tricks","floor":25},{"not_picked":["hubris:TrickCloak","Dagger Spray","Prepared","Heel Hook"],"picked":"MostiFishMod:Neurotoxin","floor":28},{"not_picked":["ReplayTheSpireMod:Scrap Shanks","All Out Attack","Quick Slash","PiercingWail"],"picked":"Blade Dance","floor":29},{"not_picked":["Hidden Blade","Dagger Throw","Fluid Movement","Backflip"],"picked":"Escape Plan","floor":30},{"not_picked":["Bouncing Flask","Toxin Wave","Flying Knee","Distraction"],"picked":"Hidden Blade","floor":30},{"not_picked":["ReplayTheSpireMod:Necrosis","Atom Bomb","MostiFishMod:Opportunism","MostiFishMod:SpreadingSpore"],"picked":"MostiFishMod:FullyArmed","floor":33},{"not_picked":["Dagger Spray","Sucker Punch","Dash","Underhanded Strike+1"],"picked":"Terror+1","floor":35},{"not_picked":["Skewer","Dodge and Roll","Prepared+1","Quick Slash"],"picked":"Slice","floor":39},{"not_picked":["Escape Plan","Dagger Spray+1","Dodge and Roll","PiercingWail+1"],"picked":"Storm of Steel","floor":40},{"not_picked":["Poisoned Stab","Deflect","Accuracy","Eviscerate+1"],"picked":"hubris:SlightOfHand","floor":42},{"not_picked":["Deadly Poison","Outmaneuver","Underhanded Strike","Fluid Movement"],"picked":"Poisoned Stab+1","floor":45},{"not_picked":["Dagger Throw","MostiFishMod:GrandStart","Leg Sweep","Hidden Blade+1"],"picked":"MostiFishMod:PerfectParry","floor":48}],"player_experience":1950010,"relics_obtained":[{"floor":1.0,"key":"SynthV:TestCard"},{"floor":7.0,"key":"Blood Vial"},{"floor":12,"key":"Paper Crane"},{"floor":25,"key":"Shuriken"},{"floor":26,"key":"Ancient Tea Set"},{"floor":27,"key":"aspiration:Stabinomicon"},{"floor":28,"key":"hubris:CuriousFeather"},{"floor":30,"key":"hubris:ToyBattleship"},{"floor":37,"key":"Ring of Panic"},{"floor":40,"key":"Bronze Scales"},{"floor":43,"key":"Replay:Rubber Ducky"},{"floor":45,"key":"hubris:PeanutButter"},{"floor":48,"key":"Toy Ornithopter"}],"event_choices":[{"cards_removed":["Defend_G"],"damage_healed":0.0,"max_hp_gain":0.0,"max_hp_loss":0.0,"gold_gain":0.0,"event_name":"Golden Wing","player_choice":"Card Removal","floor":3.0,"gold_loss":0.0,"damage_taken":7.0},{"damage_healed":0.0,"max_hp_gain":0.0,"max_hp_loss":0.0,"gold_gain":0.0,"event_name":"Lab","player_choice":"Got Potions","floor":4.0,"gold_loss":0.0,"damage_taken":0.0},{"damage_healed":0,"gold_gain":100,"player_choice":"Gold","damage_taken":0,"max_hp_gain":0,"max_hp_loss":0,"event_name":"Wheel of Change","floor":13,"gold_loss":0},{"cards_removed":["Strike_G"],"damage_healed":0,"gold_gain":0,"player_choice":"Offered Basic","damage_taken":0,"max_hp_gain":0,"max_hp_loss":0,"event_name":"Bonfire Elementals","floor":15,"gold_loss":0},{"damage_healed":0,"gold_gain":0,"player_choice":"Obtained Book","damage_taken":21,"max_hp_gain":0,"max_hp_loss":0,"event_name":"Cursed Tome","floor":27,"gold_loss":0},{"cards_removed":["Strike_G"],"damage_healed":0,"gold_gain":0,"player_choice":"Gave Gold","damage_taken":0,"max_hp_gain":0,"max_hp_loss":0,"event_name":"Beggar","floor":31,"gold_loss":75},{"damage_healed":0,"gold_gain":0,"player_choice":"Forge","damage_taken":0,"max_hp_gain":0,"max_hp_loss":0,"event_name":"Accursed Blacksmith","floor":38,"gold_loss":0,"cards_upgraded":["Replay:Bag of Tricks"]},{"damage_healed":0,"gold_gain":0,"player_choice":"Paid","damage_taken":0,"relics_obtained":["Red Mask"],"max_hp_gain":0,"max_hp_loss":0,"event_name":"Tomb of Lord Red Mask","floor":50,"gold_loss":39}],"is_beta":false,"boss_relics":[{"not_picked":["ReplayTheSpireMod:DimensionalGlitch","vexMod:MysteryBossChallenge"],"picked":"ShadowXiaoBlade"},{"not_picked":["Sozu","aspiration:RunicSpoon"],"picked":"SlaversCollar"}],"items_purged_floors":[2,19],"is_endless":false,"potions_floor_spawned":[5,11,12,16,21,28,29,39,40,42,45],"killed_by":"Donu and Deca","ascension_level":20}}