{"host":"6bsan6hkua32tfq7","time":1609779029,"event":{"mods":["BaseMod","Better Third Choice","Colored Map","Highlight Path","Minty Spire (QoL Compilation)","StSLib"],"gold_per_floor":[118,118,118,130,55,55,81,81,81,96,109,120,120,130,130,202,202,213,138,157,174,188,188,200,200,200,218,218,247,247,247],"floor_reached":30,"playtime":801,"items_purged":["Strike_P"],"score":508,"play_id":"a35cd0cc-b1a4-46c1-8ed0-264680c270d4","local_time":"20210104175029","is_ascension_mode":true,"campfire_choices":[{"data":"Alpha","floor":6,"key":"SMITH"},{"floor":8,"key":"REST"},{"floor":13,"key":"REST"},{"data":"Strike_P","floor":15,"key":"PURGE"},{"floor":23,"key":"REST"},{"data":"Eruption","floor":25,"key":"PURGE"},{"data":"Defend_P","floor":28,"key":"PURGE"}],"circlet_count":0,"master_deck":["AscendersBane","Defend_P","Defend_P","Defend_P","Vigilance","Alpha+1","Prostrate","ThirdEye","WaveOfTheHand","Protect","Vault","EmptyBody","Prostrate","Perseverance"],"relics":["HolyWater","Regal Pillow","Frozen Egg 2","Peace Pipe","Bottled Lightning","Ice Cream"],"acts_visited":["Exordium","TheCity"],"potions_floor_usage":[12,18,29],"damage_taken":[{"damage":0,"enemies":"Cultist","floor":1,"turns":3},{"damage":0,"enemies":"Jaw Worm","floor":4,"turns":3},{"damage":40,"enemies":"Gremlin Nob","floor":7,"turns":4},{"damage":6,"enemies":"2 Louse","floor":10,"turns":5},{"damage":2,"enemies":"Exordium Wildlife","floor":11,"turns":4},{"damage":20,"enemies":"Lots of Slimes","floor":12,"turns":3},{"damage":9,"enemies":"Exordium Thugs","floor":14,"turns":4},{"damage":38,"enemies":"Slime Boss","floor":16,"turns":5},{"damage":0,"enemies":"Chosen","floor":18,"turns":5},{"damage":7,"enemies":"3 Byrds","floor":20,"turns":5},{"damage":17,"enemies":"Sentry and Sphere","floor":21,"turns":5},{"damage":7,"enemies":"3 Cultists","floor":22,"turns":4},{"damage":10,"enemies":"Centurion and Healer","floor":24,"turns":5},{"damage":7,"enemies":"Sentry and Sphere","floor":27,"turns":5},{"damage":23,"enemies":"Slavers","floor":29,"turns":4},{"damage":11,"enemies":"Snake Plant","floor":30,"turns":1}],"seed_played":"7550284937201768501","potions_obtained":[{"floor":1,"key":"SpeedPotion"},{"floor":7,"key":"FearPotion"},{"floor":16,"key":"SneckoOil"},{"floor":20,"key":"DistilledChaos"}],"is_trial":false,"path_per_floor":["M","?","T","M","$","R","E","R","T","M","M","M","R","M","R","B",null,"M","?","M","M","M","R","M","R","T","M","R","E","M"],"character_chosen":"WATCHER","items_purchased":[],"campfire_rested":3,"item_purchase_floors":[],"current_hp_per_floor":[61,54,54,54,54,54,14,47,47,41,39,19,52,43,43,5,48,48,48,41,24,17,50,40,40,40,33,33,10,0,0],"gold":247,"neow_bonus":"THREE_RARE_CARDS","is_daily":false,"chose_seed":false,"campfire_upgraded":1,"win_rate":0.0,"timestamp":1609779029,"path_taken":["M","?","?","M","$","R","E","R","T","M","M","M","R","M","R","BOSS","M","?","M","M","M","R","M","R","T","M","R","E","M"],"items_purchased_type":[],"build_version":"2020-12-22","purchased_purges":1,"victory":false,"max_hp_per_floor":[62,62,62,62,62,62,62,62,62,62,62,62,62,62,62,62,62,62,62,62,62,62,62,62,62,62,62,62,62,62,62],"card_choices":[{"not_picked":["Vault","MasterReality"],"picked":"Alpha","floor":0},{"not_picked":["SashWhip","BowlingBash"],"picked":"Prostrate","floor":1},{"not_picked":["CrushJoints","CutThroughFate"],"picked":"ThirdEye","floor":4},{"not_picked":["BowlingBash","FlurryOfBlows","Ragnarok"],"picked":"SKIP","floor":7},{"not_picked":["Meditate","TalkToTheHand"],"picked":"WaveOfTheHand","floor":10},{"not_picked":["Tantrum","PathToVictory","FlurryOfBlows"],"picked":"SKIP","floor":11},{"not_picked":["ClearTheMind","Swivel","Vengeance"],"picked":"SKIP","floor":12},{"not_picked":["ClearTheMind","Evaluate"],"picked":"Protect","floor":14},{"not_picked":["SpiritShield","Blasphemy"],"picked":"Vault","floor":16},{"not_picked":["Swivel","FollowUp","EmptyBody"],"picked":"SKIP","floor":18},{"not_picked":["Swivel","FollowUp"],"picked":"EmptyBody","floor":18},{"not_picked":["FollowUp","WindmillStrike"],"picked":"Prostrate","floor":20},{"not_picked":["Halt","FlurryOfBlows","MasterReality+1"],"picked":"SKIP","floor":21},{"not_picked":["CrushJoints","EmptyBody","Worship"],"picked":"SKIP","floor":22},{"not_picked":["Meditate","Collect"],"picked":"Perseverance","floor":24},{"not_picked":["FlurryOfBlows","BowlingBash","Meditate"],"picked":"SKIP","floor":27},{"not_picked":["EmptyFist","Collect","Halt"],"picked":"SKIP","floor":29}],"player_experience":5243015,"relics_obtained":[{"floor":3,"key":"Regal Pillow"},{"floor":7,"key":"Frozen Egg 2"},{"floor":9,"key":"Peace Pipe"},{"floor":26,"key":"Bottled Lightning"},{"floor":29,"key":"Ice Cream"}],"event_choices":[{"cards_removed":["Strike_P"],"damage_healed":0,"gold_gain":0,"player_choice":"Card Removal","damage_taken":7,"max_hp_gain":0,"max_hp_loss":0,"event_name":"Golden Wing","floor":2,"gold_loss":0},{"cards_removed":["Strike_P"],"damage_healed":0,"gold_gain":0,"player_choice":"Gave Gold","damage_taken":0,"max_hp_gain":0,"max_hp_loss":0,"event_name":"Beggar","floor":19,"gold_loss":75}],"is_beta":false,"boss_relics":[{"not_picked":["Busted Crown","Cursed Key"],"picked":"HolyWater"}],"items_purged_floors":[5],"is_endless":false,"potions_floor_spawned":[1,7,16,20,21,22,27],"killed_by":"Snake Plant","ascension_level":20}}