{"host":"56ghxnzsglgdq727","time":1609749136,"event":{"mods":["AchievementEnabler","BaseMod","Downfall","Minty Spire (QoL Compilation)","StSLib"],"gold_per_floor":[99,109,109,109,109,170,170,181,198,209,134,150,182,201,218,218,218,218],"floor_reached":16,"playtime":706,"items_purged":[],"score":104,"play_id":"e1d891e7-03bd-4c0f-8acd-57038646b368","local_time":"20210104033216","is_ascension_mode":false,"campfire_choices":[{"data":"Guardian:GatlingBeam","floor":1,"key":"SMITH"},{"floor":11,"key":"REST"}],"circlet_count":0,"master_deck":["Guardian:Strike_Guardian","Guardian:Strike_Guardian","Guardian:Strike_Guardian","Guardian:Defend_Guardian","Guardian:Defend_Guardian+1","Guardian:Defend_Guardian","Guardian:CurlUp+1","Guardian:TwinSlam","Guardian:GatlingBeam+1","Guardian:TemporalStrike","Guardian:TemporalStrike","Guardian:MultiBeam","Guardian:Suspension","Guardian:GatlingBeam"],"relics":["Guardian:ModeShifter","downfall:BrokenWingStatue","Girya","downfall:HeartBlessingBlue","War Paint"],"acts_visited":["Exordium"],"potions_floor_usage":[10,13,16,16],"damage_taken":[{"damage":7,"enemies":"Small Slimes","floor":2,"turns":4},{"damage":29,"enemies":"3 Sentries","floor":6,"turns":7},{"damage":0,"enemies":"Jaw Worm","floor":8,"turns":3},{"damage":12,"enemies":"2 Louse","floor":9,"turns":3},{"damage":2,"enemies":"Large Slime","floor":10,"turns":4},{"damage":0,"enemies":"3 Louse","floor":12,"turns":3},{"damage":8,"enemies":"Lagavulin","floor":13,"turns":5},{"damage":6,"enemies":"2 Fungi Beasts","floor":14,"turns":3},{"damage":12,"enemies":"Blue Slaver","floor":15,"turns":4},{"damage":32,"enemies":"downfall:Watcher","floor":16,"turns":8}],"seed_played":"8376534515558467370","potions_obtained":[{"floor":6,"key":"SneckoOil"},{"floor":9,"key":"GamblersBrew"},{"floor":12,"key":"Weak Potion"},{"floor":14,"key":"Block Potion"}],"is_trial":false,"path_per_floor":["R","M","?","?","?","?","T","M","M","M","R","M","E","M","M","B"],"character_chosen":"GUARDIAN","items_purchased":[],"campfire_rested":1,"item_purchase_floors":[],"current_hp_per_floor":[72,65,65,65,65,36,36,36,24,22,56,56,48,42,30,0,0,0],"gold":218,"neow_bonus":"THREE_RARE_CARDS","is_daily":false,"chose_seed":false,"campfire_upgraded":1,"win_rate":0.0,"timestamp":1609749136,"path_taken":["R","M","?","?","?","?","T","M","M","M","R","M","E","M","M","BOSS"],"items_purchased_type":[],"build_version":"2020-12-22","purchased_purges":0,"victory":false,"max_hp_per_floor":[72,72,72,72,72,72,72,72,72,72,82,82,82,82,82,82,82,82],"card_choices":[{"not_picked":["Guardian:FastForward","Guardian:StasisStrike"],"picked":"Guardian:GatlingBeam","floor":0},{"not_picked":["Guardian:Recover","Guardian:RollAttack"],"picked":"Guardian:TemporalStrike","floor":2},{"not_picked":["Guardian:RollAttack","Guardian:BronzeArmor"],"picked":"Guardian:TemporalStrike","floor":6},{"not_picked":["Guardian:SphericShield","Guardian:PrimingBeam"],"picked":"Guardian:Gem_Cyan","floor":8},{"not_picked":["Guardian:TemporalStrike","Guardian:Reroute"],"picked":"Guardian:Gem_Cyan","floor":9},{"not_picked":["Guardian:RollAttack","Guardian:WalkerClaw"],"picked":"Guardian:Gem_Lightblue","floor":10},{"not_picked":["Guardian:ChargeCore","Guardian:Gem_Lightblue","Guardian:VentSteam"],"picked":"SKIP","floor":12},{"not_picked":["Guardian:ChargeCore","Guardian:Gem_Cyan"],"picked":"Guardian:MultiBeam","floor":13},{"not_picked":["Guardian:Orbwalk","Guardian:ChargeCore"],"picked":"Guardian:Suspension","floor":14},{"not_picked":["Guardian:CrystalBeam","Guardian:Emergency"],"picked":"Guardian:GatlingBeam","floor":15}],"player_experience":124982,"relics_obtained":[{"floor":6,"key":"Girya"},{"floor":13,"key":"War Paint"}],"event_choices":[],"is_beta":false,"boss_relics":[],"items_purged_floors":[],"is_endless":false,"potions_floor_spawned":[6,9,12,14],"killed_by":"downfall:Watcher","ascension_level":0}}