{"host":"bczg3e1yq3rp3pkk","time":1609744623,"event":{"mods":["BaseMod","Hermit","Marisa£®ÏF”Í°°ƒß¿Ì…≥£©","Minty Spire (QoL Compilation)","Quick Restart","Replay The Spire","StSLib","The Cursed","The Runesmith","The Servant 0.9.4","vexMod"],"gold_per_floor":[115,132,149,162,176,211,211,211,234,246,246,22,41,96,96,191,191,210,210,226,226,226],"floor_reached":21,"playtime":1053,"items_purged":[],"score":183,"play_id":"6c7871d2-6dcc-421c-a2ff-8401386a0860","local_time":"20210104151703","is_ascension_mode":false,"campfire_choices":[{"data":"Luminosity","floor":8,"key":"SMITH"},{"floor":15,"key":"REST"}],"circlet_count":0,"master_deck":["Strike_S","Strike_S","Strike_S","Defend_S","Defend_S+1","Defend_S","Defend_S","KidneyShot","Exchange","Luminosity","Ricochet","Defy+1","FanOfKnives","Luminosity+1","StarChef","Comet","Sabotage","Rearm","SoulSculpture","TheCursedMod:Dregs","CommonCold","Writhe","Spin+1","BottledTime"],"relics":["Uniform","NeowsBlessing","Replay:Baseball","Toy Ornithopter","vexMod:TimeEaterHat","Replay:Mystery Machine","Replay:Ancient Bell","Oddly Smooth Stone","Molten Egg 2","vexMod:RedPlottingStone","Nilry\u0027s Codex"],"acts_visited":["Exordium","TheCity"],"potions_floor_usage":[6,20],"damage_taken":[{"damage":0,"enemies":"Jaw Worm","floor":1,"turns":1},{"damage":0,"enemies":"Cultist","floor":2,"turns":1},{"damage":0,"enemies":"2 Louse","floor":3,"turns":1},{"damage":1,"enemies":"Blue Slaver","floor":4,"turns":4},{"damage":1,"enemies":"3 Louse","floor":5,"turns":2},{"damage":19,"enemies":"Gremlin Nob","floor":6,"turns":5},{"damage":7,"enemies":"Looter","floor":10,"turns":2},{"damage":3,"enemies":"Red Slaver","floor":13,"turns":5},{"damage":18,"enemies":"Lagavulin Event","floor":14,"turns":8},{"damage":5,"enemies":"Slime Boss","floor":16,"turns":9},{"damage":11,"enemies":"Chosen","floor":18,"turns":5},{"damage":10,"enemies":"Shell Parasite","floor":20,"turns":4},{"damage":33,"enemies":"Sentry and Sphere","floor":21,"turns":4}],"seed_played":"-5487090720868735673","potions_obtained":[{"floor":1,"key":"Flashbang"},{"floor":3,"key":"Strength Potion"},{"floor":5,"key":"Dexterity Potion"},{"floor":13,"key":"Energy Potion"},{"floor":16,"key":"Adrenaline Potion"}],"is_trial":false,"path_per_floor":["M","M","M","M","M","E","?","R","T","M","?","$","M","?","R","B",null,"M","?","M","M"],"character_chosen":"THE_SERVANT","items_purchased":["vexMod:TimeEaterHat","Sabotage"],"campfire_rested":1,"item_purchase_floors":[12,12],"current_hp_per_floor":[65,65,65,64,63,44,44,44,44,37,24,24,21,3,22,17,65,54,38,33,0,0],"gold":226,"neow_bonus":"THREE_ENEMY_KILL","is_daily":false,"chose_seed":false,"campfire_upgraded":1,"win_rate":0.0,"timestamp":1609744623,"path_taken":["M","M","M","M","M","E","?","R","T","?","?","$","M","?","R","BOSS","M","?","M","M"],"items_purchased_type":["Relic","Card"],"build_version":"2020-12-22","purchased_purges":0,"victory":false,"max_hp_per_floor":[65,65,65,65,65,65,65,65,65,65,65,65,65,65,65,65,65,65,65,65,65,65],"card_choices":[{"not_picked":["Contraction","Revamp"],"picked":"Luminosity","floor":1},{"not_picked":["Reset","RealityMarble"],"picked":"Ricochet","floor":2},{"not_picked":["Spin","Ricochet"],"picked":"Defy","floor":3},{"not_picked":["ShatteredReality","Read"],"picked":"FanOfKnives","floor":4},{"not_picked":["Defy","TimeWarp"],"picked":"Luminosity","floor":5},{"not_picked":["Foresight","Starlight"],"picked":"StarChef","floor":6},{"not_picked":["ShatteredReality","Ricochet"],"picked":"Comet","floor":10},{"not_picked":["Spin","Rewind"],"picked":"Rearm","floor":13},{"not_picked":["MurderousAura","TheWorld"],"picked":"SoulSculpture","floor":16},{"not_picked":["Voices","Amnesia"],"picked":"TheCursedMod:Dregs","floor":17},{"not_picked":["Sickly","TheCursedMod:Dregs"],"picked":"CommonCold","floor":17},{"not_picked":["ReplayTheSpireMod:Restless Dread","Amnesia"],"picked":"Writhe","floor":17},{"not_picked":["Revamp","Unruled+1"],"picked":"Spin+1","floor":18},{"not_picked":["Rewind+1","Spin+1"],"picked":"BottledTime","floor":20}],"player_experience":340980,"relics_obtained":[{"floor":6,"key":"Replay:Baseball"},{"floor":9,"key":"Toy Ornithopter"},{"floor":19,"key":"Nilry\u0027s Codex"}],"event_choices":[{"cards_removed":["Strike_S"],"damage_healed":0,"gold_gain":0,"player_choice":"Purged","damage_taken":0,"max_hp_gain":0,"max_hp_loss":0,"event_name":"Purifier","floor":7,"gold_loss":0},{"damage_healed":0,"gold_gain":0,"player_choice":"Entered Light","damage_taken":13,"max_hp_gain":0,"max_hp_loss":0,"event_name":"Shining Light","floor":11,"gold_loss":0,"cards_upgraded":["Defy","Defend_S"]},{"damage_healed":0,"gold_gain":0,"player_choice":"Searched \u00273\u0027 times","damage_taken":0,"relics_obtained":["Replay:Mystery Machine"],"max_hp_gain":0,"max_hp_loss":0,"event_name":"Dead Adventurer","floor":14,"gold_loss":0},{"damage_healed":0,"gold_gain":0,"player_choice":"Obtained Book","damage_taken":16,"max_hp_gain":0,"max_hp_loss":0,"event_name":"Cursed Tome","floor":19,"gold_loss":0}],"is_beta":false,"boss_relics":[{"not_picked":["vexMod:DeviousBotling","vexMod:ImprovementManual"],"picked":"Replay:Ancient Bell"},{"not_picked":["vexMod:BarristanHead","MealTicket"],"picked":"Oddly Smooth Stone"},{"not_picked":["ReplayTheSpireMod:Ninjato","Replay:Bottled Steam"],"picked":"Molten Egg 2"},{"not_picked":["Mango","Replay:Towering Pillar of Hats"],"picked":"vexMod:RedPlottingStone"}],"items_purged_floors":[],"is_endless":false,"potions_floor_spawned":[1,3,5,13,16],"killed_by":"Sentry and Sphere","ascension_level":0}}