{"host":"7tvb1em0d2fx72q7","time":1609800270,"event":{"mods":["BaseMod","Challenge The Spire","Minty Spire (QoL Compilation)","StSLib","everything is the same but u backflip on backflip"],"gold_per_floor":[113,113,54,54,0,34,34,65,117,136,167,186,201,223,223,299,299,312,330,330,330,86,86,136,152,152,169,199,179,207,219,219,219,219],"floor_reached":33,"playtime":1635,"items_purged":["Writhe"],"score":756,"play_id":"3ae52080-48d2-490a-ad64-7b9f228d199d","local_time":"20210104174430","is_ascension_mode":true,"campfire_choices":[{"data":"Iron Wave","floor":7,"key":"SMITH"},{"data":"Carnage","floor":15,"key":"SMITH"},{"data":"Whirlwind","floor":23,"key":"SMITH"},{"data":"1","floor":32,"key":"LIFT"}],"circlet_count":0,"master_deck":["AscendersBane","Strike_R","Strike_R","Strike_R","Strike_R","Defend_R","Defend_R","Defend_R+1","Defend_R","Bash+1","Headbutt","Thunderclap","Iron Wave+1","Thunderclap","Ghostly Armor","Pommel Strike","Flame Barrier","Carnage+1","Clothesline","Impervious","Combust","Whirlwind+1","Heavy Blade","Seeing Red"],"relics":["Burning Blood","NeowsBlessing","Pen Nib","Akabeko","Lantern","StrikeDummy","Odd Mushroom","Coffee Dripper","Vajra","PreservedInsect","Incense Burner","Girya"],"acts_visited":["Exordium","TheCity"],"potions_floor_usage":[14,33,33],"damage_taken":[{"damage":0,"enemies":"2 Louse","floor":1,"turns":1},{"damage":0,"enemies":"Lagavulin","floor":6,"turns":1},{"damage":0,"enemies":"3 Sentries","floor":8,"turns":1},{"damage":0,"enemies":"Small Slimes","floor":10,"turns":2},{"damage":17,"enemies":"Gremlin Nob","floor":11,"turns":4},{"damage":0,"enemies":"Cultist","floor":12,"turns":2},{"damage":5,"enemies":"Exordium Wildlife","floor":13,"turns":2},{"damage":0,"enemies":"The Mushroom Lair","floor":14,"turns":3},{"damage":29,"enemies":"The Guardian","floor":16,"turns":7},{"damage":17,"enemies":"3 Byrds","floor":18,"turns":5},{"damage":13,"enemies":"Shell Parasite","floor":19,"turns":2},{"damage":8,"enemies":"Centurion and Healer","floor":25,"turns":5},{"damage":11,"enemies":"Sentry and Sphere","floor":27,"turns":3},{"damage":0,"enemies":"Slavers","floor":28,"turns":1},{"damage":13,"enemies":"Book of Stabbing","floor":30,"turns":4},{"damage":1,"enemies":"Cultist and Chosen","floor":31,"turns":5},{"damage":97,"enemies":"Champ","floor":33,"turns":11}],"seed_played":"8317918110918264295","potions_obtained":[{"floor":8,"key":"LiquidMemories"},{"floor":10,"key":"ColorlessPotion"},{"floor":11,"key":"Dexterity Potion"},{"floor":12,"key":"Energy Potion"},{"floor":16,"key":"Ancient Potion"},{"floor":18,"key":"BlessingOfTheForge"},{"floor":27,"key":"DuplicationPotion"}],"is_trial":false,"path_per_floor":["M","?","$","?","$","E","R","E","T","M","E","M","M","?","R","B",null,"M","M","?","?","$","R","?","M","T","M","E","?","E","M","R","B"],"character_chosen":"IRONCLAD","items_purchased":["Thunderclap","Iron Wave","Whirlwind","Regen Potion"],"campfire_rested":0,"item_purchase_floors":[3,5,22,22],"current_hp_per_floor":[74,67,67,44,44,50,50,56,56,62,51,57,58,64,64,41,67,56,49,49,64,64,64,64,62,62,57,63,63,56,61,61,0,0],"gold":219,"neow_bonus":"THREE_ENEMY_KILL","is_daily":false,"chose_seed":false,"campfire_upgraded":3,"win_rate":0.0,"timestamp":1609800270,"path_taken":["M","?","$","?","$","E","R","E","T","M","E","M","M","?","R","BOSS","M","M","?","?","$","R","?","M","T","M","E","?","E","M","R","BOSS"],"items_purchased_type":["Card","Card","Card","Potion"],"build_version":"2020-12-22","purchased_purges":1,"victory":false,"max_hp_per_floor":[75,75,75,75,75,75,75,75,75,75,75,75,75,75,75,75,75,75,75,75,75,75,75,75,75,75,75,75,75,75,75,75,75,75],"card_choices":[{"not_picked":["Armaments","Rage"],"picked":"Headbutt","floor":1},{"not_picked":["Flex","Perfected Strike"],"picked":"Thunderclap","floor":6},{"not_picked":["Shrug It Off","Fire Breathing"],"picked":"Ghostly Armor","floor":8},{"not_picked":["Anger","Perfected Strike"],"picked":"Pommel Strike","floor":10},{"not_picked":["Demon Form","Perfected Strike"],"picked":"Flame Barrier","floor":11},{"not_picked":["Reckless Charge","Flex","Warcry"],"picked":"SKIP","floor":12},{"not_picked":["Flame Barrier","Twin Strike"],"picked":"Carnage","floor":13},{"not_picked":["Iron Wave","Pummel"],"picked":"Clothesline","floor":14},{"not_picked":["Barricade","Juggernaut"],"picked":"Impervious","floor":16},{"not_picked":["Warcry","Reckless Charge","Thunderclap"],"picked":"SKIP","floor":18},{"not_picked":["Armaments","Perfected Strike"],"picked":"Combust","floor":19},{"not_picked":["Sword Boomerang","Fire Breathing"],"picked":"Heavy Blade","floor":25},{"not_picked":["Rage","Body Slam","Flex"],"picked":"SKIP","floor":27},{"not_picked":["Clash","Cleave","Reckless Charge+1"],"picked":"SKIP","floor":28},{"not_picked":["Searing Blow","Fiend Fire","Shrug It Off"],"picked":"SKIP","floor":30},{"not_picked":["Sword Boomerang","Hemokinesis+1"],"picked":"Seeing Red","floor":31}],"player_experience":1890135,"relics_obtained":[{"floor":6,"key":"Pen Nib"},{"floor":8,"key":"Akabeko"},{"floor":9,"key":"Lantern"},{"floor":11,"key":"StrikeDummy"},{"floor":14,"key":"Odd Mushroom"},{"floor":26,"key":"PreservedInsect"},{"floor":28,"key":"Incense Burner"},{"floor":30,"key":"Girya"}],"event_choices":[{"cards_removed":["Strike_R"],"damage_healed":0,"gold_gain":0,"player_choice":"Card Removal","damage_taken":7,"max_hp_gain":0,"max_hp_loss":0,"event_name":"Golden Wing","floor":2,"gold_loss":0},{"damage_healed":0,"gold_gain":0,"player_choice":"Entered Light","damage_taken":23,"max_hp_gain":0,"max_hp_loss":0,"event_name":"Shining Light","floor":4,"gold_loss":0,"cards_upgraded":["Bash","Defend_R"]},{"damage_healed":0,"gold_gain":0,"player_choice":"Fought Mushrooms","damage_taken":0,"max_hp_gain":0,"max_hp_loss":0,"event_name":"Mushrooms","floor":14,"gold_loss":0},{"damage_healed":0,"gold_gain":0,"player_choice":"Opened","damage_taken":0,"relics_obtained":["Vajra"],"max_hp_gain":0,"max_hp_loss":0,"event_name":"The Mausoleum","floor":20,"gold_loss":0,"cards_obtained":["Writhe"]},{"damage_healed":15,"gold_gain":0,"player_choice":"Heal","damage_taken":0,"max_hp_gain":0,"max_hp_loss":0,"event_name":"The Library","floor":21,"gold_loss":0},{"damage_healed":0,"gold_gain":50,"player_choice":"Stole From Cult","damage_taken":0,"max_hp_gain":0,"max_hp_loss":0,"event_name":"Nest","floor":24,"gold_loss":0},{"damage_healed":0,"gold_gain":0,"player_choice":"Bought 1 Potion","damage_taken":0,"max_hp_gain":0,"max_hp_loss":0,"event_name":"The Woman in Blue","floor":29,"gold_loss":0}],"is_beta":false,"boss_relics":[{"not_picked":["Empty Cage","Runic Pyramid"],"picked":"Coffee Dripper"}],"items_purged_floors":[22],"is_endless":false,"potions_floor_spawned":[8,10,11,12,16,18,27,30],"killed_by":"Champ","ascension_level":20}}