{"host":"40f49r155zsx8eqk","time":1609723157,"event":{"mods":["AchievementEnabler","Aspiration","BaseMod","Curses Come First","Dota2Spire","Evolution","Googly Eyes","Minty Spire (QoL Compilation)","Relic Sorter","Replay The Spire","StSLib","The Gatherer"],"gold_per_floor":[361,361,1,1,19,19,19,19],"floor_reached":7,"playtime":201,"items_purged":[],"score":43,"play_id":"3efd290f-f5d5-4ff0-8064-88a6861c2535","local_time":"20210104041917","is_ascension_mode":true,"campfire_choices":[{"data":"Dualcast","floor":6,"key":"SMITH"}],"circlet_count":0,"master_deck":["Strike_B","Strike_B","Strike_B","Strike_B","Defend_B","Defend_B","Defend_B","Defend_B","Zap+1","Dualcast+1","Rebound","ReplayTheSpireMod:GoodbyeWorld","ReplayTheSpireMod:GoodbyeWorld","Coolheaded","Storm"],"relics":["Cracked Core","EVO:Axolotl","Dota2Spire:OrchidMalevolence","Replay:Accelerometer"],"acts_visited":["Exordium"],"potions_floor_usage":[],"damage_taken":[{"damage":13,"enemies":"Small Slimes","floor":1,"turns":3},{"damage":0,"enemies":"Jaw Worm","floor":5,"turns":3},{"damage":40,"enemies":"Gremlin Nob","floor":7,"turns":4}],"seed_played":"-2330774710009283017","potions_obtained":[],"is_trial":false,"path_per_floor":["M","?","$","?","M","R","E"],"character_chosen":"DEFECT","items_purchased":["Dota2Spire:OrchidMalevolence","ReplayTheSpireMod:GoodbyeWorld","Coolheaded"],"campfire_rested":0,"item_purchase_floors":[3,3,3],"current_hp_per_floor":[55,55,55,37,37,37,0,0],"gold":19,"neow_bonus":"TWO_FIFTY_GOLD","is_daily":false,"chose_seed":false,"campfire_upgraded":1,"win_rate":0.0,"timestamp":1609723157,"path_taken":["M","?","$","?","?","R","E"],"items_purchased_type":["Relic","Card","Card"],"build_version":"2020-12-22","purchased_purges":0,"victory":false,"max_hp_per_floor":[68,68,68,68,68,68,68,68],"card_choices":[{"not_picked":["Beam Cell","Go for the Eyes"],"picked":"Rebound","floor":1},{"not_picked":["Cold Snap","ReplayTheSpireMod:Repulse"],"picked":"Storm","floor":5}],"player_experience":138907,"relics_obtained":[],"event_choices":[{"damage_healed":0,"gold_gain":0,"player_choice":"Grow","damage_taken":0,"max_hp_gain":0,"max_hp_loss":0,"event_name":"Living Wall","floor":2,"gold_loss":0,"cards_upgraded":["Zap"]},{"damage_healed":0,"gold_gain":0,"player_choice":"Success","damage_taken":18,"relics_obtained":["Replay:Accelerometer"],"max_hp_gain":0,"max_hp_loss":0,"event_name":"Scrap Ooze","floor":4,"gold_loss":0}],"is_beta":false,"boss_relics":[],"items_purged_floors":[],"is_endless":false,"potions_floor_spawned":[],"killed_by":"Gremlin Nob","ascension_level":2}}