{"host":"cr892wvdvh6p7gzy","time":1609801085,"event":{"mods":["A Magickal Journey","BaseMod","BetterRewards","Downfall","GifTheSpireLib","Hubris","Infinite Spire","Minty Spire (QoL Compilation)","READ ME - Guardian Mod","Replay The Spire","SOS???????","StSLib","The Bug Knight","The Dragon Tamer","The Necromancer","???Mod??????Boss"],"gold_per_floor":[109,120,139,158,174,174,174,174,228,228,243,275,275,275,275,275,275],"floor_reached":16,"playtime":532,"items_purged":[],"score":117,"play_id":"7f470d66-376f-445c-878c-2ded683abfd3","local_time":"20210104235805","is_ascension_mode":true,"campfire_choices":[{"data":"Blade Dance","floor":6,"key":"SMITH"},{"data":"Dagger Spray","floor":8,"key":"SMITH"},{"data":"Survivor","floor":10,"key":"SMITH"},{"floor":15,"key":"REST"}],"circlet_count":0,"master_deck":["Strike_G","Strike_G","Strike_G","Strike_G","Strike_G","Defend_G","Defend_G","Defend_G","Defend_G","Defend_G","Survivor+1","Neutralize","Dagger Spray+1","Blade Dance+1","PiercingWail","Leg Sweep"],"relics":["NeowsBlessing","Sizzling Blood","Omamori","infinitespire:Lucky Rock"],"acts_visited":["Exordium"],"potions_floor_usage":[5,12],"damage_taken":[{"damage":0,"enemies":"Small Slimes","floor":1,"turns":1},{"damage":0,"enemies":"Jaw Worm","floor":2,"turns":1},{"damage":0,"enemies":"Cultist","floor":3,"turns":1},{"damage":4,"enemies":"Large Slime","floor":4,"turns":5},{"damage":0,"enemies":"2 Fungi Beasts","floor":5,"turns":2},{"damage":0,"enemies":"Exordium Wildlife","floor":11,"turns":2},{"damage":50,"enemies":"Gremlin Nob","floor":12,"turns":6},{"damage":0,"enemies":"The Guardian","floor":16,"turns":2}],"seed_played":"1668178655925714265","potions_obtained":[{"floor":3,"key":"AttackPotion"},{"floor":5,"key":"EssenceOfSteel"}],"is_trial":false,"path_per_floor":["M","M","M","M","M","R","?","R","T","R","M","E","?","$","R","B"],"character_chosen":"THE_SILENT","items_purchased":[],"campfire_rested":1,"item_purchase_floors":[],"current_hp_per_floor":[70,70,70,66,66,66,70,70,70,70,74,28,28,28,50,50,50],"gold":275,"neow_bonus":"THREE_ENEMY_KILL","is_daily":false,"chose_seed":false,"campfire_upgraded":3,"win_rate":0.0,"timestamp":1609801085,"path_taken":["M","M","M","M","M","R","?","R","T","R","M","E","?","$","R","BOSS"],"items_purchased_type":[],"build_version":"2020-12-22","purchased_purges":0,"victory":false,"max_hp_per_floor":[70,70,70,70,70,70,74,74,74,74,74,74,74,74,74,74,74],"card_choices":[{"not_picked":["Sucker Punch","Flying Knee"],"picked":"Dagger Spray","floor":1},{"not_picked":["Underhanded Strike","Footwork","Slice"],"picked":"SKIP","floor":2},{"not_picked":["Hidden Blade","Dash"],"picked":"Blade Dance","floor":3},{"not_picked":["Concentrate","Backstab","Bane"],"picked":"SKIP","floor":4},{"not_picked":["Slice","ReplayTheSpireMod:Exploit Weakness"],"picked":"PiercingWail","floor":5},{"not_picked":["Fluid Movement","Flying Knee","Backflip"],"picked":"SKIP","floor":11},{"not_picked":["Dagger Spray","Outmaneuver"],"picked":"Leg Sweep","floor":12}],"player_experience":449676,"relics_obtained":[{"floor":9,"key":"Omamori"},{"floor":12,"key":"infinitespire:Lucky Rock"}],"event_choices":[{"damage_healed":0,"gold_gain":0,"player_choice":"Ignored","damage_taken":0,"max_hp_gain":0,"max_hp_loss":0,"event_name":"Golden Idol","floor":13,"gold_loss":0}],"is_beta":false,"boss_relics":[],"items_purged_floors":[],"is_endless":false,"potions_floor_spawned":[3,5],"killed_by":"The Guardian","ascension_level":3}}