{"host":"j4g6ia6asvpyu2b0","time":1609721140,"event":{"mods":["BaseMod","Colored Map","Minty Spire (QoL Compilation)","Permanent Neow","Quick Restart","Relic Stats","StSLib","Unceasing Turn Reminder"],"gold_per_floor":[364,364,364,384,396,424,424,450,477,503,520,795,795,813,813,915,915,929,854,885,896,912,912,943,943,993,1024,1024,563,583,224,224,325,325,337,350,350,350,365,690,690,722,722,735,735,764,567,567,567,567,567,567,60,92,92],"floor_reached":56,"playtime":2556,"items_purged":["Regret","Zap"],"score":1599,"play_id":"ffe37828-0f6d-44aa-94c9-08b82d3949df","local_time":"20210103174540","is_ascension_mode":true,"campfire_choices":[{"floor":7.0,"key":"REST"},{"floor":13.0,"key":"REST"},{"data":"Loop","floor":15.0,"key":"SMITH"},{"data":"Electrodynamics","floor":23,"key":"SMITH"},{"floor":28,"key":"REST"},{"data":"Loop","floor":32,"key":"SMITH"},{"data":"Buffer","floor":41,"key":"SMITH"},{"data":"Loop","floor":45,"key":"SMITH"},{"floor":49,"key":"RECALL"},{"data":"Storm","floor":52,"key":"SMITH"}],"circlet_count":0,"master_deck":["Dualcast","Streamline+1","Conserve Battery","Melter+1","Beam Cell","Glacier","Loop+1","FTL","BootSequence","Electrodynamics","Streamline","Sunder","Lockon","Stack","Electrodynamics+1","Rainbow","All For One","Reboot","Self Repair","Loop+1","Coolheaded","Gash","Cold Snap","Glacier","Loop+1","Coolheaded","FTL","Self Repair","Buffer+1","Force Field","Doom and Gloom+1","Consume+1","Creative AI","Storm+1","HandOfGreed","Defragment","Rainbow","Sunder","Ball Lightning","Hologram"],"relics":["Cracked Core","WarpedTongs","Lantern","Whetstone","Boot","Pandora\u0027s Box","Red Mask","Thread and Needle","Enchiridion","Toy Ornithopter","Bird Faced Urn","Gambling Chip","Happy Flower","Anchor","Snecko Eye","Eternal Feather","Old Coin","Prayer Wheel","Darkstone Periapt","Regal Pillow","Runic Capacitor","Strawberry"],"acts_visited":["Exordium","TheCity","TheBeyond","TheEnding"],"potions_floor_usage":[24,30,40,54,55],"damage_taken":[{"damage":0.0,"enemies":"Small Slimes","floor":1.0,"turns":2.0},{"damage":5.0,"enemies":"Jaw Worm","floor":4.0,"turns":3.0},{"damage":2.0,"enemies":"Cultist","floor":5.0,"turns":3.0},{"damage":20.0,"enemies":"Lagavulin","floor":6.0,"turns":6.0},{"damage":15.0,"enemies":"3 Sentries","floor":8.0,"turns":5.0},{"damage":10.0,"enemies":"Gremlin Nob","floor":10.0,"turns":3.0},{"damage":9.0,"enemies":"Blue Slaver","floor":11.0,"turns":2.0},{"damage":4.0,"enemies":"Red Slaver","floor":14.0,"turns":3.0},{"damage":43.0,"enemies":"The Guardian","floor":16.0,"turns":10.0},{"damage":3.0,"enemies":"Spheric Guardian","floor":18.0,"turns":3.0},{"damage":3.0,"enemies":"Masked Bandits","floor":20.0,"turns":2.0},{"damage":3,"enemies":"2 Thieves","floor":21,"turns":2},{"damage":0,"enemies":"Sentry and Sphere","floor":22,"turns":3},{"damage":40,"enemies":"Book of Stabbing","floor":24,"turns":5},{"damage":8,"enemies":"Gremlin Leader","floor":27,"turns":4},{"damage":4,"enemies":"Snecko","floor":30,"turns":3},{"damage":22,"enemies":"Champ","floor":33,"turns":7},{"damage":18,"enemies":"3 Shapes","floor":35,"turns":3},{"damage":0,"enemies":"Orb Walker","floor":36,"turns":2},{"damage":57,"enemies":"Writhing Mass","floor":39,"turns":6},{"damage":2,"enemies":"Reptomancer","floor":40,"turns":8},{"damage":0,"enemies":"Nemesis","floor":42,"turns":3},{"damage":0,"enemies":"3 Darklings","floor":44,"turns":2},{"damage":0,"enemies":"Giant Head","floor":46,"turns":9},{"damage":28,"enemies":"Awakened One","floor":50,"turns":17},{"damage":38,"enemies":"Shield and Spear","floor":54,"turns":3},{"damage":73,"enemies":"The Heart","floor":55,"turns":8}],"seed_played":"8296362761766050527","potions_obtained":[{"floor":6.0,"key":"Strength Potion"},{"floor":8.0,"key":"EssenceOfDarkness"},{"floor":10.0,"key":"Fruit Juice"},{"floor":11.0,"key":"Block Potion"},{"floor":14.0,"key":"DistilledChaos"},{"floor":16.0,"key":"LiquidMemories"},{"floor":20.0,"key":"Ancient Potion"},{"floor":27,"key":"Dexterity Potion"},{"floor":33,"key":"Fire Potion"},{"floor":35,"key":"SneckoOil"},{"floor":54,"key":"EntropicBrew"}],"is_trial":false,"path_per_floor":["M","?","?","M","M","E","R","E","T","E","M","?","R","M","R","B",null,"M","?","?","M","M","R","E","?","T","E","R","$","M","$","R","B",null,"M","M","?","T","M","E","R","E","T","M","R","E","$","?","R","B",null,"R","$","E","B",null],"character_chosen":"DEFECT","items_purchased":["Gambling Chip","Loop","Coolheaded","Happy Flower","Anchor","Self Repair","Runic Capacitor","Storm","Defragment","PowerPotion","Rainbow","Sunder","Ball Lightning","Hologram"],"campfire_rested":3,"item_purchase_floors":[29,29,29,31,31,31,47,47,53,53,53,53,53,53],"current_hp_per_floor":[54,59,59,54,52,32,56,41,41,36,27,27,52,48,48,5,85,82,82,79,76,83,83,50,34,34,33,58,58,67,67,67,73,85,76,85,81,81,43,78,81,81,81,81,81,81,81,71,81,81,81,81,81,61,42],"gold":92,"neow_bonus":"TWO_FIFTY_GOLD","is_daily":false,"chose_seed":false,"campfire_upgraded":6,"win_rate":0.0,"timestamp":1609721140,"path_taken":["M","?","?","M","M","E","R","E","T","E","?","?","R","M","R","BOSS","M","?","?","M","?","R","E","?","T","E","R","$","M","$","R","BOSS","M","M","?","?","M","E","R","E","T","M","R","E","$","?","R","BOSS","R","$","E","BOSS"],"items_purchased_type":["Relic","Card","Card","Relic","Relic","Card","Relic","Card","Card","Potion","Card","Card","Card","Card"],"build_version":"2020-12-22","purchased_purges":2,"victory":true,"max_hp_per_floor":[75,80,80,80,80,80,80,80,80,85,85,85,85,85,85,85,85,85,85,85,85,85,85,85,85,85,85,85,85,85,85,85,85,85,85,85,81,81,81,81,81,81,81,81,81,81,81,81,81,81,81,81,81,88,88],"relic_stats":{"Darkstone Periapt":0,"Regal Pillow":0,"Happy Flower":[22],"counters":[27,124],"Eternal Feather":13,"Whetstone":["Melter","Streamline"],"Boot":[55],"WarpedTongs":[122],"Bird Faced Urn":[126],"Gambling Chip":[53],"Snecko Eye":[111,140,130,125],"Pandora\u0027s Box":["Streamline","Sunder","Lockon","Stack","Electrodynamics","Rainbow","All For One","Reboot"],"Prayer Wheel":1,"obtain_stats":[{"Darkstone Periapt":43,"Lantern":6,"Regal Pillow":46,"Happy Flower":31,"Enchiridion":25,"Thread and Needle":24,"Eternal Feather":38,"Runic Capacitor":47,"Whetstone":8,"Boot":10,"WarpedTongs":3,"Old Coin":40,"Anchor":31,"Bird Faced Urn":27,"Gambling Chip":29,"Strawberry":54,"Snecko Eye":34,"Pandora\u0027s Box":17,"Prayer Wheel":42,"Red Mask":20,"Cracked Core":0,"Toy Ornithopter":26},{"Darkstone Periapt":22,"Lantern":4,"Regal Pillow":24,"Happy Flower":16,"Enchiridion":14,"Thread and Needle":14,"Eternal Feather":19,"Runic Capacitor":24,"Whetstone":5,"Boot":6,"WarpedTongs":1,"Old Coin":21,"Anchor":16,"Bird Faced Urn":15,"Gambling Chip":15,"Strawberry":26,"Snecko Eye":17,"Pandora\u0027s Box":9,"Prayer Wheel":22,"Red Mask":11,"Cracked Core":0,"Toy Ornithopter":14},{"Darkstone Periapt":86,"Lantern":14,"Regal Pillow":97,"Happy Flower":58,"Enchiridion":52,"Thread and Needle":52,"Eternal Feather":70,"Runic Capacitor":97,"Whetstone":19,"Boot":22,"WarpedTongs":2,"Old Coin":83,"Anchor":58,"Bird Faced Urn":56,"Gambling Chip":56,"Strawberry":117,"Snecko Eye":65,"Pandora\u0027s Box":37,"Prayer Wheel":86,"Red Mask":42,"Cracked Core":0,"Toy Ornithopter":52}],"Toy Ornithopter":15},"card_choices":[{"not_picked":["Beam Cell","Hello World"],"picked":"Streamline","floor":1.0},{"not_picked":["Sweeping Beam","Barrage"],"picked":"Conserve Battery","floor":4.0},{"not_picked":["Barrage","Double Energy"],"picked":"Melter","floor":5.0},{"not_picked":["Amplify","Turbo"],"picked":"Beam Cell","floor":6.0},{"not_picked":["Hyperbeam","Barrage"],"picked":"Glacier","floor":8.0},{"not_picked":["Stack","Reboot"],"picked":"Loop","floor":10.0},{"not_picked":["Steam","Leap"],"picked":"FTL","floor":11.0},{"not_picked":["Streamline","Skim"],"picked":"BootSequence","floor":14.0},{"not_picked":["Amplify","Thunder Strike"],"picked":"Electrodynamics","floor":16.0},{"not_picked":["Rebound","Go for the Eyes"],"picked":"Self Repair","floor":18.0},{"not_picked":["Streamline","Steam"],"picked":"Loop","floor":20.0},{"not_picked":["Reprogram","Reboot"],"picked":"Coolheaded","floor":21},{"not_picked":["Cold Snap","Compile Driver"],"picked":"Gash","floor":22},{"not_picked":["Leap","Streamline"],"picked":"Cold Snap","floor":24},{"not_picked":["Leap+1","Turbo+1"],"picked":"Glacier","floor":27},{"not_picked":["Hologram","Double Energy"],"picked":"FTL","floor":30},{"not_picked":["Seek","Rainbow"],"picked":"Buffer","floor":33},{"not_picked":["Ball Lightning+1","Double Energy+1"],"picked":"Force Field","floor":35},{"not_picked":["Chaos","White Noise+1","FTL"],"picked":"SKIP","floor":36},{"not_picked":["Leap","Force Field+1","Rip and Tear"],"picked":"SKIP","floor":39},{"not_picked":["Rebound","Hyperbeam","Redo"],"picked":"SKIP","floor":40},{"not_picked":["Compile Driver+1","Self Repair+1"],"picked":"Doom and Gloom+1","floor":42},{"not_picked":["Redo","Recycle"],"picked":"Consume+1","floor":44},{"not_picked":["Redo","Cold Snap+1","Hello World"],"picked":"SKIP","floor":44},{"not_picked":["Ball Lightning","Beam Cell+1"],"picked":"Creative AI","floor":46},{"not_picked":["Sadistic Nature","PanicButton"],"picked":"HandOfGreed","floor":48},{"not_picked":["Streamline+1","Stack","FTL"],"picked":"SKIP","floor":54}],"player_experience":690908,"relics_obtained":[{"floor":6.0,"key":"Lantern"},{"floor":8.0,"key":"Whetstone"},{"floor":10.0,"key":"Boot"},{"floor":20.0,"key":"Red Mask"},{"floor":24,"key":"Thread and Needle"},{"floor":25,"key":"Enchiridion"},{"floor":26,"key":"Toy Ornithopter"},{"floor":27,"key":"Bird Faced Urn"},{"floor":38,"key":"Eternal Feather"},{"floor":40,"key":"Old Coin"},{"floor":42,"key":"Prayer Wheel"},{"floor":43,"key":"Darkstone Periapt"},{"floor":46,"key":"Regal Pillow"},{"floor":54,"key":"Strawberry"}],"event_choices":[{"damage_healed":0.0,"max_hp_gain":5.0,"max_hp_loss":0.0,"gold_gain":0.0,"event_name":"Big Fish","player_choice":"Donut","floor":2.0,"gold_loss":0.0,"damage_taken":0.0},{"damage_healed":0.0,"max_hp_gain":0.0,"max_hp_loss":0.0,"gold_gain":0.0,"event_name":"Accursed Blacksmith","player_choice":"Rummage","floor":3.0,"gold_loss":0.0,"damage_taken":0.0,"relics_obtained":["WarpedTongs"],"cards_obtained":["Pain"]},{"damage_healed":0.0,"max_hp_gain":0.0,"max_hp_loss":0.0,"gold_gain":275.0,"event_name":"Golden Shrine","player_choice":"Desecrate","floor":12.0,"gold_loss":0.0,"damage_taken":0.0,"cards_obtained":["Regret"]},{"cards_removed":["Pain"],"damage_healed":0.0,"max_hp_gain":0.0,"max_hp_loss":0.0,"gold_gain":0.0,"event_name":"Beggar","player_choice":"Gave Gold","floor":19.0,"gold_loss":75.0,"damage_taken":0.0},{"damage_healed":0.0,"max_hp_gain":0.0,"max_hp_loss":0.0,"gold_gain":0.0,"event_name":"Masked Bandits","player_choice":"Fought Bandits","floor":20.0,"gold_loss":0.0,"damage_taken":0.0},{"damage_healed":0,"gold_gain":0,"player_choice":"Obtained Book","damage_taken":16,"max_hp_gain":0,"max_hp_loss":0,"event_name":"Cursed Tome","floor":25,"gold_loss":0},{"damage_healed":0,"gold_gain":0,"player_choice":"Max HP","damage_taken":0,"max_hp_gain":0,"max_hp_loss":4,"event_name":"Winding Halls","floor":37,"gold_loss":0},{"damage_healed":0,"gold_gain":0,"player_choice":"Memory 3","damage_taken":10,"max_hp_gain":0,"max_hp_loss":0,"event_name":"SensoryStone","floor":48,"gold_loss":0}],"is_beta":false,"boss_relics":[{"not_picked":["FrozenCore","Inserter"],"picked":"Pandora\u0027s Box"},{"not_picked":["Astrolabe","Nuclear Battery"],"picked":"Snecko Eye"}],"items_purged_floors":[29,53],"is_endless":false,"potions_floor_spawned":[6,8,10,11,14,16,20,22,27,33,35,36,54],"ascension_level":4}}