{"host":"vmugobr08l5sawtn","time":1609798593,"event":{"mods":["BaseMod","Colored Map","Colored Powertips","Minty Spire (QoL Compilation)"],"gold_per_floor":[117,131,183,200,216,216,227,227,227,28,28,48,67,102,102,202,202,212,186,186,0,0,0,0,0,0,0,27,27,47,62,62,158,158,168,178,178,188,188,188],"floor_reached":39,"playtime":2465,"items_purged":["Strike_G"],"score":584,"play_id":"5b62f9e0-3554-462a-bbe0-d592dd74129b","local_time":"20210104231633","is_ascension_mode":true,"campfire_choices":[{"data":"Noxious Fumes","floor":6,"key":"SMITH"},{"data":"Leg Sweep","floor":8,"key":"SMITH"},{"floor":15,"key":"REST"},{"data":"Footwork","floor":23,"key":"SMITH"},{"data":"Burst","floor":27,"key":"SMITH"},{"floor":32,"key":"REST"}],"circlet_count":0,"master_deck":["Strike_G+1","Strike_G+1","Strike_G+1","Defend_G+1","Defend_G+1","Defend_G+1","Defend_G+1","Defend_G+1","Survivor","Neutralize","Storm of Steel","Noxious Fumes+1","Leg Sweep+1","Footwork+1","Panacea","Burst+1","Tools of the Trade","Catalyst","CurseOfTheBell","Catalyst"],"relics":["Ring of the Snake","Whetstone","The Courier","Torii","Busted Crown","Nilry\u0027s Codex","Turnip","Bronze Scales","Smiling Mask","Calling Bell","Art of War","Frozen Egg 2","Incense Burner"],"acts_visited":["Exordium","TheCity","TheBeyond"],"potions_floor_usage":[7,14,16,28,33,38],"damage_taken":[{"damage":0,"enemies":"Cultist","floor":1,"turns":4},{"damage":10,"enemies":"Small Slimes","floor":2,"turns":5},{"damage":0,"enemies":"2 Louse","floor":4,"turns":3},{"damage":0,"enemies":"Blue Slaver","floor":5,"turns":4},{"damage":13,"enemies":"Lots of Slimes","floor":7,"turns":3},{"damage":16,"enemies":"Gremlin Gang","floor":12,"turns":5},{"damage":0,"enemies":"Exordium Wildlife","floor":13,"turns":7},{"damage":19,"enemies":"Gremlin Nob","floor":14,"turns":6},{"damage":14,"enemies":"The Guardian","floor":16,"turns":16},{"damage":2,"enemies":"Spheric Guardian","floor":18,"turns":7},{"damage":14,"enemies":"2 Thieves","floor":19,"turns":5},{"damage":15,"enemies":"Gremlin Leader","floor":28,"turns":9},{"damage":1,"enemies":"Shelled Parasite and Fungi","floor":30,"turns":6},{"damage":1,"enemies":"3 Cultists","floor":31,"turns":7},{"damage":31,"enemies":"Collector","floor":33,"turns":13},{"damage":1,"enemies":"3 Shapes","floor":35,"turns":7},{"damage":7,"enemies":"Orb Walker","floor":36,"turns":6},{"damage":23,"enemies":"Jaw Worm Horde","floor":38,"turns":6},{"damage":27,"enemies":"3 Darklings","floor":39,"turns":2}],"seed_played":"-4197619118764990478","potions_obtained":[{"floor":4,"key":"SkillPotion"},{"floor":7,"key":"Ancient Potion"},{"floor":13,"key":"Explosive Potion"},{"floor":19,"key":"Regen Potion"},{"floor":28,"key":"GamblersBrew"},{"floor":31,"key":"SpeedPotion"},{"floor":35,"key":"Dexterity Potion"},{"floor":38,"key":"SkillPotion"}],"is_trial":false,"path_per_floor":["M","M","T","M","M","R","M","R","T","$","$","M","M","E","R","B",null,"M","M","?","?","?","R","$","T","T","R","E","$","M","M","R","B",null,"M","M","?","M","M"],"character_chosen":"THE_SILENT","items_purchased":["Footwork","Panacea"],"campfire_rested":2,"item_purchase_floors":[10,10],"current_hp_per_floor":[63,53,53,53,53,53,40,40,40,40,40,24,24,5,26,12,56,54,40,24,24,24,24,24,24,24,24,24,24,23,22,43,12,56,55,48,48,25,0,0],"gold":188,"neow_bonus":"TRANSFORM_CARD","is_daily":false,"chose_seed":false,"campfire_upgraded":4,"win_rate":0.0,"timestamp":1609798593,"path_taken":["M","M","?","M","M","R","?","R","T","?","$","M","M","E","R","BOSS","M","M","?","?","?","R","$","?","T","R","E","$","?","M","R","BOSS","M","?","?","M","M"],"items_purchased_type":["Card","Card"],"build_version":"2020-12-22","purchased_purges":1,"victory":false,"max_hp_per_floor":[70,70,70,70,70,70,70,70,70,70,70,70,70,70,70,70,70,70,70,70,70,70,70,70,70,70,70,70,70,70,70,70,70,70,70,70,66,66,66,66],"card_choices":[{"not_picked":["Deadly Poison","Dagger Spray"],"picked":"Noxious Fumes","floor":1},{"not_picked":["Flying Knee","Quick Slash","Cloak And Dagger"],"picked":"SKIP","floor":2},{"not_picked":["Cloak And Dagger","Masterful Stab","Blade Dance"],"picked":"SKIP","floor":4},{"not_picked":["Dash","Bouncing Flask"],"picked":"Leg Sweep","floor":5},{"not_picked":["Cloak And Dagger","Poisoned Stab","Dagger Spray"],"picked":"SKIP","floor":7},{"not_picked":["Bane","Infinite Blades","Outmaneuver"],"picked":"SKIP","floor":12},{"not_picked":["Dagger Throw","Bane","Finisher"],"picked":"SKIP","floor":13},{"not_picked":["Endless Agony","Tactician"],"picked":"Burst","floor":14},{"not_picked":["Burst","Envenom"],"picked":"Tools of the Trade","floor":16},{"not_picked":["Dash+1"],"picked":"SKIP","floor":18},{"not_picked":["Poisoned Stab"],"picked":"SKIP","floor":19},{"not_picked":["All Out Attack+1"],"picked":"SKIP","floor":28},{"not_picked":["Outmaneuver"],"picked":"SKIP","floor":30},{"not_picked":[],"picked":"Catalyst","floor":31},{"not_picked":[],"picked":"Catalyst","floor":35},{"not_picked":["Dash+1"],"picked":"SKIP","floor":36},{"not_picked":["Deflect+1"],"picked":"SKIP","floor":38}],"player_experience":369410,"relics_obtained":[{"floor":3,"key":"Whetstone"},{"floor":9,"key":"The Courier"},{"floor":14,"key":"Torii"},{"floor":20,"key":"Nilry\u0027s Codex"},{"floor":25,"key":"Turnip"},{"floor":26,"key":"Bronze Scales"},{"floor":28,"key":"Smiling Mask"},{"floor":34,"key":"Art of War"},{"floor":34,"key":"Frozen Egg 2"},{"floor":34,"key":"Incense Burner"}],"event_choices":[{"damage_healed":0,"gold_gain":0,"player_choice":"Obtained Book","damage_taken":16,"max_hp_gain":0,"max_hp_loss":0,"event_name":"Cursed Tome","floor":20,"gold_loss":0},{"damage_healed":0,"gold_gain":0,"player_choice":"Paid Fearfully","damage_taken":0,"max_hp_gain":0,"max_hp_loss":0,"event_name":"Masked Bandits","floor":21,"gold_loss":186},{"damage_healed":0,"gold_gain":0,"player_choice":"Simplicity","damage_taken":0,"max_hp_gain":0,"max_hp_loss":0,"event_name":"Back to Basics","floor":22,"gold_loss":0,"cards_upgraded":["Strike_G","Defend_G","Defend_G","Defend_G","Defend_G","Defend_G"]},{"damage_healed":0,"gold_gain":0,"player_choice":"Max HP","damage_taken":0,"max_hp_gain":0,"max_hp_loss":4,"event_name":"Winding Halls","floor":37,"gold_loss":0}],"is_beta":false,"boss_relics":[{"not_picked":["Runic Dome","Ectoplasm"],"picked":"Busted Crown"},{"not_picked":["Empty Cage","HoveringKite"],"picked":"Calling Bell"}],"items_purged_floors":[10],"is_endless":false,"potions_floor_spawned":[4,7,13,19,28,31,35,38],"killed_by":"3 Darklings","ascension_level":9}}