{"host":"0azimyi6n3ugndj4","time":1609795006,"event":{"mods":["2.2 Compatiblity","BaseMod","Bestiary","Conspire","Curses Come First","Defuse TimeMaze Blight","Hermit","Hubris","Hyrulean Relics","Infinite Spire","Jorbs\u0027s Wanderer Trilogy","Minty Spire (QoL Compilation)","Relic Stats","Replay The Spire","StSLib","SuperFastMode","The Cursed","The Hierophant","Uncapped","¡¼?Úª?ø«¡½REMEMod"],"gold_per_floor":[143,205,40,140,199,297,297,347,347,347,347,347],"floor_reached":11,"playtime":204,"items_purged":[],"score":346,"play_id":"f879b8cf-9368-47b8-9816-90caf779be58","local_time":"20210105061646","daily_mods":["SealedDeck","Hoarder","Insanity","Chimera","Specialized","Vintage","ControlledChaos","Allstar","Diverse","Colorless Cards","Heirloom","Time Dilation","Flight","Elite Swarm","Lethality","Midas","Binary"],"is_ascension_mode":true,"campfire_choices":[],"circlet_count":0,"master_deck":["Demon Form","Wraith Form v2","Echo Form","DevaForm","stsjorbsmod:ArcaneForm","stsjorbsmod:WastingForm","AscendersBane","hubris:Hubris","Bash","Survivor","Zap","Eruption","Strike_R","Strike_G","Strike_B","Defend_R","Defend_G","Defend_P","FollowUp","stsjorbsmod:WanderingMind","stsjorbsmod:WanderingMind","Burning Pact","Pummel","stsjorbsmod:WeightOfMemory","CutThroughFate","hierophant:Dazzle","hierophant:RustyCrate","EmptyMind","Dagger Throw","hierophant:Shelter","Acrobatics","stsjorbsmod:ParryingBlow","TheCursedMod:TacticalStrike","TheCursedMod:SpitefulStrike","Conserve Battery","Terror","Dual Wield","Acrobatics","Conserve Battery","Darkness","stsjorbsmod:Index","Steam","ReplayTheSpireMod:Speed Training","hermit:CalledShot","Battle Trance","hierophant:AuricBeam","hermit:CalledShot","SignatureMove","Fluid Movement","Iron Wave","Clothesline","hermit:EyeOfTheStorm","hermit:Scavenge","Shockwave","Madness","Havoc","stsjorbsmod:ScorchingRay","Leap","hierophant:FieryStrike","Blade Dance","stsjorbsmod:Hurt","Pommel Strike","TheCursedMod:CircleOfCorruption","Clothesline","TheCursedMod:RapidMovement","hierophant:Zeal","stsjorbsmod:Message","Sweeping Beam","Infernal Blade","Infernal Blade","Infernal Blade","Infernal Blade","Infernal Blade","Infernal Blade","Infernal Blade","Infernal Blade","Infernal Blade","Infernal Blade","Infernal Blade","Infernal Blade","Infernal Blade","Infernal Blade","Infernal Blade","TheCursedMod:CircleOfCorruption","TheCursedMod:CircleOfCorruption","TheCursedMod:CircleOfCorruption+1","Flex","Flex","Flex","Gash","Gash","Gash","TheCursedMod:SpitefulPray","TheCursedMod:SpitefulPray","TheCursedMod:SpitefulPray","hierophant:TollTheBells","hierophant:TollTheBells","hierophant:TollTheBells","Scrape","Scrape","Scrape","Clash","Clash","Clash","Caltrops","Caltrops","Caltrops","hermit:Manifest","hermit:Manifest","hermit:Manifest","Replay:Parry","Replay:Parry","Replay:Parry","infinitespire:Neurotoxin","infinitespire:Neurotoxin","infinitespire:Neurotoxin","SpiritShield","SpiritShield","SpiritShield","hubris:NaturalOne","hubris:NaturalOne","hubris:NaturalOne"],"relics":["Ring of the Snake","Frozen Eye","Busted Crown","REME_ComplimentaryCards","infinitespire:Golems Mask","Question Card","Pondfish Scales","Membership Card","Oddly Smooth Stone","zeldaRelics:CouragePiece","hubris:Icosahedron","zeldaRelics:Navi"],"acts_visited":["Exordium"],"potions_floor_usage":[11,11],"damage_taken":[{"damage":14,"enemies":"Cultist","floor":1,"turns":2},{"damage":0,"enemies":"Small Slimes","floor":2,"turns":1},{"damage":0,"enemies":"Jaw Worm","floor":5,"turns":2},{"damage":21,"enemies":"3 Sentries","floor":6,"turns":4},{"damage":14,"enemies":"3 Louse","floor":8,"turns":2},{"damage":36,"enemies":"Lagavulin","floor":11,"turns":2}],"seed_played":"8594055324780267393","potions_obtained":[{"floor":1,"key":"Fruit Juice"},{"floor":2,"key":"SteroidPotion"}],"is_trial":true,"path_per_floor":["M","M","$","?","M","E","?","M","T","?","E"],"character_chosen":"THE_SILENT","items_purchased":["Membership Card"],"campfire_rested":0,"item_purchase_floors":[3],"current_hp_per_floor":[45,45,45,45,45,24,24,10,10,10,0,0],"gold":347,"neow_bonus":"","is_daily":false,"chose_seed":false,"campfire_upgraded":0,"win_rate":0.0,"timestamp":1609795006,"path_taken":["M","?","$","?","?","E","?","M","T","?","E"],"items_purchased_type":["Relic"],"build_version":"2020-12-22","purchased_purges":0,"victory":false,"max_hp_per_floor":[66,66,66,66,66,66,66,66,66,66,71,71],"relic_stats":{"Busted Crown":12,"counters":[6,13],"Question Card":5,"obtain_stats":[{"Frozen Eye":0,"Pondfish Scales":2,"Busted Crown":0,"hubris:Icosahedron":7,"Oddly Smooth Stone":5,"zeldaRelics:Navi":8,"infinitespire:Golems Mask":0,"zeldaRelics:CouragePiece":6,"Membership Card":3,"Question Card":1,"Ring of the Snake":0,"REME_ComplimentaryCards":0},{"Frozen Eye":0,"Pondfish Scales":2,"Busted Crown":0,"hubris:Icosahedron":4,"Oddly Smooth Stone":3,"zeldaRelics:Navi":5,"infinitespire:Golems Mask":0,"zeldaRelics:CouragePiece":4,"Membership Card":2,"Question Card":1,"Ring of the Snake":0,"REME_ComplimentaryCards":0},{"Frozen Eye":0,"Pondfish Scales":3,"Busted Crown":0,"hubris:Icosahedron":9,"Oddly Smooth Stone":5,"zeldaRelics:Navi":11,"infinitespire:Golems Mask":0,"zeldaRelics:CouragePiece":9,"Membership Card":3,"Question Card":2,"Ring of the Snake":0,"REME_ComplimentaryCards":0}],"Ring of the Snake":[12]},"card_choices":[{"not_picked":[],"picked":"SpiritShield","floor":6}],"player_experience":1529726,"relics_obtained":[{"floor":1,"key":"Question Card"},{"floor":2,"key":"Pondfish Scales"},{"floor":5,"key":"Oddly Smooth Stone"},{"floor":6,"key":"zeldaRelics:CouragePiece"},{"floor":8,"key":"zeldaRelics:Navi"},{"floor":9,"key":"zeldaRelics:CouragePiece"}],"event_choices":[{"damage_healed":0,"gold_gain":100,"player_choice":"Gold","damage_taken":0,"max_hp_gain":0,"max_hp_loss":0,"event_name":"Wheel of Change","floor":4,"gold_loss":0}],"is_beta":false,"boss_relics":[],"items_purged_floors":[],"is_endless":false,"potions_floor_spawned":[1,2,6],"killed_by":"Lagavulin","ascension_level":20}}