{"host":"hfvpa4llnnjpeawn","time":1609729485,"event":{"mods":["2.2 Compatiblity","AchievementEnabler","Act Like it!","Aspiration","Bard","BaseMod","Beaked The Cultist","Better Sensory Stone","Better Skull","Better Third Choice","BetterRewards","CapriCore","Conspire","Downfall","Elementarium","Energized Spire","Hubris","Infinite Spire","Jorbs\u0027s Wanderer Trilogy","Minty Spire (QoL Compilation)","Replay The Spire","Shade Mod","Spicy Shops","StSLib","The Bladedancer","The Factory","The Gatherer","The Jungle","Waifu the Spire","Wandering Minibosses"],"gold_per_floor":[111,111,130,147,163,163,1,1,1],"floor_reached":8,"playtime":647,"items_purged":[],"score":96,"play_id":"1280b2bb-0159-4175-9957-cea8a2bb0370","local_time":"20210103220445","is_ascension_mode":true,"campfire_choices":[{"data":"Feel No Pain","floor":6.0,"key":"SMITH"}],"circlet_count":0,"master_deck":["AscendersBane","Strike_R","Strike_R","Strike_R","Strike_R","Strike_R","Defend_R","Defend_R","Defend_R","Defend_R","Bash","Feel No Pain+1","Master of Strategy","Dark Shackles","ReplayTheSpireMod:Private Reserves","Heavy Blade"],"relics":["OrangePellets","hubris:ScarierMask","Replay:Grab Bag","hexamod:JarOfFuel","Another Sword","Replay:Ancient Bell","infinitespire:Chaos"],"acts_visited":["Exordium"],"potions_floor_usage":[],"damage_taken":[{"damage":0.0,"enemies":"Cultist","floor":1.0,"turns":3.0},{"damage":6.0,"enemies":"infinitespire:Voidling","floor":3.0,"turns":4.0},{"damage":0.0,"enemies":"Small Slimes","floor":4.0,"turns":4.0},{"damage":13.0,"enemies":"Blue Slaver","floor":5.0,"turns":3.0},{"damage":0,"enemies":"Lagavulin","floor":8,"turns":1}],"seed_played":"7153340466405615708","potions_obtained":[{"floor":1.0,"key":"LiquidMemories"},{"floor":3.0,"key":"champ:CounterPotion"}],"is_trial":false,"path_per_floor":["M","T","M","M","M","R","$","E"],"character_chosen":"IRONCLAD","items_purchased":["Feel No Pain","Chemical X","Calipers","Shuriken","ReplayTheSpireMod:ShopPack","infinitespire:Chaos"],"campfire_rested":0,"item_purchase_floors":[0,0,0,0,0,7],"current_hp_per_floor":[50,50,50,56,49,49,49,49,49],"gold":1,"neow_bonus":"","is_daily":false,"chose_seed":false,"campfire_upgraded":1,"win_rate":0.0,"timestamp":1609729485,"path_taken":["M","?","M","?","M","R","$","E"],"items_purchased_type":["Card","Relic","Relic","Relic","Relic","Relic"],"build_version":"2020-12-22","purchased_purges":0,"victory":false,"max_hp_per_floor":[75,75,75,75,75,75,75,75,75],"card_choices":[{"not_picked":["HandOfGreed","expansioncontent:StudyTheSpire"],"picked":"Master of Strategy","floor":0.0},{"not_picked":["PanicButton","ReplayTheSpireMod:Uncanny Aura"],"picked":"Dark Shackles","floor":0.0},{"not_picked":["Flash of Steel","Enlightenment"],"picked":"ReplayTheSpireMod:Private Reserves","floor":0.0},{"not_picked":["Armaments","True Grit","Intimidate"],"picked":"SKIP","floor":1.0},{"not_picked":["Perfected Strike","conspire:ExplosiveBarrier"],"picked":"Heavy Blade","floor":3.0},{"not_picked":["Massacre","hubris:ReadiedAction","True Grit"],"picked":"SKIP","floor":4.0},{"not_picked":["True Grit","Clash","Run Through"],"picked":"SKIP","floor":5.0}],"player_experience":378312,"relics_obtained":[{"floor":2.0,"key":"Pantograph"}],"event_choices":[],"is_beta":false,"boss_relics":[],"items_purged_floors":[],"is_endless":false,"potions_floor_spawned":[1,3,4],"killed_by":"Lagavulin","ascension_level":20}}