{"host":"b995t17pt6d05w8c","time":1609766638,"event":{"mods":["AchievementEnabler","BaseMod","Colored Map","Minty Spire (QoL Compilation)","SuperFastMode"],"gold_per_floor":[119,132,132,146,160,160,194,212,238,127,127,144,175,189,189,292,292,306,306,306,206,225,241,241,257,308,325,325,325,340,350,350,453,453,468,468,117,134,181,206,222,222,277,296,310,360,376,63,63,63],"floor_reached":51,"playtime":1376,"items_purged":["Strike_P","Defend_P","Strike_P"],"score":895,"play_id":"929d5e47-32fc-453a-a0b0-ff19de8e8598","local_time":"20210104222358","is_ascension_mode":false,"campfire_choices":[{"data":"Eruption","floor":6.0,"key":"SMITH"},{"data":"Wallop","floor":11.0,"key":"SMITH"},{"data":"SandsOfTime","floor":15.0,"key":"SMITH"},{"data":"Vault","floor":24.0,"key":"SMITH"},{"floor":32.0,"key":"REST"},{"floor":42,"key":"REST"},{"floor":49,"key":"REST"}],"circlet_count":0,"master_deck":["Defend_P","Eruption+1","Vigilance","CarveReality","Consecrate","Wallop+1","FearNoEvil","SandsOfTime+1","Vault+1","RitualDagger","Ragnarok","FollowUp+1","Establishment","TalkToTheHand+1","Fasting2","Meditate+1","WreathOfFlame","ClearTheMind+1","Perseverance+1","Crescendo+1"],"relics":["HolyWater","Ancient Tea Set","Blood Vial","Damaru","Bag of Preparation","Empty Cage","OrangePellets","Mango","Bag of Marbles","Potion Belt","Pocketwatch","Strange Spoon","Centennial Puzzle"],"acts_visited":["Exordium","TheCity","TheBeyond"],"potions_floor_usage":[33,33,39,44,50,50,50,50,50],"damage_taken":[{"damage":1.0,"enemies":"Jaw Worm","floor":1.0,"turns":4.0},{"damage":0.0,"enemies":"Cultist","floor":2.0,"turns":2.0},{"damage":0.0,"enemies":"Small Slimes","floor":4.0,"turns":2.0},{"damage":0.0,"enemies":"2 Fungi Beasts","floor":5.0,"turns":2.0},{"damage":10.0,"enemies":"Lagavulin","floor":7.0,"turns":4.0},{"damage":0.0,"enemies":"Large Slime","floor":8.0,"turns":4.0},{"damage":0.0,"enemies":"Exordium Thugs","floor":12.0,"turns":2.0},{"damage":4.0,"enemies":"3 Sentries","floor":13.0,"turns":5.0},{"damage":0.0,"enemies":"3 Louse","floor":14.0,"turns":1.0},{"damage":46.0,"enemies":"Hexaghost","floor":16.0,"turns":6.0},{"damage":5.0,"enemies":"Spheric Guardian","floor":18.0,"turns":5.0},{"damage":8.0,"enemies":"Shell Parasite","floor":22.0,"turns":5.0},{"damage":20.0,"enemies":"Centurion and Healer","floor":23.0,"turns":5.0},{"damage":6.0,"enemies":"Snake Plant","floor":25.0,"turns":5.0},{"damage":9.0,"enemies":"Snecko","floor":27.0,"turns":4.0},{"damage":0.0,"enemies":"Sentry and Sphere","floor":30.0,"turns":2.0},{"damage":0.0,"enemies":"Chosen and Byrds","floor":31.0,"turns":4.0},{"damage":15,"enemies":"Champ","floor":33,"turns":8},{"damage":2,"enemies":"Orb Walker","floor":35,"turns":3},{"damage":1,"enemies":"3 Shapes","floor":38,"turns":5},{"damage":20,"enemies":"2 Orb Walkers","floor":39,"turns":4},{"damage":27,"enemies":"Reptomancer","floor":40,"turns":4},{"damage":20,"enemies":"Jaw Worm Horde","floor":41,"turns":5},{"damage":25,"enemies":"4 Shapes","floor":44,"turns":7},{"damage":4,"enemies":"Spire Growth","floor":45,"turns":3},{"damage":3,"enemies":"Mind Bloom Boss Battle","floor":46,"turns":6},{"damage":0,"enemies":"Transient","floor":47,"turns":6},{"damage":0,"enemies":"Donu and Deca","floor":50,"turns":6}],"seed_played":"5050857529802292701","potions_obtained":[{"floor":1.0,"key":"LiquidMemories"},{"floor":2.0,"key":"ColorlessPotion"},{"floor":4.0,"key":"Explosive Potion"},{"floor":23.0,"key":"SteroidPotion"},{"floor":27.0,"key":"BottledMiracle"},{"floor":29.0,"key":"Block Potion"},{"floor":29.0,"key":"PowerPotion"},{"floor":33,"key":"FairyPotion"},{"floor":35,"key":"Regen Potion"},{"floor":41,"key":"Explosive Potion"},{"floor":44,"key":"EntropicBrew"},{"floor":46,"key":"Strength Potion"}],"is_trial":false,"path_per_floor":["M","M","?","M","M","R","E","M","T","$","R","M","E","M","R","B",null,"M","?","?","$","M","M","R","M","T","M","?","?","M","M","R","B",null,"M","?","$","M","?","E","M","R","T","M","M","?","M","$","R","B",null],"character_chosen":"WATCHER","items_purchased":["FearNoEvil","Fasting2","OrangePellets","Strange Spoon","Centennial Puzzle"],"campfire_rested":3,"item_purchase_floors":[10,37,37,48,48],"current_hp_per_floor":[78,78,78,78,78,78,68,68,68,68,68,70,68,70,70,26,79,74,68,68,68,62,44,44,40,40,33,33,33,35,37,60,47,79,77,77,77,78,73,48,30,57,57,49,47,46,48,48,75,77],"gold":63,"neow_bonus":"TEN_PERCENT_HP_BONUS","is_daily":false,"chose_seed":false,"campfire_upgraded":4,"win_rate":0.0,"timestamp":1609766638,"path_taken":["M","M","?","M","M","R","E","?","T","$","R","M","E","M","R","BOSS","M","?","?","$","M","M","R","M","T","?","?","?","M","?","R","BOSS","M","?","$","M","?","E","M","R","T","M","M","?","M","$","R","BOSS"],"items_purchased_type":["Card","Card","Relic","Relic","Relic"],"build_version":"2020-12-22","purchased_purges":3,"victory":true,"max_hp_per_floor":[79,79,79,79,79,79,79,79,79,79,79,79,79,79,79,79,79,79,79,79,79,79,79,79,79,79,79,79,79,79,79,79,79,79,79,79,79,79,93,93,93,93,93,93,93,93,93,93,93,93],"card_choices":[{"not_picked":["PathToVictory","Perseverance"],"picked":"CarveReality","floor":1.0},{"not_picked":["WheelKick","FlyingSleeves"],"picked":"Consecrate","floor":2.0},{"not_picked":["FollowUp","ReachHeaven","Sanctity"],"picked":"SKIP","floor":4.0},{"not_picked":["Nirvana","CutThroughFate","Evaluate"],"picked":"SKIP","floor":5.0},{"not_picked":["SandsOfTime","FlyingSleeves"],"picked":"Wallop","floor":7.0},{"not_picked":["CutThroughFate","Indignation","Pray"],"picked":"SKIP","floor":8.0},{"not_picked":["EmptyBody","Consecrate"],"picked":"SandsOfTime","floor":12.0},{"not_picked":["FlyingSleeves","FearNoEvil","FlurryOfBlows"],"picked":"SKIP","floor":13.0},{"not_picked":["Worship","Tantrum","Brilliance"],"picked":"SKIP","floor":14.0},{"not_picked":["ConjureBlade","Brilliance"],"picked":"Vault","floor":16.0},{"not_picked":["EmptyBody","ThirdEye+1","Weave+1"],"picked":"SKIP","floor":18.0},{"not_picked":["JustLucky","PathToVictory","FollowUp+1"],"picked":"SKIP","floor":22.0},{"not_picked":["FlyingSleeves+1","Perseverance","Protect"],"picked":"SKIP","floor":23.0},{"not_picked":["Wallop","ReachHeaven","FearNoEvil"],"picked":"SKIP","floor":25.0},{"not_picked":["Protect","FlurryOfBlows","JustLucky+1"],"picked":"SKIP","floor":27.0},{"not_picked":["Consecrate","EmptyBody+1"],"picked":"FollowUp+1","floor":30.0},{"not_picked":["EmptyBody","SignatureMove","Pray"],"picked":"SKIP","floor":31.0},{"not_picked":["Judgement","Ragnarok"],"picked":"Establishment","floor":33},{"not_picked":["Indignation+1","FollowUp"],"picked":"TalkToTheHand+1","floor":35},{"not_picked":["Crescendo","ThirdEye","Halt"],"picked":"SKIP","floor":38},{"not_picked":["Sanctity+1","JustLucky"],"picked":"Meditate+1","floor":39},{"not_picked":["EmptyBody+1","ClearTheMind"],"picked":"WreathOfFlame","floor":40},{"not_picked":["CutThroughFate","Evaluate+1","Meditate+1"],"picked":"SKIP","floor":41},{"not_picked":["Perseverance","Establishment"],"picked":"ClearTheMind+1","floor":44},{"not_picked":["EmptyFist","Indignation"],"picked":"Perseverance+1","floor":45},{"not_picked":["Worship","EmptyFist"],"picked":"Crescendo+1","floor":47}],"player_experience":4040,"relics_obtained":[{"floor":7.0,"key":"Ancient Tea Set"},{"floor":9.0,"key":"Blood Vial"},{"floor":13.0,"key":"Damaru"},{"floor":26.0,"key":"Bag of Preparation"},{"floor":39,"key":"Mango"},{"floor":40,"key":"Bag of Marbles"},{"floor":43,"key":"Potion Belt"},{"floor":46,"key":"Pocketwatch"}],"event_choices":[{"cards_removed":["Strike_P"],"damage_healed":0.0,"max_hp_gain":0.0,"max_hp_loss":0.0,"gold_gain":0.0,"event_name":"Bonfire Elementals","player_choice":"Offered Basic","floor":3.0,"gold_loss":0.0,"damage_taken":0.0},{"damage_healed":0.0,"max_hp_gain":0.0,"max_hp_loss":0.0,"gold_gain":0.0,"event_name":"Nest","player_choice":"Joined the Cult","floor":19.0,"gold_loss":0.0,"damage_taken":6.0,"cards_obtained":["RitualDagger"]},{"damage_healed":0.0,"max_hp_gain":0.0,"max_hp_loss":0.0,"gold_gain":0.0,"event_name":"Match and Keep!","player_choice":"0 cards matched","floor":20.0,"gold_loss":0.0,"damage_taken":0.0,"cards_obtained":[]},{"damage_healed":0.0,"max_hp_gain":0.0,"max_hp_loss":0.0,"gold_gain":0.0,"event_name":"The Library","player_choice":"Read","floor":28.0,"gold_loss":0.0,"damage_taken":0.0,"cards_obtained":["Ragnarok"]},{"damage_healed":0.0,"max_hp_gain":0.0,"max_hp_loss":0.0,"gold_gain":0.0,"event_name":"Lab","player_choice":"Got Potions","floor":29.0,"gold_loss":0.0,"damage_taken":0.0},{"cards_removed":["Defend_P"],"damage_healed":0,"gold_gain":0,"player_choice":"Removed Skill","damage_taken":0,"max_hp_gain":0,"max_hp_loss":0,"event_name":"Falling","floor":36,"gold_loss":0},{"damage_healed":0,"gold_gain":0,"player_choice":"Fight","damage_taken":0,"max_hp_gain":0,"max_hp_loss":0,"event_name":"Mysterious Sphere","floor":39,"gold_loss":0},{"damage_healed":0,"gold_gain":0,"player_choice":"Fight","damage_taken":0,"max_hp_gain":0,"max_hp_loss":0,"event_name":"MindBloom","floor":46,"gold_loss":0}],"is_beta":false,"boss_relics":[{"not_picked":["SlaversCollar","Sozu"],"picked":"HolyWater"},{"not_picked":["Tiny House","Runic Pyramid"],"picked":"Empty Cage"}],"items_purged_floors":[10,21,37],"is_endless":false,"potions_floor_spawned":[1,2,4,12,13,23,27,31,33,35,41,44,46],"ascension_level":0}}