{"host":"w3q5ijqu8eoknil3","time":1609793016,"event":{"mods":["AchievementEnabler","BaseMod","Block Reminder","Colored Powertips","Minty Spire (QoL Compilation)","Quick Restart","Relic Stats","ojb\u0027s Better Paths Mod","ojb\u0027s Info Mod","slay the spire mod where everything is the same but ironclad has a cowboy hat"],"gold_per_floor":[111,111,111,127,141,141,182,182,182,195,226,226,226,265,265,361,361,377,377,11,22,22,47,62,74,154,171,188,206,48,77,77,154,154,164,215,228,228,228,256,256,283,283,299,57,57,71,102,102,102,102,102,2,35,35,35],"floor_reached":55,"playtime":2749,"items_purged":["Injury","Strike_G+1"],"score":1512,"play_id":"b46c1a8d-845f-462b-a1f6-a7acafb7e913","local_time":"20210104204336","is_ascension_mode":true,"campfire_choices":[{"data":"Infinite Blades","floor":6,"key":"SMITH"},{"data":"Neutralize","floor":8,"key":"SMITH"},{"floor":12,"key":"REST"},{"data":"Storm of Steel","floor":15,"key":"SMITH"},{"data":"Envenom","floor":32,"key":"SMITH"},{"data":"A Thousand Cuts","floor":41,"key":"SMITH"},{"data":"Venomology","floor":46,"key":"SMITH"},{"floor":49,"key":"RECALL"},{"data":"Skewer","floor":52,"key":"SMITH"}],"circlet_count":0,"master_deck":["AscendersBane","Strike_G+1","Strike_G+1","Strike_G+1","Defend_G+1","Defend_G+1","Defend_G+1","Defend_G+1","Defend_G+1","Survivor","Neutralize+1","Acrobatics","Infinite Blades+1","Skewer+1","PiercingWail","Slice","Storm of Steel+1","Dagger Spray","Envenom+1","Blade Dance","Caltrops","Footwork","Blur","Cloak And Dagger+1","Flying Knee","Leg Sweep","Adrenaline","Outmaneuver","Blade Dance","A Thousand Cuts+1","Choke+1","Acrobatics","Venomology+1","Dagger Spray+1"],"relics":["WristBlade","Bloody Idol","Ornamental Fan","Ninja Scroll","HornCleat","FossilizedHelix","Philosopher\u0027s Stone","Eternal Feather","Pantograph","Shuriken","Pen Nib","Dream Catcher","Cursed Key","CaptainsWheel","Sundial","Kunai","Anchor","Molten Egg 2","Snake Skull"],"acts_visited":["Exordium","TheCity","TheBeyond","TheEnding"],"potions_floor_usage":[7,16,28,31,31,33,44,47,48,48,50,55,55,55],"damage_taken":[{"damage":2,"enemies":"2 Louse","floor":1,"turns":4},{"damage":4,"enemies":"Small Slimes","floor":4,"turns":4},{"damage":0,"enemies":"Cultist","floor":5,"turns":4},{"damage":24,"enemies":"3 Sentries","floor":7,"turns":6},{"damage":0,"enemies":"Large Slime","floor":10,"turns":4},{"damage":20,"enemies":"Lagavulin","floor":11,"turns":6},{"damage":2,"enemies":"3 Sentries","floor":14,"turns":5},{"damage":26,"enemies":"Slime Boss","floor":16,"turns":9},{"damage":0,"enemies":"Spheric Guardian","floor":18,"turns":3},{"damage":8,"enemies":"Shell Parasite","floor":21,"turns":2},{"damage":21,"enemies":"Book of Stabbing","floor":23,"turns":5},{"damage":0,"enemies":"3 Cultists","floor":24,"turns":5},{"damage":0,"enemies":"Snake Plant","floor":25,"turns":4},{"damage":0,"enemies":"Cultist and Chosen","floor":27,"turns":4},{"damage":0,"enemies":"Shelled Parasite and Fungi","floor":28,"turns":4},{"damage":0,"enemies":"3 Cultists","floor":29,"turns":4},{"damage":23,"enemies":"Slavers","floor":31,"turns":4},{"damage":7,"enemies":"Collector","floor":33,"turns":7},{"damage":0,"enemies":"Orb Walker","floor":35,"turns":2},{"damage":0,"enemies":"2 Orb Walkers","floor":36,"turns":3},{"damage":6,"enemies":"3 Shapes","floor":37,"turns":4},{"damage":0,"enemies":"Giant Head","floor":40,"turns":6},{"damage":0,"enemies":"Nemesis","floor":42,"turns":4},{"damage":0,"enemies":"3 Darklings","floor":44,"turns":3},{"damage":0,"enemies":"Maw","floor":47,"turns":5},{"damage":0,"enemies":"Reptomancer","floor":48,"turns":4},{"damage":9,"enemies":"Awakened One","floor":50,"turns":8},{"damage":11,"enemies":"Shield and Spear","floor":54,"turns":5},{"damage":66,"enemies":"The Heart","floor":55,"turns":6}],"seed_played":"-948265137486091627","potions_obtained":[{"floor":1,"key":"Strength Potion"},{"floor":14,"key":"Regen Potion"},{"floor":16,"key":"BlessingOfTheForge"},{"floor":24,"key":"Regen Potion"},{"floor":29,"key":"BlessingOfTheForge"},{"floor":31,"key":"AttackPotion"},{"floor":33,"key":"Weak Potion"},{"floor":36,"key":"Fire Potion"},{"floor":40,"key":"Block Potion"},{"floor":42,"key":"DistilledChaos"},{"floor":44,"key":"Explosive Potion"}],"is_trial":false,"path_per_floor":["M","?","?","M","M","R","E","R","T","M","E","R","?","E","R","B",null,"M","?","$","M","?","E","M","M","T","M","M","M","$","E","R","B",null,"M","?","M","?","?","E","R","E","T","M","$","R","M","E","R","B",null,"R","$","E","B"],"character_chosen":"THE_SILENT","items_purchased":["Eternal Feather","Caltrops","Pen Nib","Anchor"],"campfire_rested":1,"item_purchase_floors":[20,20,30,45],"current_hp_per_floor":[57,57,57,53,53,53,29,29,29,29,9,27,27,25,25,14,49,49,49,49,46,46,30,35,40,45,50,55,60,60,51,60,58,60,60,60,59,59,57,57,57,57,57,57,57,57,57,57,57,48,55,57,57,51,0,0],"gold":35,"neow_bonus":"BOSS_RELIC","is_daily":false,"chose_seed":false,"campfire_upgraded":7,"win_rate":0.0,"timestamp":1609793016,"path_taken":["M","?","?","M","M","R","E","R","T","M","E","R","?","E","R","BOSS","M","?","$","M","?","E","M","M","T","?","M","M","$","E","R","BOSS","M","?","M","?","?","E","R","E","T","M","$","R","M","E","R","BOSS","R","$","E","BOSS"],"items_purchased_type":["Relic","Card","Relic","Relic"],"build_version":"2020-12-22","purchased_purges":2,"victory":false,"max_hp_per_floor":[66,66,60,60,60,60,60,60,60,60,60,60,60,60,60,60,60,60,60,60,60,60,60,60,60,60,60,60,60,60,60,60,60,60,60,60,60,60,57,57,57,57,57,57,57,57,57,57,57,57,57,57,57,57,57,57],"relic_stats":{"counters":[29,134],"Eternal Feather":11,"Pen Nib":[26],"Snake Skull":[24],"Cursed Key":1,"Dream Catcher":0,"Ornamental Fan":[448],"Shuriken":[80],"Sundial":[0],"Bloody Idol":60,"Pantograph":6,"Kunai":[33],"obtain_stats":[{"Golden Idol":3,"Eternal Feather":20,"Pen Nib":30,"Snake Skull":54,"Cursed Key":34,"Dream Catcher":31,"CaptainsWheel":36,"Anchor":45,"HornCleat":11,"WristBlade":0,"Ornamental Fan":7,"Ninja Scroll":9,"Shuriken":26,"Sundial":40,"Bloody Idol":19,"Pantograph":23,"Philosopher\u0027s Stone":17,"Molten Egg 2":48,"Kunai":42,"FossilizedHelix":14,"Ring of the Snake":0},{"Golden Idol":1,"Eternal Feather":9,"Pen Nib":16,"Snake Skull":28,"Cursed Key":18,"Dream Catcher":17,"CaptainsWheel":20,"Anchor":24,"HornCleat":6,"WristBlade":0,"Ornamental Fan":4,"Ninja Scroll":4,"Shuriken":13,"Sundial":22,"Bloody Idol":9,"Pantograph":11,"Philosopher\u0027s Stone":8,"Molten Egg 2":26,"Kunai":23,"FossilizedHelix":7,"Ring of the Snake":0},{"Golden Idol":4,"Eternal Feather":45,"Pen Nib":73,"Snake Skull":128,"Cursed Key":84,"Dream Catcher":77,"CaptainsWheel":89,"Anchor":106,"HornCleat":28,"WristBlade":0,"Ornamental Fan":18,"Ninja Scroll":18,"Shuriken":61,"Sundial":99,"Bloody Idol":45,"Pantograph":52,"Philosopher\u0027s Stone":42,"Molten Egg 2":115,"Kunai":103,"FossilizedHelix":33,"Ring of the Snake":0}]},"card_choices":[{"not_picked":["Tactician","Setup"],"picked":"Acrobatics","floor":1},{"not_picked":["Flying Knee","Dagger Spray"],"picked":"Infinite Blades","floor":4},{"not_picked":["Prepared","Dodge and Roll"],"picked":"Skewer","floor":5},{"not_picked":["Flying Knee","Endless Agony"],"picked":"PiercingWail","floor":7},{"not_picked":["Bane","Sucker Punch"],"picked":"Slice","floor":10},{"not_picked":["Quick Slash","Dagger Spray"],"picked":"Storm of Steel","floor":11},{"not_picked":["Prepared","Reflex"],"picked":"Dagger Spray","floor":14},{"not_picked":["Corpse Explosion","Storm of Steel"],"picked":"Envenom","floor":16},{"not_picked":["Calculated Gamble","Backflip"],"picked":"Blade Dance","floor":18},{"not_picked":["Riddle With Holes","Deflect+1"],"picked":"Footwork","floor":21},{"not_picked":["Acrobatics","Quick Slash"],"picked":"Blur","floor":23},{"not_picked":["Backflip","Dodge and Roll"],"picked":"Cloak And Dagger+1","floor":24},{"not_picked":["Dodge and Roll","Heel Hook"],"picked":"Flying Knee","floor":25},{"not_picked":["Expertise","Dodge and Roll"],"picked":"Leg Sweep","floor":27},{"not_picked":["Dagger Throw","Calculated Gamble"],"picked":"Adrenaline","floor":28},{"not_picked":["Backflip","Distraction"],"picked":"Outmaneuver","floor":29},{"not_picked":["Terror","Deadly Poison"],"picked":"Blade Dance","floor":31},{"not_picked":["Malaise","Doppelganger"],"picked":"A Thousand Cuts","floor":33},{"not_picked":["Dagger Spray+1","Distraction+1","Slice"],"picked":"SKIP","floor":35},{"not_picked":["Sucker Punch","Dodge and Roll","Deflect"],"picked":"SKIP","floor":37},{"not_picked":["Setup","Quick Slash+1"],"picked":"Choke+1","floor":40},{"not_picked":["Dagger Throw","All Out Attack"],"picked":"Acrobatics","floor":42},{"not_picked":["Slice","Reflex"],"picked":"Venomology","floor":44},{"not_picked":["Poisoned Stab","Flying Knee+1","Prepared"],"picked":"SKIP","floor":47},{"not_picked":["Glass Knife+1","Dagger Throw+1"],"picked":"Dagger Spray+1","floor":48},{"not_picked":["Expertise","Outmaneuver","Well Laid Plans+1"],"picked":"SKIP","floor":54}],"player_experience":946265,"relics_obtained":[{"floor":7,"key":"Ornamental Fan"},{"floor":9,"key":"Ninja Scroll"},{"floor":11,"key":"HornCleat"},{"floor":14,"key":"FossilizedHelix"},{"floor":23,"key":"Pantograph"},{"floor":26,"key":"Shuriken"},{"floor":31,"key":"Dream Catcher"},{"floor":36,"key":"CaptainsWheel"},{"floor":40,"key":"Sundial"},{"floor":42,"key":"Kunai"},{"floor":48,"key":"Molten Egg 2"},{"floor":54,"key":"Snake Skull"}],"event_choices":[{"damage_healed":0,"gold_gain":0,"player_choice":"Ignored","damage_taken":0,"max_hp_gain":0,"max_hp_loss":0,"event_name":"Shining Light","floor":2,"gold_loss":0},{"damage_healed":0,"gold_gain":0,"player_choice":"Lose Max HP","damage_taken":0,"relics_obtained":["Golden Idol"],"max_hp_gain":0,"max_hp_loss":6,"event_name":"Golden Idol","floor":3,"gold_loss":0},{"cards_removed":["Strike_G"],"damage_healed":0,"gold_gain":0,"player_choice":"Purged","damage_taken":0,"max_hp_gain":0,"max_hp_loss":0,"event_name":"Purifier","floor":13,"gold_loss":0},{"damage_healed":0,"gold_gain":0,"player_choice":"Gave Idol","damage_taken":0,"relics_obtained":["Bloody Idol"],"max_hp_gain":0,"max_hp_loss":0,"event_name":"Forgotten Altar","floor":19,"relics_lost":["Golden Idol"],"gold_loss":0},{"damage_healed":0,"gold_gain":0,"player_choice":"Simplicity","damage_taken":0,"max_hp_gain":0,"max_hp_loss":0,"event_name":"Back to Basics","floor":22,"gold_loss":0,"cards_upgraded":["Strike_G","Strike_G","Strike_G","Strike_G","Defend_G","Defend_G","Defend_G","Defend_G","Defend_G"]},{"damage_healed":0,"gold_gain":0,"player_choice":"Fight","damage_taken":0,"max_hp_gain":0,"max_hp_loss":0,"event_name":"Mysterious Sphere","floor":36,"gold_loss":0},{"damage_healed":0,"gold_gain":0,"player_choice":"Ignored","damage_taken":0,"max_hp_gain":0,"max_hp_loss":0,"event_name":"Tomb of Lord Red Mask","floor":38,"gold_loss":0},{"damage_healed":0,"gold_gain":0,"player_choice":"Max HP","damage_taken":0,"max_hp_gain":0,"max_hp_loss":3,"event_name":"Winding Halls","floor":39,"gold_loss":0}],"is_beta":false,"boss_relics":[{"not_picked":["Black Star","Tiny House"],"picked":"Philosopher\u0027s Stone"},{"not_picked":["Fusion Hammer","SacredBark"],"picked":"Cursed Key"}],"items_purged_floors":[45,53],"is_endless":false,"potions_floor_spawned":[1,14,16,24,29,31,33,36,40,42,44,54],"killed_by":"The Heart","ascension_level":16}}