{"host":"w0kqlntohdoatj1w","time":1609721200,"event":{"mods":["AchievementEnabler","BaseMod","Minty Spire (QoL Compilation)"],"gold_per_floor":[110,110,110,128,139,139,154,165,165,165,185,219,219,238,238,337,337,352,364,364,378,396,396,415,415,441,209,244,259,259,259],"floor_reached":30,"playtime":10457,"items_purged":["Strike_B"],"score":281,"play_id":"f0785547-b577-4c27-b694-07af827ee04d","local_time":"20210103184640","is_ascension_mode":false,"campfire_choices":[{"data":"Defragment","floor":6,"key":"SMITH"},{"data":"Defragment","floor":13,"key":"SMITH"},{"data":"Hologram","floor":15,"key":"SMITH"},{"data":"BootSequence","floor":23,"key":"SMITH"},{"data":"Creative AI","floor":25,"key":"SMITH"}],"circlet_count":0,"master_deck":["Strike_B","Strike_B","Defend_B","Defend_B","Defend_B","Defend_B","Zap","Dualcast","BootSequence+1","Defragment+1","Coolheaded","Hologram+1","Defragment+1","Rebound","Creative AI+1","Aggregate","Machine Learning+1","Rebound","Conserve Battery","Self Repair+1","Hologram+1","Parasite","Coolheaded","Force Field","Heatsinks","Coolheaded","Compile Driver"],"relics":["Cracked Core","Kunai","MealTicket","Cursed Key","PreservedInsect","Ginger"],"acts_visited":["Exordium","TheCity"],"potions_floor_usage":[16,16,16,28,30,30],"damage_taken":[{"damage":0,"enemies":"Small Slimes","floor":1,"turns":3},{"damage":10,"enemies":"Jaw Worm","floor":4,"turns":4},{"damage":0,"enemies":"2 Louse","floor":5,"turns":3},{"damage":0,"enemies":"Blue Slaver","floor":7,"turns":5},{"damage":0,"enemies":"Red Slaver","floor":8,"turns":3},{"damage":0,"enemies":"Exordium Thugs","floor":11,"turns":6},{"damage":28,"enemies":"3 Sentries","floor":12,"turns":6},{"damage":6,"enemies":"Looter","floor":14,"turns":3},{"damage":28,"enemies":"Hexaghost","floor":16,"turns":10},{"damage":11,"enemies":"3 Byrds","floor":18,"turns":7},{"damage":0,"enemies":"Shell Parasite","floor":19,"turns":8},{"damage":24,"enemies":"Centurion and Healer","floor":21,"turns":13},{"damage":19,"enemies":"Shelled Parasite and Fungi","floor":22,"turns":11},{"damage":14,"enemies":"Sentry and Sphere","floor":24,"turns":12},{"damage":52,"enemies":"Slavers","floor":28,"turns":12},{"damage":5,"enemies":"Centurion and Healer","floor":29,"turns":15},{"damage":31,"enemies":"Gremlin Leader","floor":30,"turns":6}],"seed_played":"-3743025155633062460","potions_obtained":[{"floor":4,"key":"Weak Potion"},{"floor":5,"key":"EssenceOfDarkness"},{"floor":11,"key":"Energy Potion"},{"floor":14,"key":"Dexterity Potion"},{"floor":19,"key":"SteroidPotion"},{"floor":22,"key":"Swift Potion"},{"floor":28,"key":"Fruit Juice"},{"floor":29,"key":"Ancient Potion"}],"is_trial":false,"path_per_floor":["M","?","?","M","M","R","M","M","T","?","M","E","R","M","R","B",null,"M","M","?","M","M","R","M","R","T","$","E","M","E"],"character_chosen":"DEFECT","items_purchased":["Coolheaded","Force Field","Heatsinks"],"campfire_rested":0,"item_purchase_floors":[27,27,27],"current_hp_per_floor":[82,75,80,70,70,70,70,70,70,70,70,42,42,36,36,8,87,76,76,76,52,43,43,39,39,39,54,17,22,0,0],"gold":259,"neow_bonus":"TEN_PERCENT_HP_BONUS","is_daily":false,"chose_seed":false,"campfire_upgraded":5,"win_rate":0.0,"timestamp":1609721200,"path_taken":["M","?","?","M","M","R","M","M","T","?","M","E","R","M","R","BOSS","M","M","?","M","M","R","M","R","T","$","E","?","E"],"items_purchased_type":["Card","Card","Card"],"build_version":"2020-12-22","purchased_purges":1,"victory":false,"max_hp_per_floor":[82,82,87,87,87,87,87,87,87,87,87,87,87,87,87,87,87,87,87,87,87,87,87,87,87,87,87,92,92,92,92],"card_choices":[{"not_picked":["Leap","Beam Cell"],"picked":"BootSequence","floor":1},{"not_picked":["Beam Cell","Conserve Battery"],"picked":"Defragment","floor":4},{"not_picked":["Darkness","Undo"],"picked":"Coolheaded","floor":5},{"not_picked":["FTL","Steam"],"picked":"Hologram","floor":7},{"not_picked":["Blizzard","Force Field"],"picked":"Defragment","floor":8},{"not_picked":["Doom and Gloom","White Noise"],"picked":"Rebound","floor":11},{"not_picked":["Coolheaded","Ball Lightning"],"picked":"Creative AI","floor":12},{"not_picked":["Melter","Lockon"],"picked":"Aggregate","floor":14},{"not_picked":["Creative AI","Amplify"],"picked":"Machine Learning","floor":16},{"not_picked":["Undo","Gash+1"],"picked":"Rebound","floor":18},{"not_picked":["Tempest","White Noise+1"],"picked":"Conserve Battery","floor":19},{"not_picked":["Hologram","Go for the Eyes"],"picked":"Self Repair+1","floor":21},{"not_picked":["Steam","Redo+1"],"picked":"Hologram+1","floor":22},{"not_picked":["All For One","Leap","Gash"],"picked":"SKIP","floor":24},{"not_picked":["Sweeping Beam+1","Amplify"],"picked":"Coolheaded","floor":28},{"not_picked":["FTL","Steam"],"picked":"Compile Driver","floor":29}],"player_experience":58459,"relics_obtained":[{"floor":9,"key":"Kunai"},{"floor":12,"key":"MealTicket"},{"floor":26,"key":"PreservedInsect"},{"floor":28,"key":"Ginger"}],"event_choices":[{"cards_removed":["Strike_B"],"damage_healed":0,"gold_gain":0,"player_choice":"Card Removal","damage_taken":7,"max_hp_gain":0,"max_hp_loss":0,"event_name":"Golden Wing","floor":2,"gold_loss":0},{"damage_healed":0,"gold_gain":0,"player_choice":"Donut","damage_taken":0,"max_hp_gain":5,"max_hp_loss":0,"event_name":"Big Fish","floor":3,"gold_loss":0},{"damage_healed":0,"gold_gain":0,"player_choice":"Ignored","damage_taken":0,"max_hp_gain":0,"max_hp_loss":0,"event_name":"Liars Game","floor":10,"gold_loss":0},{"damage_healed":0,"gold_gain":0,"player_choice":"Forge","damage_taken":0,"max_hp_gain":0,"max_hp_loss":0,"event_name":"Accursed Blacksmith","floor":20,"gold_loss":0,"cards_upgraded":["Machine Learning"]}],"is_beta":false,"boss_relics":[{"not_picked":["SacredBark","Busted Crown"],"picked":"Cursed Key"}],"items_purged_floors":[27],"is_endless":false,"potions_floor_spawned":[4,5,11,12,14,19,22,28,29],"killed_by":"Gremlin Leader","ascension_level":0}}