{"host":"Bilverbakes","time":1609754984,"event":{"mods":["2.2 Compatiblity","AchievementEnabler","BaseMod","Bestiary","Colored Map","Minty Spire (QoL Compilation)","Relic Stats","StSLib","ojb\u0027s Info Mod"],"gold_per_floor":[119,194,194,194,194,194,218,262,262,302,32,75,30,64,64,64,64],"floor_reached":16,"playtime":688,"items_purged":["Defend_B"],"score":242,"play_id":"f7270666-1000-44a5-bcbb-18641ab8a31c","local_time":"20210104040944","is_ascension_mode":true,"campfire_choices":[{"data":"Lockon","floor":6,"key":"SMITH"},{"data":"Loop","floor":15,"key":"SMITH"}],"circlet_count":0,"master_deck":["AscendersBane","Strike_B","Strike_B","Strike_B","Strike_B","Defend_B","Defend_B","Defend_B","Zap","Dualcast","Lockon+1","FTL","Conserve Battery+1","Hologram+1","Coolheaded+1","Coolheaded+1","Loop+1"],"relics":["Cracked Core","Golden Idol","Bag of Marbles","Toxic Egg 2","Prayer Wheel","Lee\u0027s Waffle","MawBank","Meat on the Bone"],"acts_visited":["Exordium"],"potions_floor_usage":[10,16],"damage_taken":[{"damage":4,"enemies":"2 Louse","floor":1,"turns":3},{"damage":4,"enemies":"Jaw Worm","floor":7,"turns":3},{"damage":30,"enemies":"3 Sentries","floor":8,"turns":8},{"damage":15,"enemies":"Lagavulin","floor":10,"turns":7},{"damage":30,"enemies":"3 Sentries","floor":12,"turns":8},{"damage":23,"enemies":"Gremlin Nob","floor":14,"turns":4},{"damage":7,"enemies":"Hexaghost","floor":16,"turns":9}],"seed_played":"-7579061389302428993","potions_obtained":[{"floor":8,"key":"AttackPotion"},{"floor":10,"key":"DuplicationPotion"}],"is_trial":false,"path_per_floor":["M","?","?","?","?","R","M","E","T","E","$","E","$","E","R","B"],"character_chosen":"DEFECT","items_purchased":["Lee\u0027s Waffle","Hologram+1","Coolheaded+1"],"campfire_rested":0,"item_purchase_floors":[11,11,13],"current_hp_per_floor":[67,56,56,61,61,61,57,27,27,12,82,52,52,29,29,22,22],"gold":64,"neow_bonus":"TEN_PERCENT_HP_BONUS","is_daily":false,"chose_seed":false,"campfire_upgraded":2,"win_rate":0.0,"timestamp":1609754984,"path_taken":["M","?","?","?","?","R","M","E","T","E","$","E","$","E","R","BOSS"],"items_purchased_type":["Relic","Card","Card"],"build_version":"2020-12-18","purchased_purges":1,"victory":false,"max_hp_per_floor":[78,78,78,83,75,75,75,75,75,75,82,82,82,82,82,82,82],"relic_stats":{"Lee\u0027s Waffle":70,"counters":[7,42],"Golden Idol":38,"Prayer Wheel":0,"MawBank":12,"obtain_stats":[{"Lee\u0027s Waffle":11,"Golden Idol":5,"Prayer Wheel":10,"Bag of Marbles":8,"Toxic Egg 2":9,"Cracked Core":0,"MawBank":12,"Meat on the Bone":14},{"Lee\u0027s Waffle":4,"Golden Idol":1,"Prayer Wheel":4,"Bag of Marbles":3,"Toxic Egg 2":3,"Cracked Core":0,"MawBank":5,"Meat on the Bone":6},{"Lee\u0027s Waffle":21,"Golden Idol":3,"Prayer Wheel":21,"Bag of Marbles":14,"Toxic Egg 2":14,"Cracked Core":0,"MawBank":29,"Meat on the Bone":33}],"Meat on the Bone":0},"card_choices":[{"not_picked":["Coolheaded","Rebound"],"picked":"Lockon","floor":1},{"not_picked":["Consume","Coolheaded"],"picked":"FTL","floor":7},{"not_picked":["Tempest","Steam Power","Gash"],"picked":"SKIP","floor":8},{"not_picked":["Tempest+1","Redo+1"],"picked":"Conserve Battery+1","floor":10},{"not_picked":["Double Energy+1","Leap+1"],"picked":"Coolheaded+1","floor":12},{"not_picked":["Beam Cell","Rebound"],"picked":"Loop","floor":14}],"player_experience":574577,"relics_obtained":[{"floor":8,"key":"Bag of Marbles"},{"floor":9,"key":"Toxic Egg 2"},{"floor":10,"key":"Prayer Wheel"},{"floor":12,"key":"MawBank"},{"floor":14,"key":"Meat on the Bone"}],"event_choices":[{"damage_healed":0,"gold_gain":75,"player_choice":"Gather Gold","damage_taken":11,"max_hp_gain":0,"max_hp_loss":0,"event_name":"World of Goop","floor":2,"gold_loss":0},{"damage_healed":0,"gold_gain":0,"player_choice":"Ignored","damage_taken":0,"max_hp_gain":0,"max_hp_loss":0,"event_name":"Liars Game","floor":3,"gold_loss":0},{"damage_healed":0,"gold_gain":0,"player_choice":"Donut","damage_taken":0,"max_hp_gain":5,"max_hp_loss":0,"event_name":"Big Fish","floor":4,"gold_loss":0},{"damage_healed":0,"gold_gain":0,"player_choice":"Lose Max HP","damage_taken":0,"relics_obtained":["Golden Idol"],"max_hp_gain":0,"max_hp_loss":8,"event_name":"Golden Idol","floor":5,"gold_loss":0}],"is_beta":true,"boss_relics":[],"items_purged_floors":[11],"is_endless":false,"potions_floor_spawned":[8,10],"killed_by":"Hexaghost","ascension_level":19}}