{"host":"ewfe3cr33ktd9xzj","time":1609800014,"event":{"mods":["AchievementEnabler","BaseMod","Colored Map","Custom Start","DeckTracker","Minty Spire (QoL Compilation)","Rare Cards Sparkle","StSLib","everything is the same but u backflip on backflip"],"gold_per_floor":[119,119,7,7,7,7,40,40,40,77,110,110,143,168,168,249,249,249,249],"floor_reached":18,"playtime":361,"items_purged":["Strike_P"],"score":448,"play_id":"5b50666b-50c8-4074-b747-8837a9d60f6e","local_time":"20210105074014","is_ascension_mode":true,"campfire_choices":[{"data":"ReachHeaven","floor":6.0,"key":"SMITH"},{"data":"CutThroughFate","floor":8.0,"key":"SMITH"},{"data":"ForeignInfluence","floor":15,"key":"SMITH"}],"circlet_count":0,"master_deck":["AscendersBane","Strike_P","Strike_P","Strike_P","Defend_P","Defend_P","Defend_P","Defend_P","Eruption+1","Vigilance","CutThroughFate+1","ReachHeaven+1","InnerPeace","FlurryOfBlows","ForeignInfluence+1","Adaptation","ConjureBlade"],"relics":["Coffee Dripper","Lantern","CeramicFish","Odd Mushroom","Ornamental Fan","Philosopher\u0027s Stone"],"acts_visited":["Exordium","TheCity"],"potions_floor_usage":[13],"damage_taken":[{"damage":2.0,"enemies":"Cultist","floor":1.0,"turns":4.0},{"damage":15.0,"enemies":"3 Sentries","floor":7.0,"turns":3.0},{"damage":0.0,"enemies":"Lagavulin","floor":10.0,"turns":3.0},{"damage":0.0,"enemies":"The Mushroom Lair","floor":11.0,"turns":2.0},{"damage":0,"enemies":"Gremlin Nob","floor":13,"turns":2},{"damage":0,"enemies":"2 Louse","floor":14,"turns":2},{"damage":37,"enemies":"Slime Boss","floor":16,"turns":6},{"damage":0,"enemies":"3 Byrds","floor":18,"turns":2}],"seed_played":"-6655506050749261791","potions_obtained":[{"floor":1.0,"key":"Strength Potion"},{"floor":11.0,"key":"Ancient Potion"},{"floor":14,"key":"Dexterity Potion"}],"is_trial":false,"path_per_floor":["M","?","$","?","?","R","E","R","T","E","?","?","E","M","R","B",null,"M"],"character_chosen":"WATCHER","items_purchased":["ReachHeaven"],"campfire_rested":0,"item_purchase_floors":[3],"current_hp_per_floor":[59,59,59,59,59,59,44,44,44,44,44,44,44,44,44,7,53,53,53],"gold":249,"neow_bonus":"BOSS_RELIC","is_daily":false,"chose_seed":false,"campfire_upgraded":3,"win_rate":0.0,"timestamp":1609800014,"path_taken":["M","?","$","?","?","R","E","R","T","E","?","?","E","M","R","BOSS","M"],"items_purchased_type":["Card"],"build_version":"2020-12-22","purchased_purges":1,"victory":false,"max_hp_per_floor":[68,68,68,68,68,68,68,68,68,68,68,68,68,68,68,68,68,68,68],"card_choices":[{"not_picked":["Weave","Crescendo"],"picked":"CutThroughFate","floor":1.0},{"not_picked":["WindmillStrike","Prostrate"],"picked":"InnerPeace","floor":7.0},{"not_picked":["SashWhip","EmptyBody"],"picked":"FlurryOfBlows","floor":10.0},{"not_picked":["TalkToTheHand","ReachHeaven"],"picked":"ForeignInfluence","floor":11.0},{"not_picked":["TalkToTheHand","WindmillStrike","Swivel"],"picked":"SKIP","floor":13},{"not_picked":["CutThroughFate","FlyingSleeves"],"picked":"Adaptation","floor":14},{"not_picked":["Brilliance","DeusExMachina"],"picked":"ConjureBlade","floor":16}],"player_experience":13926,"relics_obtained":[{"floor":7.0,"key":"Lantern"},{"floor":10.0,"key":"CeramicFish"},{"floor":11.0,"key":"Odd Mushroom"},{"floor":13,"key":"Ornamental Fan"}],"event_choices":[{"damage_healed":0.0,"max_hp_gain":0.0,"max_hp_loss":0.0,"gold_gain":0.0,"event_name":"Living Wall","player_choice":"Grow","floor":2.0,"gold_loss":0.0,"damage_taken":0.0,"cards_upgraded":["Eruption"]},{"damage_healed":0.0,"max_hp_gain":0.0,"max_hp_loss":0.0,"gold_gain":0.0,"event_name":"Liars Game","player_choice":"Ignored","floor":4.0,"gold_loss":0.0,"damage_taken":0.0},{"damage_healed":0.0,"max_hp_gain":0.0,"max_hp_loss":0.0,"gold_gain":0.0,"event_name":"Scrap Ooze","player_choice":"Fled","floor":5.0,"gold_loss":0.0,"damage_taken":0.0},{"damage_healed":0.0,"max_hp_gain":0.0,"max_hp_loss":0.0,"gold_gain":0.0,"event_name":"Mushrooms","player_choice":"Fought Mushrooms","floor":11.0,"gold_loss":0.0,"damage_taken":0.0},{"damage_healed":0.0,"max_hp_gain":0.0,"max_hp_loss":0.0,"gold_gain":0.0,"event_name":"Shining Light","player_choice":"Ignored","floor":12.0,"gold_loss":0.0,"damage_taken":0.0}],"is_beta":false,"boss_relics":[{"not_picked":["Busted Crown","Velvet Choker"],"picked":"Philosopher\u0027s Stone"}],"items_purged_floors":[3],"is_endless":false,"potions_floor_spawned":[1,11,14],"killed_by":"3 Byrds","ascension_level":20}}