{"host":"kabf61oc9jgfwufg","time":1609780406,"event":{"mods":["AchievementEnabler","Act Like it!","Aspiration","BaseMod","Conspire","GifTheSpireLib","Halation","HexUI Lib","Hubris","Infinite Spire","Minty Spire (QoL Compilation)","Pale of the Ancients","Rare Cards Sparkle","Replay The Spire","StSLib","The Jungle"],"gold_per_floor":[16,16,16,34,34,8,23,43,43,43,43,74,74,93,93,198,198,217,142,346,359,369,369,383,383,383],"floor_reached":25,"playtime":940,"items_purged":["Strike_P"],"score":203,"play_id":"877ddd06-0f58-4144-808b-bab40983c2ea","local_time":"20210104171326","is_ascension_mode":false,"campfire_choices":[{"floor":11,"key":"REST"},{"floor":15,"key":"REST"},{"floor":23,"key":"REST"}],"circlet_count":0,"master_deck":["Adaptation+1","Strike_P","Strike_P","Strike_P","Defend_P","Defend_P","Defend_P","Defend_P","Eruption","Vigilance","infinitespire:Gouge","Consecrate","FlurryOfBlows","FollowUp","Judgement"],"relics":["PureWater","halation:VictoryRuler","Dream Catcher","halation:StarCompass","hubris:ToyBattleship","infinitespire:Cupcake"],"acts_visited":["Exordium","TheCity"],"potions_floor_usage":[16,25],"damage_taken":[{"damage":0,"enemies":"2 Louse","floor":1,"turns":2},{"damage":0,"enemies":"Jaw Worm","floor":4,"turns":1},{"damage":5,"enemies":"Small Slimes","floor":7,"turns":3},{"damage":6,"enemies":"Exordium Thugs","floor":8,"turns":3},{"damage":12,"enemies":"Gremlin Nob","floor":12,"turns":3},{"damage":0,"enemies":"Looter","floor":14,"turns":1},{"damage":62,"enemies":"The Guardian","floor":16,"turns":6},{"damage":0,"enemies":"3 Byrds","floor":18,"turns":4},{"damage":0,"enemies":"Chosen","floor":21,"turns":3},{"damage":39,"enemies":"Snake Plant","floor":22,"turns":6},{"damage":6,"enemies":"Cultist and Chosen","floor":24,"turns":4},{"damage":40,"enemies":"Centurion and Healer","floor":25,"turns":4}],"seed_played":"2344390922702479845","potions_obtained":[{"floor":4,"key":"Fire Potion"},{"floor":16,"key":"BlessingOfTheForge"},{"floor":21,"key":"Strength Potion"}],"is_trial":false,"path_per_floor":["M","$","?","M","$","$","M","M","T","?","R","E","?","M","R","B",null,"M","$","?","M","M","R","M","M"],"character_chosen":"WATCHER","items_purchased":["Consecrate"],"campfire_rested":3,"item_purchase_floors":[6],"current_hp_per_floor":[72,72,53,53,53,53,48,42,42,42,63,51,51,51,72,10,72,72,72,54,54,15,36,30,0,0],"gold":383,"neow_bonus":"ONE_RARE_RELIC","is_daily":false,"chose_seed":false,"campfire_upgraded":0,"win_rate":0.0,"timestamp":1609780406,"path_taken":["M","$","?","M","?","$","M","?","T","?","R","E","?","M","R","BOSS","M","$","?","M","?","R","?","?"],"items_purchased_type":["Card"],"build_version":"2020-12-22","purchased_purges":1,"victory":false,"max_hp_per_floor":[72,72,72,72,72,72,72,72,72,72,72,72,72,72,72,72,72,72,72,72,72,72,72,72,72,72],"card_choices":[{"not_picked":["LikeWater","DeceiveReality","Replay:ManipulateFuture"],"picked":"SKIP","floor":1},{"not_picked":["infinitespire:SevenWalls","Replay:Fractal Strike"],"picked":"infinitespire:Gouge","floor":3},{"not_picked":["Replay:ManipulateFuture","Consecrate","WreathOfFlame"],"picked":"SKIP","floor":4},{"not_picked":["Replay:ManipulateFuture","EmptyMind"],"picked":"FlurryOfBlows","floor":7},{"not_picked":["Protect","Replay:Anticipation","CrushJoints"],"picked":"SKIP","floor":8},{"not_picked":["EmptyFist","SandsOfTime"],"picked":"FollowUp","floor":11},{"not_picked":["EmptyFist","Replay:BluntJabs","Blasphemy"],"picked":"SKIP","floor":12},{"not_picked":["BowlingBash","WheelKick","JustLucky"],"picked":"SKIP","floor":14},{"not_picked":["Omniscience","DeusExMachina"],"picked":"Judgement","floor":16},{"not_picked":["Weave","Study","Collect"],"picked":"SKIP","floor":18},{"not_picked":["Weave","Evaluate","WaveOfTheHand"],"picked":"SKIP","floor":21},{"not_picked":["Meditate+1","Evaluate","WaveOfTheHand"],"picked":"SKIP","floor":22},{"not_picked":["Meditate+1","ReachHeaven","WaveOfTheHand"],"picked":"SKIP","floor":24}],"player_experience":35047,"relics_obtained":[{"floor":9,"key":"Dream Catcher"},{"floor":12,"key":"hubris:ToyBattleship"}],"event_choices":[{"damage_healed":0,"gold_gain":0,"player_choice":"Leave","damage_taken":0,"max_hp_gain":0,"max_hp_loss":0,"event_name":"conspire:Investor","floor":13,"gold_loss":0}],"is_beta":false,"boss_relics":[{"not_picked":["Replay:Grab Bag","Snecko Eye"],"picked":"infinitespire:Cupcake"}],"items_purged_floors":[19],"is_endless":false,"potions_floor_spawned":[4,16,21],"killed_by":"Centurion and Healer","ascension_level":0}}