{"host":"kos1s9q8ffr8fqos","time":1609739894,"event":{"mods":["BaseMod","Bestiary","Better Altar","Better Match","Better Note","Better Sensory Stone","Better Skull","Better Third Choice","Better Vampires","Colored Map","Colored Powertips","Curses Come First","Downfall","Hermit","Infinite Spire","Minty Spire (QoL Compilation)","Quick Restart","Random Character Button","Relic Stats","Replay The Spire","StSLib","The Blue Laboratory","The Disciple"],"gold_per_floor":[99,112,112,131,150,150,150,75,94,4,39,139,157,182,207,310,310,235,259,282,282,282,324,324,324,324,324],"floor_reached":26,"playtime":1583,"items_purged":["hexamod:Strike","hexamod:Strike"],"score":239,"play_id":"2a777d1f-ef3d-48be-a1b9-fc8c5e3296ef","local_time":"20210103235814","is_ascension_mode":true,"campfire_choices":[{"data":"hexamod:Float","floor":1,"key":"SMITH"},{"data":"hexamod:FlamesFromBeyond","floor":6,"key":"SMITH"},{"floor":8,"key":"RECALL"},{"data":"hexamod:RainOfEmbers","floor":18,"key":"SMITH"}],"circlet_count":0,"master_deck":["hexamod:Strike+1","hexamod:Strike+1","hexamod:Defend","hexamod:Defend","hexamod:Defend","hexamod:Defend","hexamod:Sear+1","hexamod:Float+1","hexamod:FlamesFromBeyond+1","hexamod:FirstSeal","hexamod:RetreatToShadows","hexamod:FastForward","hexamod:GhostflameBarrier","hexamod:SecondSeal","hexamod:RainOfEmbers+1","hexamod:ThirdSeal","hexamod:SixthSeal","hexamod:TimeOfNeed","hexamod:NecessarySacrifice+1","hexamod:ExtraCrispy+1","hexamod:NightmareGuise+1","hexamod:ThermalTransfer"],"relics":["hexamod:SpiritBrand","downfall:HeartBlessingBlue","Ancient Tea Set","Philosopher\u0027s Stone","downfall:HeartBlessingRed","Oddly Smooth Stone","Lantern","Omamori","Orichalcum","hexamod:IceCube"],"acts_visited":["Exordium","TheCity"],"potions_floor_usage":[11,19,20,23,23],"damage_taken":[{"damage":0,"enemies":"2 Louse","floor":2,"turns":3},{"damage":0,"enemies":"Cultist","floor":4,"turns":3},{"damage":3,"enemies":"Jaw Worm","floor":5,"turns":4},{"damage":11,"enemies":"3 Louse","floor":9,"turns":4},{"damage":0,"enemies":"downfall:FleeingMerchant","floor":10,"turns":4},{"damage":8,"enemies":"Lagavulin","floor":11,"turns":7},{"damage":1,"enemies":"Blue Slaver","floor":13,"turns":6},{"damage":7,"enemies":"3 Louse","floor":14,"turns":4},{"damage":6,"enemies":"Large Slime","floor":15,"turns":5},{"damage":33,"enemies":"downfall:Watcher","floor":16,"turns":10},{"damage":15,"enemies":"3 Byrds","floor":19,"turns":5},{"damage":11,"enemies":"Centurion and Healer","floor":20,"turns":7},{"damage":63,"enemies":"Slavers","floor":23,"turns":6},{"damage":12,"enemies":"Snecko","floor":26,"turns":3}],"seed_played":"3224617715846908696","potions_obtained":[{"floor":2,"key":"Fire Potion"},{"floor":4,"key":"Languid Potion"},{"floor":5,"key":"Energy Potion"},{"floor":9,"key":"EssenceOfSteel"},{"floor":11,"key":"blueLaboratory:BottledHope"},{"floor":19,"key":"blueLaboratory:NullPotion"}],"is_trial":false,"path_per_floor":["R","M","?","M","M","R","T","R","M","$","E","?","M","M","M","B",null,"R","M","M","?","?","E","T","AVR","M"],"character_chosen":"THE_SPIRIT","items_purchased":[],"campfire_rested":0,"item_purchase_floors":[],"current_hp_per_floor":[70,70,63,70,70,70,70,80,76,80,79,79,80,80,80,47,80,80,72,68,68,68,12,12,12,0,0],"gold":324,"neow_bonus":"UPGRADE_CARD","is_daily":false,"chose_seed":false,"campfire_upgraded":3,"win_rate":0.0,"timestamp":1609739894,"path_taken":["R","M","?","M","M","R","T","R","M","$","E","?","M","M","M","BOSS","R","M","M","?","?","E","T","AVR","M"],"items_purchased_type":[],"build_version":"2020-12-22","purchased_purges":2,"victory":false,"max_hp_per_floor":[70,70,70,70,70,70,70,80,80,80,80,80,80,80,80,80,80,80,80,80,80,80,80,80,80,80,80],"relic_stats":{"counters":[14,71],"Orichalcum":[0],"obtain_stats":[{"Lantern":23,"downfall:HeartBlessingRed":18,"downfall:HeartBlessingBlue":8,"Oddly Smooth Stone":21,"Philosopher\u0027s Stone":17,"Omamori":24,"Orichalcum":25,"Ancient Tea Set":11,"hexamod:SpiritBrand":0,"hexamod:IceCube":25},{"Lantern":13,"downfall:HeartBlessingRed":10,"downfall:HeartBlessingBlue":3,"Oddly Smooth Stone":12,"Philosopher\u0027s Stone":10,"Omamori":13,"Orichalcum":13,"Ancient Tea Set":6,"hexamod:SpiritBrand":0,"hexamod:IceCube":13},{"Lantern":68,"downfall:HeartBlessingRed":50,"downfall:HeartBlessingBlue":10,"Oddly Smooth Stone":62,"Philosopher\u0027s Stone":50,"Omamori":68,"Orichalcum":68,"Ancient Tea Set":25,"hexamod:SpiritBrand":0,"hexamod:IceCube":68}]},"card_choices":[{"not_picked":["hexamod:HeatCrush","hexamod:BurningTouch"],"picked":"hexamod:FlamesFromBeyond","floor":2},{"not_picked":["hexamod:NightmareGuise","hexamod:Hexaguard"],"picked":"hexamod:RetreatToShadows","floor":4},{"not_picked":["hexamod:GhostOfSpirePast","hexamod:ShieldOfDarkness","hexamod:NightmareStrike"],"picked":"SKIP","floor":5},{"not_picked":["hexamod:NightmareGuise","hexamod:BacktrackSmack"],"picked":"hexamod:FastForward","floor":9},{"not_picked":["hexamod:EmpoweredFlame","hexamod:GhostShield"],"picked":"hexamod:GhostflameBarrier","floor":10},{"not_picked":["hexamod:SwordOfDarkness","hexamod:PhantomCloak"],"picked":"hexamod:SecondSeal","floor":11},{"not_picked":["hexamod:CrushingStance","hexamod:FastForward"],"picked":"hexamod:RainOfEmbers","floor":13},{"not_picked":["hexamod:CatchUp","hexamod:Firestarter"],"picked":"hexamod:ThirdSeal","floor":14},{"not_picked":["hexamod:GhostLash","hexamod:FastForward","hexamod:GhostShield"],"picked":"SKIP","floor":15},{"not_picked":["hexamod:GhostLash","hexamod:SwordOfDarkness","hexamod:HauntingEcho"],"picked":"SKIP","floor":15},{"not_picked":["hexamod:GhostflameInferno","hexamod:UnleashSpirits"],"picked":"hexamod:SixthSeal","floor":16},{"not_picked":["hexamod:TimeWarp","hexamod:UnleashSpirits"],"picked":"hexamod:TimeOfNeed","floor":16},{"not_picked":["hexamod:Rewind","hexamod:AdvancingGuard+1"],"picked":"hexamod:NecessarySacrifice","floor":19},{"not_picked":["hexamod:AdvancingGuard","hexamod:GhostLash","hexamod:Firestarter"],"picked":"SKIP","floor":19},{"not_picked":["hexamod:InspiringFlames+1","hexamod:PowerFromBeyond"],"picked":"hexamod:ExtraCrispy+1","floor":20},{"not_picked":["hexamod:SkipABeat","hexamod:SwordOfDarkness","hexamod:BacktrackSmack+1"],"picked":"SKIP","floor":20},{"not_picked":["hexamod:GhostOfSpirePast+1","hexamod:ThirdSeal"],"picked":"hexamod:NightmareGuise+1","floor":23},{"not_picked":["hexamod:SwordOfDarkness","hexamod:GhostLash"],"picked":"hexamod:ThermalTransfer","floor":23}],"player_experience":1289435,"relics_obtained":[{"floor":11,"key":"Ancient Tea Set"},{"floor":23,"key":"Lantern"},{"floor":24,"key":"Omamori"}],"event_choices":[],"is_beta":false,"boss_relics":[{"not_picked":["Replay:Ancient Bell","Pandora\u0027s Box"],"picked":"Philosopher\u0027s Stone"}],"items_purged_floors":[10,25],"is_endless":false,"potions_floor_spawned":[2,4,5,9,11,19],"killed_by":"Snecko","ascension_level":1}}