{"host":"of54lgomlc4q20p4","time":1609719369,"event":{"mods":["2.2 Compatiblity","BaseMod","Beaked The Cultist","Colored Map","Downfall","Hermit","Hubris","Infinite Spire","Mad Scientist","Minty Spire (QoL Compilation)","Robot Space Explorer","StSLib","The Construct","The Cursed","The Disciple","The Elementalist","The Hierophant","The Necromancer","The Poker Player","The Runesmith"],"gold_per_floor":[109,125,125,3,21,21,21,21,74,99,118,137,151,168,168,263,263,273,195,195,211,211,211,238,238,238,253,271,370,370,388,388,388,388],"floor_reached":33,"playtime":2569,"items_purged":["Pain"],"score":269,"play_id":"f23befae-a677-4e4e-a8d2-1c6ce550f702","local_time":"20210103191609","is_ascension_mode":false,"campfire_choices":[{"data":"Runesmith:Fortify","floor":6.0,"key":"SMITH"},{"data":"Runesmith:BackupBattery","floor":8.0,"key":"SMITH"},{"floor":15.0,"key":"REST"},{"data":"Runesmith:GrandSlam","floor":23,"key":"SMITH"},{"floor":25,"key":"REST"},{"floor":32,"key":"REST"}],"circlet_count":0,"master_deck":["elementalist:Water_Emblem","elementalist:Air_Emblem","Runesmith:Strike_RS","Runesmith:Strike_RS","Runesmith:Strike_RS","Runesmith:Strike_RS","Runesmith:Defend_RS+1","Runesmith:Defend_RS","Runesmith:Defend_RS","Runesmith:Defend_RS","Runesmith:CraftFirestone","Runesmith:Fortify+1","Runesmith:HammerThrow","Runesmith:EnergizedChisel","Runesmith:BackupBattery+2","Runesmith:CraftMagma","Runesmith:ElementalConversion","Runesmith:GoWithTheFlow","Runesmith:PerfectChisel","Runesmith:Reinforce","Runesmith:CraftProtectio","Runesmith:GrandSlam+1","Runesmith:RuneHurl","Runesmith:ChiselStab","Runesmith:HeatedChisel","elementalist:Fire_Emblem","Runesmith:ChiselStab+1","Runesmith:HeatExchange+1","Runesmith:CraftSpiculum+1","Runesmith:Prism","Runesmith:Permafrost+1"],"relics":["Runesmith:BrokenRuby","WarpedTongs","War Paint","infinitespire:Lucky Rock","Sozu","MutagenicStrength","hubris:Zylophone","Bottled Lightning"],"acts_visited":["Exordium","TheCity"],"potions_floor_usage":[33,33],"damage_taken":[{"damage":2.0,"enemies":"Jaw Worm","floor":1.0,"turns":4.0},{"damage":0.0,"enemies":"Cultist","floor":2.0,"turns":4.0},{"damage":5.0,"enemies":"Small Slimes","floor":5.0,"turns":3.0},{"damage":5.0,"enemies":"Lagavulin","floor":10.0,"turns":7.0},{"damage":0.0,"enemies":"2 Fungi Beasts","floor":11.0,"turns":5.0},{"damage":4.0,"enemies":"3 Louse","floor":12.0,"turns":3.0},{"damage":0.0,"enemies":"Blue Slaver","floor":13.0,"turns":3.0},{"damage":7.0,"enemies":"Looter","floor":14.0,"turns":3.0},{"damage":10.0,"enemies":"Hexaghost","floor":16.0,"turns":8.0},{"damage":2.0,"enemies":"Chosen","floor":18.0,"turns":3.0},{"damage":19,"enemies":"3 Byrds","floor":21,"turns":5},{"damage":32,"enemies":"Book of Stabbing","floor":24,"turns":5},{"damage":7,"enemies":"Cultist and Chosen","floor":27,"turns":5},{"damage":3,"enemies":"3 Cultists","floor":28,"turns":4},{"damage":32,"enemies":"Snecko","floor":31,"turns":5},{"damage":62,"enemies":"hubris:MusketHawk","floor":33,"turns":6}],"seed_played":"-1984874155948324973","potions_obtained":[{"floor":1.0,"key":"DistilledChaos"},{"floor":5.0,"key":"LiquidMemories"},{"floor":12.0,"key":"SkillPotion"},{"floor":16.0,"key":"DistilledChaos"}],"is_trial":false,"path_per_floor":["M","M","?","$","M","R","$","R","T","E","M","M","M","M","R","B",null,"M","$","?","M","?","R","E","R","T","M","M","?","?","M","R","B"],"character_chosen":"RUNESMITH_CLASS","items_purchased":["Runesmith:BackupBattery","Runesmith:ChiselStab","Runesmith:HeatedChisel"],"campfire_rested":3,"item_purchase_floors":[4,19,19],"current_hp_per_floor":[75,75,75,75,70,70,70,70,70,65,65,61,61,54,77,67,77,75,75,75,56,56,56,24,47,47,40,37,37,62,30,53,0,0],"gold":388,"neow_bonus":"TEN_PERCENT_HP_BONUS","is_daily":false,"chose_seed":false,"campfire_upgraded":3,"win_rate":0.0,"timestamp":1609719369,"path_taken":["M","M","?","$","M","R","?","R","T","E","?","M","M","M","R","BOSS","M","$","?","M","?","R","E","R","T","M","M","?","?","M","R","BOSS"],"items_purchased_type":["Card","Card","Card"],"build_version":"2020-12-22","purchased_purges":1,"victory":false,"max_hp_per_floor":[77,77,77,77,77,77,77,77,77,77,77,77,77,77,77,77,77,77,77,77,77,77,77,77,77,77,77,77,77,77,77,77,77,77],"card_choices":[{"not_picked":["Runesmith:CraftMagma","Runesmith:StaticCage"],"picked":"Runesmith:HammerThrow","floor":1.0},{"not_picked":["Runesmith:FieryHammer","Runesmith:ShiftingStrike"],"picked":"Runesmith:EnergizedChisel","floor":2.0},{"not_picked":["Runesmith:MakeshiftArmor","Runesmith:FrozenChisel"],"picked":"Runesmith:CraftMagma","floor":5.0},{"not_picked":["Runesmith:RuneHurl","Runesmith:HammerThrow"],"picked":"Runesmith:ElementalConversion","floor":10.0},{"not_picked":["Runesmith:FieryHammer","Runesmith:HammerThrow"],"picked":"Runesmith:GoWithTheFlow","floor":11.0},{"not_picked":["Runesmith:MetallurgicalResearch","Runesmith:EnergizedChisel"],"picked":"Runesmith:PerfectChisel","floor":12.0},{"not_picked":["Runesmith:CraftObretio","Runesmith:HammerAndChisel"],"picked":"Runesmith:Reinforce","floor":13.0},{"not_picked":["Runesmith:MakeshiftArmor","Runesmith:ElementalConversion"],"picked":"Runesmith:CraftProtectio","floor":14.0},{"not_picked":["Runesmith:CraftIndustria","Runesmith:ArcReactor"],"picked":"Runesmith:GrandSlam","floor":16.0},{"not_picked":["Runesmith:Repurpose","Runesmith:Attraction"],"picked":"Runesmith:RuneHurl","floor":18},{"not_picked":["Runesmith:BackupBattery","Runesmith:HammerAndChisel"],"picked":"Runesmith:ChiselStab+1","floor":21},{"not_picked":["Runesmith:EnergizedChisel","Runesmith:Permafrost"],"picked":"Runesmith:HeatExchange+1","floor":24},{"not_picked":["Runesmith:ChiselStab","Runesmith:StaticCage"],"picked":"Runesmith:CraftSpiculum+1","floor":27},{"not_picked":["Runesmith:DoubleUp","Runesmith:UnstableHammer"],"picked":"Runesmith:Prism","floor":28},{"not_picked":["Runesmith:Grindstone","Runesmith:GoWithTheFlow"],"picked":"Runesmith:Permafrost+1","floor":31}],"player_experience":54867,"relics_obtained":[{"floor":9.0,"key":"War Paint"},{"floor":10.0,"key":"infinitespire:Lucky Rock"},{"floor":24,"key":"hubris:Zylophone"},{"floor":26,"key":"Bottled Lightning"}],"event_choices":[{"damage_healed":0.0,"max_hp_gain":0.0,"max_hp_loss":0.0,"gold_gain":0.0,"event_name":"Accursed Blacksmith","player_choice":"Rummage","floor":3.0,"gold_loss":0.0,"damage_taken":0.0,"relics_obtained":["WarpedTongs"],"cards_obtained":["Pain"]},{"damage_healed":0,"gold_gain":0,"player_choice":"Inject Mutagens","damage_taken":0,"relics_obtained":["MutagenicStrength"],"max_hp_gain":0,"max_hp_loss":0,"event_name":"Drug Dealer","floor":22,"gold_loss":0},{"damage_healed":0,"gold_gain":99,"player_choice":"Stole From Cult","damage_taken":0,"max_hp_gain":0,"max_hp_loss":0,"event_name":"Nest","floor":29,"gold_loss":0},{"damage_healed":25,"gold_gain":0,"player_choice":"Heal","damage_taken":0,"max_hp_gain":0,"max_hp_loss":0,"event_name":"The Library","floor":30,"gold_loss":0}],"is_beta":false,"boss_relics":[{"not_picked":["beaked:SacredDeck","construct:ClawGrip"],"picked":"Sozu"}],"items_purged_floors":[4],"is_endless":false,"potions_floor_spawned":[1,5,12,16,18,24,28,31],"killed_by":"hubris:MusketHawk","ascension_level":0}}