{"host":"6he3f0ic6yesrium","time":1609721132,"event":{"mods":["BaseMod","Better Altar","Better Match","Better Note","Better Sensory Stone","Better Skull","Better Third Choice","Colored Map","Conspire","Hubris","Marisa????????","Minty Spire (QoL Compilation)","Replay The Spire","StSLib","The Alterego","The Mystic","The Necromancer","The Runesmith"],"gold_per_floor":[115,128,144,16,28,28,46,46,118,144,160,210,110,130,130,225,225,242,259,259,116,116,116,116,44,99,112,140,240,240],"floor_reached":29,"playtime":1215,"items_purged":["Runesmith:Strike_RS","Runesmith:Strike_RS"],"score":395,"play_id":"56b1d763-21c1-4ba3-b85e-5e388f8a5504","local_time":"20210103194532","is_ascension_mode":false,"campfire_choices":[{"floor":8.0,"key":"REST"},{"data":"Runesmith:UnlimitedPower","floor":15.0,"key":"SMITH"},{"data":"Runesmith:BackupBattery","floor":23.0,"key":"SMITH"}],"circlet_count":0,"master_deck":["Runesmith:Strike_RS","Runesmith:Strike_RS","Runesmith:Defend_RS","Runesmith:Defend_RS","Runesmith:Defend_RS","Runesmith:Defend_RS","Runesmith:CraftFirestone","Runesmith:Fortify","Runesmith:CraftMagma","Runesmith:HeatExchange","Runesmith:CraftMagma","Runesmith:HeatExchange","Runesmith:BackupBattery+1","Runesmith:UnlimitedPower+1","Hallucinations","Runesmith:CraftVitae","ReplayTheSpireMod:Faulty Equipment","Runesmith:FissionHammer","conspire:NecroticWound","Runesmith:PerfectChisel+1","Runesmith:HeatedChisel","Runesmith:Terraform","Runesmith:RuneHurl","Runesmith:EarthShield+1","Replay:Hysterical Blindness","Amnesia"],"relics":["Runesmith:BrokenRuby","Replay:WaspNest","ReplayTheSpireMod:Lightbulb","Ring of Greed","MealTicket","Blue Doll","Black Star","HandDrill","hubris:Icosahedron","Bloody Idol","Blood Vial","Anchor","Blood Vial","StoneCalendar"],"acts_visited":["Exordium","TheCity"],"potions_floor_usage":[],"damage_taken":[{"damage":4.0,"enemies":"Cultist","floor":1.0,"turns":4.0},{"damage":1.0,"enemies":"conspire:RoseBush","floor":2.0,"turns":3.0},{"damage":6.0,"enemies":"Jaw Worm","floor":3.0,"turns":3.0},{"damage":0.0,"enemies":"Lots of Slimes","floor":5.0,"turns":2.0},{"damage":27.0,"enemies":"Gremlin Nob","floor":6.0,"turns":4.0},{"damage":13.0,"enemies":"Exordium Wildlife","floor":7.0,"turns":4.0},{"damage":0.0,"enemies":"3 Louse","floor":11.0,"turns":2.0},{"damage":10.0,"enemies":"conspire:2 RoseBushes","floor":14.0,"turns":3.0},{"damage":0.0,"enemies":"Fading Forest","floor":16.0,"turns":11.0},{"damage":4.0,"enemies":"Spheric Guardian","floor":18.0,"turns":4.0},{"damage":5.0,"enemies":"3 Byrds","floor":19.0,"turns":3.0},{"damage":19.0,"enemies":"Sentry and Sphere","floor":27.0,"turns":5.0},{"damage":22.0,"enemies":"Book of Stabbing","floor":28.0,"turns":5.0},{"damage":29,"enemies":"3 Cultists","floor":29,"turns":4}],"seed_played":"3717922230495532285","potions_obtained":[{"floor":0.0,"key":"Venom Potion"},{"floor":0.0,"key":"Adrenaline Potion"},{"floor":0.0,"key":"SmokeBomb"},{"floor":7.0,"key":"Dexterity Potion"},{"floor":19.0,"key":"Weak Potion"},{"floor":28.0,"key":"SpeedPotion"}],"is_trial":false,"path_per_floor":["M","M","M","$","M","E","M","R","T","T","M","?","$","M","R","B",null,"M","M","?","$","?","R","?","$","T","M","E","M"],"character_chosen":"RUNESMITH_CLASS","items_purchased":["Runesmith:HeatExchange","HandDrill","Runesmith:Terraform"],"campfire_rested":1,"item_purchase_floors":[4,21,25],"current_hp_per_floor":[66,65,59,59,59,32,19,40,40,40,40,40,55,45,45,45,70,66,61,61,70,70,70,27,42,47,35,20,0,0],"gold":240,"neow_bonus":"THREE_SMALL_POTIONS","is_daily":false,"chose_seed":false,"campfire_upgraded":2,"win_rate":0.0,"timestamp":1609721132,"path_taken":["M","M","M","$","M","E","M","R","T","?","M","?","$","M","R","BOSS","M","M","?","$","?","R","?","$","T","M","E","M"],"items_purchased_type":["Card","Relic","Card"],"build_version":"2020-12-22","purchased_purges":2,"victory":false,"max_hp_per_floor":[70,70,70,70,70,70,70,70,70,70,70,70,70,70,70,70,70,70,70,70,70,70,70,70,70,70,70,70,70,70],"card_choices":[{"not_picked":["Runesmith:UnstableHammer","Runesmith:ShiftingStrike"],"picked":"Runesmith:CraftMagma","floor":1.0},{"not_picked":["Runesmith:StaticCage","Runesmith:Repurpose"],"picked":"Runesmith:HeatExchange","floor":2.0},{"not_picked":["Runesmith:Repurpose","Runesmith:Attraction"],"picked":"Runesmith:CraftMagma","floor":3.0},{"not_picked":["Runesmith:Augment","Runesmith:Prism","Runesmith:ShiftingStrike"],"picked":"SKIP","floor":5.0},{"not_picked":["Runesmith:Accelerate","Runesmith:FrozenChisel"],"picked":"Runesmith:BackupBattery","floor":7.0},{"not_picked":["Runesmith:MakeshiftArmor","Runesmith:ChiselStab"],"picked":"Runesmith:UnlimitedPower","floor":11.0},{"not_picked":["Runesmith:HeatedChisel","Runesmith:Prism"],"picked":"Runesmith:CraftVitae","floor":14.0},{"not_picked":["Runesmith:GenerateForcefield","Runesmith:ReplicatingBarrier"],"picked":"Runesmith:FissionHammer","floor":16.0},{"not_picked":["Runesmith:CraftMagma+1","Runesmith:ChargedHammer+1"],"picked":"Runesmith:PerfectChisel+1","floor":18.0},{"not_picked":["Runesmith:Discharge","Runesmith:Overpower+1"],"picked":"Runesmith:HeatedChisel","floor":19.0},{"not_picked":["Runesmith:HammerThrow","Runesmith:ShiftingStrike"],"picked":"Runesmith:RuneHurl","floor":27.0},{"not_picked":["Runesmith:HammerThrow+1","Runesmith:Augment"],"picked":"Runesmith:EarthShield+1","floor":28.0}],"player_experience":289909,"relics_obtained":[{"floor":9.0,"key":"Replay:WaspNest"},{"floor":10.0,"key":"ReplayTheSpireMod:Lightbulb"},{"floor":12.0,"key":"Ring of Greed"},{"floor":12.0,"key":"MealTicket"},{"floor":12.0,"key":"Blue Doll"},{"floor":26.0,"key":"Anchor"},{"floor":28.0,"key":"Blood Vial"},{"floor":28.0,"key":"StoneCalendar"}],"event_choices":[{"cards_removed":["conspire:NecroticWound"],"damage_healed":0.0,"max_hp_gain":0.0,"max_hp_loss":0.0,"gold_gain":0.0,"event_name":"betterNote:BetterNote","player_choice":"Give","floor":20.0,"gold_loss":0.0,"damage_taken":0.0,"cards_obtained":["Runesmith:Defend_RS"]},{"damage_healed":0.0,"max_hp_gain":70.0,"max_hp_loss":27.0,"gold_gain":0.0,"event_name":"betterAltar:BetterAltar","player_choice":" Idol Vial ","floor":24.0,"potions_obtained":[],"relics_lost":[],"gold_loss":0.0,"damage_taken":53.0,"relics_obtained":["Bloody Idol","Blood Vial"]}],"is_beta":false,"boss_relics":[{"not_picked":["conspire:RoyalGoblet","Pandora\u0027s Box"],"picked":"Black Star"}],"items_purged_floors":[4,13],"is_endless":false,"potions_floor_spawned":[1,2,7,19,28],"killed_by":"3 Cultists","ascension_level":0}}