{"host":"qfskrnw3pl1q86j0","time":1609770588,"event":{"mods":["BaseMod","Block Reminder","Hermit","Marisa????????","Minty Spire (QoL Compilation)","Quick Restart","Random Character Button","Relic Stats","StSLib","The Poker Player","slay the spire mod where everything is the same but ironclad has a cowboy hat"],"gold_per_floor":[119,129,129,129,146,146,181,193,244,244,79,93,103,137,137,233,233,246,259,259,271,148,178,178,194,194,211,211,231,247,277,277,277,277],"floor_reached":33,"playtime":1065,"items_purged":["Defend_B","Strike_B"],"score":326,"play_id":"4020e231-9528-401d-bd16-dd0211dcba1c","local_time":"20210104152948","is_ascension_mode":false,"campfire_choices":[{"data":"Zap","floor":6.0,"key":"SMITH"},{"data":"Streamline","floor":10,"key":"SMITH"},{"data":"Sweeping Beam","floor":15,"key":"SMITH"},{"data":"Dualcast","floor":24,"key":"SMITH"},{"data":"Beam Cell","floor":28,"key":"SMITH"},{"floor":32,"key":"REST"}],"circlet_count":0,"master_deck":["Strike_B","Defend_B","Defend_B+1","Zap+1","Dualcast+1","Seek","Streamline+1","Rebound+1","Cold Snap","Auto Shields","Conserve Battery","Reinforced Body","Sweeping Beam+1","Conserve Battery","Core Surge","Streamline+1","Beam Cell+1","Leap","Compile Driver+1"],"relics":["Cracked Core","HornCleat","Bronze Scales","PreservedInsect","Empty Cage","Dream Catcher","Molten Egg 2","Darkstone Periapt"],"acts_visited":["Exordium","TheCity"],"potions_floor_usage":[8,16,19,27,30,31,31],"damage_taken":[{"damage":1.0,"enemies":"Cultist","floor":1.0,"turns":3.0},{"damage":6.0,"enemies":"Jaw Worm","floor":2.0,"turns":2.0},{"damage":0.0,"enemies":"2 Louse","floor":5.0,"turns":1.0},{"damage":23,"enemies":"Lagavulin","floor":7,"turns":5},{"damage":4,"enemies":"Gremlin Gang","floor":8,"turns":3},{"damage":0,"enemies":"Blue Slaver","floor":12,"turns":3},{"damage":0,"enemies":"Large Slime","floor":13,"turns":3},{"damage":0,"enemies":"Gremlin Nob","floor":14,"turns":3},{"damage":5,"enemies":"The Guardian","floor":16,"turns":8},{"damage":3,"enemies":"Chosen","floor":18,"turns":4},{"damage":0,"enemies":"3 Byrds","floor":19,"turns":2},{"damage":9,"enemies":"Centurion and Healer","floor":21,"turns":5},{"damage":24,"enemies":"Gremlin Leader","floor":23,"turns":4},{"damage":0,"enemies":"Snecko","floor":25,"turns":3},{"damage":3,"enemies":"Cultist and Chosen","floor":27,"turns":5},{"damage":11,"enemies":"Centurion and Healer","floor":29,"turns":6},{"damage":0,"enemies":"Sentry and Sphere","floor":30,"turns":4},{"damage":17,"enemies":"Slavers","floor":31,"turns":3},{"damage":51,"enemies":"Automaton","floor":33,"turns":6}],"seed_played":"3093983895924783629","potions_obtained":[{"floor":1.0,"key":"LiquidBronze"},{"floor":7,"key":"ColorlessPotion"},{"floor":13,"key":"Ancient Potion"},{"floor":14,"key":"Weak Potion"},{"floor":18,"key":"Weak Potion"},{"floor":23,"key":"FocusPotion"},{"floor":25,"key":"SkillPotion"},{"floor":27,"key":"Swift Potion"},{"floor":30,"key":"LiquidBronze"}],"is_trial":false,"path_per_floor":["M","M","?","?","M","R","E","M","T","R","$","M","M","E","R","B",null,"M","M","?","M","$","E","R","M","T","M","R","M","M","E","R","B"],"character_chosen":"DEFECT","items_purchased":["Conserve Battery","Reinforced Body","Beam Cell"],"campfire_rested":1,"item_purchase_floors":[11,11,22],"current_hp_per_floor":[74,68,53,53,53,53,30,26,26,26,26,26,26,26,26,21,75,72,72,72,63,63,39,39,39,39,36,36,25,25,8,30,0,0],"gold":277,"neow_bonus":"ONE_RANDOM_RARE_CARD","is_daily":false,"chose_seed":false,"campfire_upgraded":5,"win_rate":0.0,"timestamp":1609770588,"path_taken":["M","M","?","?","M","R","E","M","T","R","$","M","?","E","R","BOSS","M","?","?","M","$","E","R","M","T","?","R","M","M","E","R","BOSS"],"items_purchased_type":["Card","Card","Card"],"build_version":"2020-12-22","purchased_purges":2,"victory":false,"max_hp_per_floor":[75,75,75,75,75,75,75,75,75,75,75,75,75,75,75,75,75,75,75,75,75,75,75,75,75,75,75,75,75,75,75,75,75,75],"relic_stats":{"Darkstone Periapt":0,"Dream Catcher":1,"counters":[19,73],"Bronze Scales":[179],"PreservedInsect":85,"obtain_stats":[{"Darkstone Periapt":31,"Dream Catcher":23,"HornCleat":7,"Bronze Scales":9,"Molten Egg 2":26,"PreservedInsect":14,"Cracked Core":0,"Empty Cage":17},{"Darkstone Periapt":18,"Dream Catcher":13,"HornCleat":4,"Bronze Scales":5,"Molten Egg 2":14,"PreservedInsect":8,"Cracked Core":0,"Empty Cage":9},{"Darkstone Periapt":67,"Dream Catcher":46,"HornCleat":11,"Bronze Scales":14,"Molten Egg 2":49,"PreservedInsect":23,"Cracked Core":0,"Empty Cage":31}]},"card_choices":[{"not_picked":["Darkness","Coolheaded"],"picked":"Streamline","floor":1.0},{"not_picked":["Steam","Redo"],"picked":"Rebound","floor":2.0},{"not_picked":["Consume","Chaos"],"picked":"Cold Snap","floor":5.0},{"not_picked":["Meteor Strike","Sunder","Stack"],"picked":"SKIP","floor":7},{"not_picked":["Conserve Battery","Stack"],"picked":"Auto Shields","floor":8},{"not_picked":["Barrage","Turbo","Consume"],"picked":"SKIP","floor":12},{"not_picked":["Chill","Doom and Gloom"],"picked":"Sweeping Beam","floor":13},{"not_picked":["Biased Cognition","Steam"],"picked":"Conserve Battery","floor":14},{"not_picked":["Amplify","Hyperbeam"],"picked":"Core Surge","floor":16},{"not_picked":["Undo","Auto Shields","Gash"],"picked":"SKIP","floor":18},{"not_picked":["Chill","Steam+1","Steam Power+1"],"picked":"SKIP","floor":19},{"not_picked":["Scrape","Streamline","Sweeping Beam"],"picked":"SKIP","floor":21},{"not_picked":["Core Surge","Sweeping Beam","Coolheaded"],"picked":"SKIP","floor":23},{"not_picked":["Go for the Eyes","Compile Driver","Coolheaded+1"],"picked":"SKIP","floor":25},{"not_picked":["Capacitor","Go for the Eyes+1","Recycle"],"picked":"SKIP","floor":27},{"not_picked":["Rebound+1","Reinforced Body"],"picked":"Leap","floor":29},{"not_picked":["Go for the Eyes+1","Skim+1"],"picked":"Compile Driver+1","floor":30},{"not_picked":["Static Discharge+1","Hologram","Genetic Algorithm"],"picked":"SKIP","floor":31}],"player_experience":918318,"relics_obtained":[{"floor":7,"key":"HornCleat"},{"floor":9,"key":"Bronze Scales"},{"floor":14,"key":"PreservedInsect"},{"floor":23,"key":"Dream Catcher"},{"floor":26,"key":"Molten Egg 2"},{"floor":31,"key":"Darkstone Periapt"}],"event_choices":[{"damage_healed":0.0,"max_hp_gain":0.0,"max_hp_loss":0.0,"gold_gain":0.0,"event_name":"Shining Light","player_choice":"Entered Light","floor":3.0,"gold_loss":0.0,"damage_taken":15.0,"cards_upgraded":["Defend_B","Rebound"]},{"cards_removed":["Strike_B"],"damage_healed":0.0,"max_hp_gain":0.0,"max_hp_loss":0.0,"gold_gain":0.0,"event_name":"Bonfire Elementals","player_choice":"Offered Basic","floor":4.0,"gold_loss":0.0,"damage_taken":0.0},{"damage_healed":0,"gold_gain":0,"player_choice":"Copied","damage_taken":0,"max_hp_gain":0,"max_hp_loss":0,"event_name":"Duplicator","floor":20,"gold_loss":0,"cards_obtained":["Streamline"]}],"is_beta":false,"boss_relics":[{"not_picked":["Fusion Hammer","Calling Bell"],"picked":"Empty Cage"}],"items_purged_floors":[11,22],"is_endless":false,"potions_floor_spawned":[1,7,13,14,18,23,25,27,30],"killed_by":"Automaton","ascension_level":0}}