{"host":"662n7794wuevbd4i","time":1609762592,"event":{"mods":["BaseMod","KOR Keyword Fix","Minty Spire (QoL Compilation)","StSLib","The Cursed","The Dragon Tamer","The Hierophant","The Poker Player"],"gold_per_floor":[111,13,88,11,31,31,31,31,54,54,72,92,92,112,112,217,267,283,303,303,303,218,218,75,104,152,168,195,195,227,246,246,350,350,367,55,55,65,79,94,123,143,218,250,250,250,250],"floor_reached":45,"playtime":2883,"items_purged":["DTMod:DoubleHit"],"score":646,"play_id":"c10c578c-9957-4d7e-8852-de7a99be60fa","local_time":"20210104211632","is_ascension_mode":false,"metric_token":543,"campfire_choices":[{"data":"DTMod:SwitchingTactic","floor":6.0,"key":"SMITH"},{"data":"DTMod:ComboAttack","floor":8.0,"key":"SMITH"},{"floor":15.0,"key":"REST"},{"data":"DTMod:Training","floor":23.0,"key":"SMITH"},{"data":"DTMod:InvisibleFlame","floor":29.0,"key":"SMITH"},{"floor":32.0,"key":"REST"}],"dtmod_dragon_data":[19,58,3,0,3,0],"circlet_count":0,"master_deck":["DTMod:Strike+1","DTMod:Strike+1","DTMod:Strike","DTMod:TargetDefense+1","DTMod:TargetDefense","DTMod:TargetDefense+1","DTMod:SwitchingTactic+1","DTMod:ComboAttack+1","DTMod:ComboAttack+1","DTMod:BizarreTactic","DTMod:RunningTactic","DTMod:FierySynthesis","DTMod:WarmUp+1","DTMod:LightShield","DTMod:SneakAttack","DTMod:SneakAttack+1","DTMod:Training+1","DTMod:InvisibleFlame+1","DTMod:MagicField+1","DTMod:Feint","DTMod:LightShield","DTMod:TagTeam","Parasite","DTMod:HeatWave+1","DTMod:ShieldDrain+1","DTMod:TagTeam+1","DTMod:ComboAttack"],"relics":["DTMod:PactStone","Centennial Puzzle","Odd Mushroom","Tiny House","Art of War","War Paint","Letter Opener","Vajra","Boot","Pear","SlaversCollar","Potion Belt","Cauldron","Regal Pillow","Meat on the Bone","InkBottle"],"acts_visited":["Exordium","TheCity","TheBeyond"],"potions_floor_usage":[41,41,41,41,41,41,41,41],"damage_taken":[{"damage":0.0,"enemies":"Cultist","floor":1.0,"turns":4.0},{"damage":0.0,"enemies":"Jaw Worm","floor":5.0,"turns":3.0},{"damage":0.0,"enemies":"Small Slimes","floor":11.0,"turns":2.0},{"damage":8.0,"enemies":"The Mushroom Lair","floor":12.0,"turns":5.0},{"damage":9.0,"enemies":"Gremlin Gang","floor":14.0,"turns":4.0},{"damage":0.0,"enemies":"Slime Boss","floor":16.0,"turns":3.0},{"damage":4.0,"enemies":"Spheric Guardian","floor":18.0,"turns":6.0},{"damage":0.0,"enemies":"3 Byrds","floor":19.0,"turns":3.0},{"damage":12.0,"enemies":"Gremlin Leader","floor":25.0,"turns":5.0},{"damage":10.0,"enemies":"Snake Plant","floor":27.0,"turns":4.0},{"damage":0.0,"enemies":"Book of Stabbing","floor":28.0,"turns":5.0},{"damage":3.0,"enemies":"Slavers","floor":30.0,"turns":4.0},{"damage":0.0,"enemies":"Snecko","floor":31.0,"turns":3.0},{"damage":28.0,"enemies":"Automaton","floor":33.0,"turns":11.0},{"damage":3.0,"enemies":"3 Darklings","floor":35.0,"turns":4.0},{"damage":2.0,"enemies":"Orb Walker","floor":38.0,"turns":3.0},{"damage":7,"enemies":"Writhing Mass","floor":39,"turns":7},{"damage":12,"enemies":"Jaw Worm Horde","floor":40,"turns":5},{"damage":20,"enemies":"Giant Head","floor":41,"turns":8},{"damage":3,"enemies":"Spire Growth","floor":42,"turns":7},{"damage":12,"enemies":"Nemesis","floor":44,"turns":7},{"damage":28,"enemies":"4 Shapes","floor":45,"turns":4}],"seed_played":"-4848692571606272412","potions_obtained":[{"floor":0.0,"key":"Explosive Potion"},{"floor":0.0,"key":"Fruit Juice"},{"floor":0.0,"key":"AttackPotion"},{"floor":1.0,"key":"Swift Potion"},{"floor":17.0,"key":"ColorlessPotion"},{"floor":18.0,"key":"AttackPotion"},{"floor":19.0,"key":"FairyPotion"},{"floor":28.0,"key":"Dexterity Potion"},{"floor":30.0,"key":"SteroidPotion"},{"floor":33.0,"key":"LiquidBronze"},{"floor":36.0,"key":"EntropicBrew"},{"floor":36.0,"key":"Strength Potion"},{"floor":36.0,"key":"Fruit Juice"},{"floor":36.0,"key":"SpeedPotion"},{"floor":36.0,"key":"DistilledChaos"},{"floor":41,"key":"Fire Potion"},{"floor":44,"key":"DistilledChaos"}],"is_trial":false,"path_per_floor":["M","$","?","$","M","R","?","R","T","?","M","?","?","M","R","B",null,"M","M","?","?","?","R","$","E","T","M","E","R","E","M","R","B",null,"M","$","?","M","M","M","E","M","T","E","M"],"character_chosen":"THE_DT","items_purchased":["DTMod:ComboAttack","DTMod:ComboAttack","DTMod:BizarreTactic","War Paint","Potion Belt","Cauldron"],"campfire_rested":2,"item_purchase_floors":[2,4,4,24,36,36],"current_hp_per_floor":[50,50,39,39,39,39,39,39,39,39,39,31,21,12,27,27,55,51,51,51,42,42,42,42,30,30,20,20,20,27,27,48,20,70,67,72,72,70,63,51,31,28,28,28,0,0,0],"gold":250,"neow_bonus":"THREE_SMALL_POTIONS","is_daily":false,"chose_seed":false,"campfire_upgraded":4,"win_rate":0.0,"timestamp":1609762592,"path_taken":["M","$","?","?","M","R","?","R","T","?","?","?","?","M","R","BOSS","M","M","?","?","?","R","?","E","T","?","E","R","E","M","R","BOSS","M","$","?","?","M","M","E","M","T","E","M"],"items_purchased_type":["Card","Card","Card","Relic","Relic","Relic"],"build_version":"2020-12-22","purchased_purges":1,"victory":false,"max_hp_per_floor":[50,50,50,50,50,50,50,50,50,50,50,50,50,50,50,50,55,55,55,55,60,60,60,60,60,60,60,60,60,70,70,70,70,70,70,75,75,75,75,75,75,75,75,75,75,75,75],"card_choices":[{"not_picked":["DTMod:RecklessFlurry","DTMod:Overwhelm","DTMod:QuickFly"],"picked":"SKIP","floor":1.0},{"not_picked":["DTMod:BuildUp","DTMod:HeatWave"],"picked":"DTMod:RunningTactic","floor":5.0},{"not_picked":["DTMod:BlazingStrike","DTMod:Overwhelm"],"picked":"DTMod:FierySynthesis","floor":11.0},{"not_picked":["DTMod:ComboAttack","DTMod:CrossStep"],"picked":"DTMod:WarmUp","floor":12.0},{"not_picked":["DTMod:BreakAttack","DTMod:DarkBreath","DTMod:Cover"],"picked":"SKIP","floor":14.0},{"not_picked":["DTMod:Prediction","DTMod:Multitask"],"picked":"DTMod:LightShield","floor":16.0},{"not_picked":["DTMod:Haste+1","DTMod:Weaken"],"picked":"DTMod:SneakAttack","floor":18.0},{"not_picked":["DTMod:MasterPlan","DTMod:Weaken+1"],"picked":"DTMod:SneakAttack+1","floor":19.0},{"not_picked":["DTMod:CalculatedDefense+1","DTMod:BuildUp"],"picked":"DTMod:InvisibleFlame","floor":25.0},{"not_picked":["DTMod:ForkedFire","DTMod:Punisher"],"picked":"DTMod:MagicField+1","floor":27.0},{"not_picked":["DTMod:WarmUp","DTMod:MaximumCharge","DTMod:QuickFly+1"],"picked":"SKIP","floor":28.0},{"not_picked":["DTMod:Cover","DTMod:GhostSkin+1"],"picked":"DTMod:Feint","floor":30.0},{"not_picked":["DTMod:Overwhelm+1","DTMod:Hide","DTMod:Adaptation"],"picked":"SKIP","floor":31.0},{"not_picked":["DTMod:Prediction","DTMod:HeadStart"],"picked":"DTMod:LightShield","floor":33.0},{"not_picked":["DTMod:Astonish","DTMod:Conduct+1"],"picked":"DTMod:TagTeam","floor":35.0},{"not_picked":["DTMod:MaximumCharge","DTMod:Weaken","DTMod:WarmUp"],"picked":"SKIP","floor":38.0},{"not_picked":["DTMod:BurningEnergy","DTMod:ForkedFire+1"],"picked":"DTMod:HeatWave+1","floor":39},{"not_picked":["DTMod:ComboAttack","DTMod:Threaten"],"picked":"DTMod:ShieldDrain+1","floor":40},{"not_picked":["DTMod:ShieldDrain","DTMod:Adaptation"],"picked":"DTMod:TagTeam+1","floor":41},{"not_picked":["DTMod:Coolant","DTMod:BuildUp"],"picked":"DTMod:ComboAttack","floor":42},{"not_picked":["DTMod:OpeningTactic","DTMod:BurningForce","DTMod:FlameSlash+1"],"picked":"SKIP","floor":44}],"player_experience":125510,"relics_obtained":[{"floor":9.0,"key":"Centennial Puzzle"},{"floor":12.0,"key":"Odd Mushroom"},{"floor":25.0,"key":"Letter Opener"},{"floor":26.0,"key":"Vajra"},{"floor":28.0,"key":"Boot"},{"floor":30.0,"key":"Pear"},{"floor":41,"key":"Regal Pillow"},{"floor":43,"key":"Meat on the Bone"},{"floor":44,"key":"InkBottle"}],"event_choices":[{"damage_healed":0.0,"max_hp_gain":0.0,"max_hp_loss":0.0,"gold_gain":75.0,"event_name":"World of Goop","player_choice":"Gather Gold","floor":3.0,"gold_loss":0.0,"damage_taken":11.0},{"cards_removed":["DTMod:Strike"],"damage_healed":0.0,"max_hp_gain":0.0,"max_hp_loss":0.0,"gold_gain":0.0,"event_name":"Living Wall","player_choice":"Forget","floor":7.0,"gold_loss":0.0,"damage_taken":0.0},{"cards_removed":["DTMod:TargetDefense"],"damage_healed":0.0,"max_hp_gain":0.0,"max_hp_loss":0.0,"gold_gain":0.0,"event_name":"Bonfire Elementals","player_choice":"Offered Basic","floor":10.0,"gold_loss":0.0,"damage_taken":0.0},{"damage_healed":0.0,"max_hp_gain":0.0,"max_hp_loss":0.0,"gold_gain":0.0,"event_name":"Mushrooms","player_choice":"Fought Mushrooms","floor":12.0,"gold_loss":0.0,"damage_taken":0.0},{"damage_healed":0.0,"max_hp_gain":0.0,"max_hp_loss":0.0,"gold_gain":0.0,"event_name":"Shining Light","player_choice":"Entered Light","floor":13.0,"gold_loss":0.0,"damage_taken":10.0,"cards_upgraded":["DTMod:WarmUp","DTMod:Strike"]},{"damage_healed":0.0,"max_hp_gain":0.0,"max_hp_loss":0.0,"gold_gain":0.0,"event_name":"The Library","player_choice":"Read","floor":20.0,"gold_loss":0.0,"damage_taken":0.0,"cards_obtained":["DTMod:Training"]},{"damage_healed":0.0,"max_hp_gain":5.0,"max_hp_loss":0.0,"gold_gain":0.0,"event_name":"Forgotten Altar","player_choice":"Shed Blood","floor":21.0,"gold_loss":0.0,"damage_taken":14.0},{"damage_healed":0.0,"max_hp_gain":0.0,"max_hp_loss":0.0,"gold_gain":0.0,"event_name":"Addict","player_choice":"Obtained Relic","floor":22.0,"gold_loss":85.0,"damage_taken":0.0,"relics_obtained":["Art of War"]},{"damage_healed":0.0,"max_hp_gain":0.0,"max_hp_loss":0.0,"gold_gain":0.0,"event_name":"Upgrade Shrine","player_choice":"Upgraded","floor":37.0,"gold_loss":0.0,"damage_taken":0.0,"cards_upgraded":["DTMod:ComboAttack"]}],"is_beta":false,"boss_relics":[{"not_picked":["Coffee Dripper","Velvet Choker"],"picked":"Tiny House"},{"not_picked":["Empty Cage","Fusion Hammer"],"picked":"SlaversCollar"}],"items_purged_floors":[2],"is_endless":false,"potions_floor_spawned":[1,5,11,18,19,28,30,33,41,44],"killed_by":"4 Shapes","ascension_level":0}}