{"host":"5gusigds1c3jyr99","time":1609765208,"event":{"mods":["AchievementEnabler","Arknights The Spire","Astrologer","BaseMod","CapriCore","ChefMod","GungeonMod","Hermit","Marisa£¨Ùöéë¡¡Øª×âÞÞ£©","Minty Spire (QoL Compilation)","Permanent Neow","Replay The Spire","StSLib","The Bug Knight","The Cursed","The Death Knight","The Disciple","The Dragon Tamer","The Gatherer","The Hierophant","The Immortal","The Jungle","The Poker Player","The Senshi","TheBandit","WarShipGirlsR/??á´Ò³R mod"],"gold_per_floor":[112,37,37,58,58,58,58,82,82,32,75,100,100,115,115,236,236,257,280,280,296,296,296,329,329,329,329,348,384,403,161,161,291,291,315,15,28,93,93,93,93,109,134,167,179,212,224,251,263,275],"floor_reached":51,"playtime":5006,"items_purged":["Gatherer:Strike_Gatherer","Gatherer:Strike_Gatherer","Gatherer:Defend_Gatherer"],"score":1012,"play_id":"3fa24b05-d2e9-4522-aeb1-b5a7afab73a5","local_time":"20210104220008","is_ascension_mode":false,"metric_token":1693,"campfire_choices":[{"data":"Gatherer:HeartToFruit","floor":6,"key":"SMITH"},{"data":"Venomology","floor":13,"key":"SMITH"},{"floor":15,"key":"DIG"},{"data":"Gatherer:Examine","floor":23,"key":"SMITH"},{"data":"Gatherer:FlowerShield+1","floor":25,"key":"SMITH"},{"data":"Gatherer:CollectorsShot","floor":32,"key":"SMITH"},{"data":"Gatherer:MindSearch","floor":40,"key":"SMITH"},{"data":"Gatherer:FlowerPower+1","floor":45,"key":"SMITH"},{"data":"Gatherer:BalancedGrowth","floor":47,"key":"SMITH"},{"data":"Gatherer:FruitForce","floor":49,"key":"SMITH"}],"circlet_count":0,"master_deck":["Gatherer:Strike_Gatherer","Gatherer:Strike_Gatherer","Gatherer:Defend_Gatherer+1","Gatherer:Defend_Gatherer","Gatherer:Defend_Gatherer","Gatherer:HeartToFruit+1","Gatherer:WitheringStrike","Venomology+1","Gatherer:FlowerShield+2","Gatherer:Examine+1","Gatherer:Snatch","Gatherer:FlamingBottle+1","Gatherer:QuickSynthesis+1","Gatherer:Liquidism+1","Gatherer:Snatch","Gatherer:CollectorsShot+1","Gatherer:GrowBook","Gatherer:BalancedGrowth+1","Gatherer:MindSearch+1","Gatherer:FruitForce+1","Gatherer:FeelingFine+1","Gatherer:Convert","Gatherer:FlowerPower+2","Gatherer:Snatch+1","Gatherer:DrugPower+1"],"relics":["Gatherer:AlchemyBag","Golden Idol","Matryoshka","Replay:Mystery Machine","ReplayTheSpireMod:Shallot","Ring of Chaos","CultistMask","Darkstone Periapt","Blood Vial","Mirror","DemoMod:PartiallyEatenCheese","DemoMod:RiddleOfLead","Pondfish Scales","DemoMod:GlassGuonStoneRelic","Replay:Rubber Ducky","MawBank"],"acts_visited":["Exordium","TheCity","TheBeyond"],"potions_floor_usage":[11,12,14,14,16,16,18,19,21,24,28,29,29,30,33,33,33,37,38,42,44,48,50,50,50,50],"damage_taken":[{"damage":0,"enemies":"Small Slimes","floor":1,"turns":5},{"damage":3,"enemies":"Jaw Worm","floor":4,"turns":3},{"damage":0,"enemies":"2 Louse","floor":8,"turns":3},{"damage":20,"enemies":"3 Sentries","floor":11,"turns":11},{"damage":0,"enemies":"Gremlin Gang","floor":12,"turns":6},{"damage":0,"enemies":"3 Louse","floor":14,"turns":3},{"damage":0,"enemies":"The Guardian","floor":16,"turns":16},{"damage":0,"enemies":"Chosen","floor":18,"turns":6},{"damage":0,"enemies":"3 Byrds","floor":19,"turns":5},{"damage":0,"enemies":"Snecko","floor":21,"turns":4},{"damage":0,"enemies":"Replay:Snechameleon","floor":24,"turns":5},{"damage":0,"enemies":"3 Cultists","floor":28,"turns":6},{"damage":12,"enemies":"Gremlin Leader","floor":29,"turns":6},{"damage":13,"enemies":"Shelled Parasite and Fungi","floor":30,"turns":5},{"damage":29,"enemies":"Pondfish","floor":33,"turns":8},{"damage":0,"enemies":"Orb Walker","floor":35,"turns":2},{"damage":0,"enemies":"3 Shapes","floor":37,"turns":4},{"damage":34,"enemies":"2 Orb Walkers","floor":38,"turns":6},{"damage":15,"enemies":"Maw","floor":42,"turns":9},{"damage":0,"enemies":"Jaw Worm Horde","floor":44,"turns":5},{"damage":0,"enemies":"Spire Growth","floor":46,"turns":5},{"damage":0,"enemies":"3 Darklings","floor":48,"turns":6},{"damage":0,"enemies":"Donu and Deca","floor":50,"turns":4}],"seed_played":"7221697043928659605","potions_obtained":[{"floor":8,"key":"BlessingOfTheForge"},{"floor":11,"key":"Block Potion"},{"floor":16,"key":"Weak Potion"},{"floor":18,"key":"SteroidPotion"},{"floor":29,"key":"EssenceOfSteel"},{"floor":35,"key":"Explosive Potion"},{"floor":48,"key":"PowerPotion"}],"is_trial":false,"path_per_floor":["M","$","?","M","?","R","?","M","T","?","E","M","R","M","R","B",null,"M","M","?","M","?","R","E","R","T","?","M","E","M","$","R","B",null,"M","$","M","?","?","R","$","M","T","M","R","M","R","M","R","B",null],"character_chosen":"THE_GATHERER","items_purchased":["Gatherer:GrowBook","Gatherer:BalancedGrowth","Gatherer:MindSearch"],"campfire_rested":0,"item_purchase_floors":[31,36,36],"current_hp_per_floor":[75,75,69,69,69,69,55,59,59,59,43,47,47,51,51,55,92,96,100,100,104,73,73,73,73,73,73,75,65,54,54,54,31,118,118,118,122,92,92,92,92,108,108,114,114,116,116,118,118,120],"gold":287,"neow_bonus":"ONE_RANDOM_RARE_CARD","is_daily":false,"chose_seed":false,"campfire_upgraded":9,"win_rate":0.0,"timestamp":1609765208,"path_taken":["M","$","?","M","?","R","?","M","T","?","E","M","R","M","R","BOSS","M","M","?","?","?","R","E","R","T","?","M","E","M","$","R","BOSS","M","$","M","?","?","R","$","M","T","M","R","M","R","?","R","BOSS"],"items_purchased_type":["Card","Card","Card"],"build_version":"2020-12-22","purchased_purges":3,"victory":true,"max_hp_per_floor":[75,75,69,72,72,72,72,76,76,76,80,84,84,88,88,92,92,96,100,100,104,104,104,104,104,104,104,104,104,104,104,104,108,118,118,118,122,126,126,126,126,130,130,134,134,134,134,134,134,134],"card_choices":[{"not_picked":["Gatherer:Convert","Gatherer:AromaProtection","Gatherer:FlowerPower"],"picked":"SKIP","floor":1},{"not_picked":["Gatherer:SmartManeuver","Gatherer:EchoOfNature"],"picked":"Gatherer:WitheringStrike","floor":4},{"not_picked":["Gatherer:TacticalStrike","Gatherer:BigPouch"],"picked":"Gatherer:FlowerShield","floor":8},{"not_picked":["Gatherer:Uplift","Gatherer:DrugPower"],"picked":"Gatherer:Examine","floor":11},{"not_picked":["Gatherer:RecoveryHerb","Gatherer:TreeGrowth"],"picked":"Gatherer:Snatch","floor":12},{"not_picked":["Gatherer:FeelingFine","Gatherer:DrugPower","Gatherer:FlowerFalling"],"picked":"SKIP","floor":14},{"not_picked":["Gatherer:ScrollOfPurity","Gatherer:StoneFence"],"picked":"Gatherer:FlamingBottle","floor":16},{"not_picked":["Gatherer:Snatch","Gatherer:Misfortune"],"picked":"Gatherer:QuickSynthesis+1","floor":18},{"not_picked":["Gatherer:HeartToFruit","Gatherer:SaveValuables"],"picked":"Gatherer:Liquidism","floor":19},{"not_picked":["Gatherer:Misfortune","Gatherer:GatherMaterial","Gatherer:DrugPower"],"picked":"SKIP","floor":21},{"not_picked":["Gatherer:ScrollOfPurity","Gatherer:TacticalStrike+1","Gatherer:Duality+1"],"picked":"SKIP","floor":24},{"not_picked":["Gatherer:FlamingBottle","Gatherer:EchoOfNature"],"picked":"Gatherer:Snatch","floor":28},{"not_picked":["Gatherer:FragileHammer","Gatherer:EnergyBasket+1"],"picked":"Gatherer:CollectorsShot","floor":29},{"not_picked":["Gatherer:RecipeChange","Gatherer:Duplicator","Gatherer:AcidicSpray+1"],"picked":"SKIP","floor":30},{"not_picked":["Gatherer:TreeGrowth+1","Gatherer:GatherMaterial","Gatherer:FlowerFalling"],"picked":"SKIP","floor":35},{"not_picked":["Gatherer:VenomBarrier","Gatherer:WitheringStrike"],"picked":"Gatherer:FruitForce","floor":37},{"not_picked":["Gatherer:PotentialSlash+1","Gatherer:Duplicator"],"picked":"Gatherer:FeelingFine+1","floor":38},{"not_picked":["Gatherer:BambuSword+1","Gatherer:VenomBarrier+1"],"picked":"Gatherer:FlowerPower+1","floor":42},{"not_picked":["Gatherer:SaveValuables","Gatherer:FlowerFalling"],"picked":"Gatherer:Snatch+1","floor":44},{"not_picked":["Gatherer:Convert+1","Gatherer:FlowerFalling"],"picked":"Gatherer:DrugPower+1","floor":46},{"not_picked":["Gatherer:FinishingStrike","Gatherer:PotentialSlash","Gatherer:Pollute"],"picked":"SKIP","floor":48}],"player_experience":623807,"relics_obtained":[{"floor":9,"key":"Matryoshka"},{"floor":11,"key":"Replay:Mystery Machine"},{"floor":15,"key":"ReplayTheSpireMod:Shallot"},{"floor":24,"key":"Darkstone Periapt"},{"floor":26,"key":"Blood Vial"},{"floor":26,"key":"Mirror"},{"floor":29,"key":"DemoMod:PartiallyEatenCheese"},{"floor":38,"key":"Pondfish Scales"},{"floor":43,"key":"Replay:Rubber Ducky"},{"floor":43,"key":"MawBank"}],"event_choices":[{"damage_healed":0,"gold_gain":0,"player_choice":"Lose Max HP","damage_taken":0,"relics_obtained":["Golden Idol"],"max_hp_gain":0,"max_hp_loss":6,"event_name":"Golden Idol","floor":3,"gold_loss":0},{"damage_healed":0,"gold_gain":0,"player_choice":"Entered Light","damage_taken":14,"max_hp_gain":0,"max_hp_loss":0,"event_name":"Shining Light","floor":7,"gold_loss":0,"cards_upgraded":["Neutralize","Gatherer:Defend_Gatherer"]},{"cards_removed":["Gatherer:Defend_Gatherer"],"damage_healed":0,"gold_gain":0,"player_choice":"Card Removal","damage_taken":0,"max_hp_gain":0,"max_hp_loss":0,"event_name":"The Cleric","floor":10,"gold_loss":50},{"damage_healed":0,"gold_gain":0,"player_choice":"Trade","damage_taken":0,"relics_obtained":["CultistMask"],"max_hp_gain":0,"max_hp_loss":0,"event_name":"FaceTrader","floor":20,"gold_loss":0},{"cards_removed":["Gatherer:Strike_Gatherer"],"damage_healed":0,"gold_gain":0,"player_choice":"Elegance","damage_taken":0,"max_hp_gain":0,"max_hp_loss":0,"event_name":"Back to Basics","floor":27,"gold_loss":0},{"damage_healed":0,"gold_gain":0,"player_choice":"Fight","damage_taken":0,"max_hp_gain":0,"max_hp_loss":0,"event_name":"Mysterious Sphere","floor":38,"gold_loss":0},{"damage_healed":0,"gold_gain":0,"cards_transformed":["Neutralize"],"player_choice":"Transformed","damage_taken":0,"max_hp_gain":0,"max_hp_loss":0,"event_name":"Transmorgrifier","floor":39,"gold_loss":0,"cards_obtained":["Gatherer:Convert"]}],"is_beta":false,"boss_relics":[{"not_picked":["Fusion Hammer","Replay:Wanted Poster"],"picked":"Ring of Chaos"},{"not_picked":["Empty Cage","ReplayTheSpireMod:DimensionalGlitch"],"picked":"DemoMod:RiddleOfLead"}],"items_purged_floors":[2,31,36],"is_endless":false,"potions_floor_spawned":[8,11,16,18,28,29,35,46,48],"ascension_level":0}}