{"host":"ryuep8ewa00k39z9","time":1609778159,"event":{"mods":["AchievementEnabler","BaseMod","Best Route Mod","Colored Map","Colored Powertips","Displayed Cursed Tome","Highlight Path","Minty Spire (QoL Compilation)","Quick Restart","SuperFastMode"],"gold_per_floor":[117,192,192,467,484,513,513,538,538,556,99,99,124,142,142,240,240,253,253,272,272,272,272,304,6,31,31,31,31,31,44,44,44,44],"floor_reached":33,"playtime":1218,"items_purged":["Regret","Defend_B"],"score":469,"play_id":"07be323e-0345-48b5-87cd-731c802aadfa","local_time":"20210104103559","is_ascension_mode":true,"campfire_choices":[{"data":"Tempest","floor":7.0,"key":"SMITH"},{"floor":12.0,"key":"REST"},{"data":"Fusion","floor":15.0,"key":"SMITH"},{"data":"Hyperbeam","floor":23.0,"key":"SMITH"},{"data":"Meteor Strike","floor":28.0,"key":"SMITH"},{"data":"Defragment","floor":30.0,"key":"SMITH"},{"data":"Defragment","floor":32.0,"key":"SMITH"}],"circlet_count":0,"master_deck":["Defend_B","Defend_B","Defend_B","Zap","Dualcast","Ball Lightning","Tempest+1","Conserve Battery","Meteor Strike+1","Fusion+1","Self Repair","Defragment+1","Hyperbeam+1","CurseOfTheBell","Bite","Bite","Bite","Bite","Bite","Conserve Battery+1","RitualDagger","Defragment+1","Skim+1"],"relics":["Cracked Core","NeowsBlessing","InkBottle","PreservedInsect","HornCleat","Medical Kit","Happy Flower","Symbiotic Virus","Calling Bell","MealTicket","Toxic Egg 2","Thread and Needle","Smiling Mask","Pen Nib","Shuriken","Lantern"],"acts_visited":["Exordium","TheCity"],"potions_floor_usage":[],"damage_taken":[{"damage":0.0,"enemies":"Jaw Worm","floor":1.0,"turns":1.0},{"damage":0.0,"enemies":"2 Louse","floor":5.0,"turns":1.0},{"damage":0.0,"enemies":"Lagavulin","floor":6.0,"turns":1.0},{"damage":25.0,"enemies":"Gremlin Nob","floor":8.0,"turns":4.0},{"damage":0.0,"enemies":"Cultist","floor":10.0,"turns":2.0},{"damage":0.0,"enemies":"3 Sentries","floor":13.0,"turns":3.0},{"damage":1.0,"enemies":"Blue Slaver","floor":14.0,"turns":2.0},{"damage":40.0,"enemies":"Slime Boss","floor":16.0,"turns":10.0},{"damage":13.0,"enemies":"Shell Parasite","floor":18.0,"turns":5.0},{"damage":3.0,"enemies":"Chosen","floor":20.0,"turns":3.0},{"damage":29.0,"enemies":"Gremlin Leader","floor":24.0,"turns":5.0},{"damage":16.0,"enemies":"Centurion and Healer","floor":31.0,"turns":4.0},{"damage":53,"enemies":"Champ","floor":33,"turns":7}],"seed_played":"8844648268084987655","potions_obtained":[{"floor":6.0,"key":"SkillPotion"},{"floor":10.0,"key":"Block Potion"},{"floor":13.0,"key":"Block Potion"},{"floor":16.0,"key":"LiquidMemories"},{"floor":18.0,"key":"Weak Potion"},{"floor":20.0,"key":"PotionOfCapacity"}],"is_trial":false,"path_per_floor":["M","?","?","?","M","E","R","E","T","M","$","R","E","M","R","B",null,"M","?","M","?","?","R","E","$","T","$","R","?","R","M","R","B"],"character_chosen":"DEFECT","items_purchased":["Fusion","Medical Kit","Happy Flower","Shuriken"],"campfire_rested":1,"item_purchase_floors":[11,11,11,25],"current_hp_per_floor":[68,57,62,62,62,62,62,37,37,37,37,61,61,67,67,34,69,63,56,56,50,50,50,36,51,51,56,56,56,56,46,46,11,11],"gold":44,"neow_bonus":"THREE_ENEMY_KILL","is_daily":false,"chose_seed":false,"campfire_upgraded":6,"win_rate":0.0,"timestamp":1609778159,"path_taken":["M","?","?","?","M","E","R","E","T","M","$","R","E","M","R","BOSS","M","?","M","?","?","R","E","?","T","$","R","?","R","M","R","BOSS"],"items_purchased_type":["Card","Relic","Relic","Relic"],"build_version":"2020-12-22","purchased_purges":2,"victory":false,"max_hp_per_floor":[75,75,80,80,80,80,80,80,80,80,80,80,80,80,80,80,80,80,56,56,56,56,56,56,56,56,56,56,56,56,56,56,56,56],"card_choices":[{"not_picked":["Cold Snap","Static Discharge","Barrage"],"picked":"SKIP","floor":1.0},{"not_picked":["Tempest","Undo"],"picked":"Ball Lightning","floor":5.0},{"not_picked":["Aggregate","BootSequence"],"picked":"Tempest","floor":6.0},{"not_picked":["Ball Lightning","Steam"],"picked":"Conserve Battery","floor":8.0},{"not_picked":["Leap","Redo"],"picked":"Meteor Strike","floor":10.0},{"not_picked":["Blizzard","Gash"],"picked":"Self Repair","floor":13.0},{"not_picked":["Beam Cell","Chaos"],"picked":"Defragment","floor":14.0},{"not_picked":["Reboot","Amplify"],"picked":"Hyperbeam","floor":16.0},{"not_picked":["Ball Lightning","Stack+1","Hologram+1"],"picked":"SKIP","floor":18.0},{"not_picked":["Go for the Eyes","Steam Power+1"],"picked":"Conserve Battery+1","floor":20.0},{"not_picked":["Capacitor","Steam+1"],"picked":"Defragment","floor":24.0},{"not_picked":["Lockon+1","Beam Cell"],"picked":"Skim+1","floor":31.0}],"player_experience":3891432,"relics_obtained":[{"floor":6.0,"key":"InkBottle"},{"floor":8.0,"key":"PreservedInsect"},{"floor":9.0,"key":"HornCleat"},{"floor":13.0,"key":"Symbiotic Virus"},{"floor":17.0,"key":"MealTicket"},{"floor":17.0,"key":"Toxic Egg 2"},{"floor":17.0,"key":"Thread and Needle"},{"floor":24.0,"key":"Pen Nib"},{"floor":26.0,"key":"Lantern"}],"event_choices":[{"damage_healed":0.0,"max_hp_gain":0.0,"max_hp_loss":0.0,"gold_gain":75.0,"event_name":"World of Goop","player_choice":"Gather Gold","floor":2.0,"gold_loss":0.0,"damage_taken":11.0},{"damage_healed":0.0,"max_hp_gain":5.0,"max_hp_loss":0.0,"gold_gain":0.0,"event_name":"Big Fish","player_choice":"Donut","floor":3.0,"gold_loss":0.0,"damage_taken":0.0},{"damage_healed":0.0,"max_hp_gain":0.0,"max_hp_loss":0.0,"gold_gain":275.0,"event_name":"Golden Shrine","player_choice":"Desecrate","floor":4.0,"gold_loss":0.0,"damage_taken":0.0,"cards_obtained":["Regret"]},{"damage_healed":0.0,"max_hp_gain":0.0,"max_hp_loss":24.0,"gold_gain":0.0,"event_name":"Vampires","player_choice":"Became a vampire","floor":19.0,"gold_loss":0.0,"damage_taken":0.0,"cards_obtained":["Bite","Bite","Bite","Bite","Bite"]},{"damage_healed":0.0,"max_hp_gain":0.0,"max_hp_loss":0.0,"gold_gain":0.0,"event_name":"Nest","player_choice":"Joined the Cult","floor":21.0,"gold_loss":0.0,"damage_taken":6.0,"cards_obtained":["RitualDagger"]},{"damage_healed":0.0,"max_hp_gain":0.0,"max_hp_loss":0.0,"gold_gain":0.0,"event_name":"The Mausoleum","player_choice":"Opened","floor":22.0,"gold_loss":0.0,"damage_taken":0.0,"relics_obtained":["Smiling Mask"]},{"damage_healed":0.0,"max_hp_gain":0.0,"max_hp_loss":0.0,"gold_gain":0.0,"event_name":"Ghosts","player_choice":"Ignored","floor":29.0,"gold_loss":0.0,"damage_taken":0.0}],"is_beta":false,"boss_relics":[{"not_picked":["Snecko Eye","Ectoplasm"],"picked":"Calling Bell"}],"items_purged_floors":[11,25],"is_endless":false,"potions_floor_spawned":[6,10,13,16,18,20],"killed_by":"Champ","ascension_level":7}}