{"host":"0i8dz4ityulxi1rd","time":1609757802,"event":{"mods":["BaseMod","Colored Map","Colored Powertips","Custom Start","Highlight Path","Hubris","Keyboard Shortcuts","Minty Spire (QoL Compilation)","StSLib","SuperFastMode"],"gold_per_floor":[119,133,133,148,148,192,211,211,211,246,246,16,16,34,34,34,34],"floor_reached":16,"playtime":341,"items_purged":[],"score":220,"play_id":"8bac358a-25ec-4d74-b80d-7800ad1f9089","local_time":"20210104195642","is_ascension_mode":true,"campfire_choices":[{"data":"Chaos","floor":8.0,"key":"SMITH"},{"data":"Recycle","floor":11.0,"key":"SMITH"},{"data":"Zap","floor":15,"key":"SMITH"}],"circlet_count":0,"master_deck":["AscendersBane","Strike_B","Strike_B","Strike_B","Defend_B","Defend_B","Defend_B","Defend_B","Zap+1","Dualcast","Gash","Chill","Sweeping Beam","Ball Lightning","Aggregate","Chaos+1","Recycle+1","Stack","Seek","Steam"],"relics":["Cracked Core","NeowsBlessing","Golden Idol","DataDisk","Pear","Sundial","Runic Capacitor"],"acts_visited":["Exordium"],"potions_floor_usage":[16],"damage_taken":[{"damage":0.0,"enemies":"Jaw Worm","floor":1.0,"turns":1.0},{"damage":0.0,"enemies":"Small Slimes","floor":2.0,"turns":1.0},{"damage":0.0,"enemies":"Cultist","floor":4.0,"turns":1.0},{"damage":37.0,"enemies":"Lagavulin","floor":6.0,"turns":6.0},{"damage":0.0,"enemies":"2 Fungi Beasts","floor":7.0,"turns":2.0},{"damage":15.0,"enemies":"3 Sentries","floor":10.0,"turns":5.0},{"damage":9.0,"enemies":"Exordium Wildlife","floor":14.0,"turns":3.0},{"damage":12,"enemies":"Hexaghost","floor":16,"turns":9}],"seed_played":"-2930772456864187322","potions_obtained":[{"floor":4.0,"key":"SkillPotion"},{"floor":7.0,"key":"ColorlessPotion"},{"floor":10.0,"key":"SpeedPotion"}],"is_trial":false,"path_per_floor":["M","M","?","M","?","E","M","R","T","E","R","$","?","M","R","B"],"character_chosen":"DEFECT","items_purchased":["Runic Capacitor","Stack"],"campfire_rested":0,"item_purchase_floors":[12,12],"current_hp_per_floor":[64,64,64,64,64,27,27,27,37,22,22,22,22,13,13,1,1],"gold":34,"neow_bonus":"THREE_ENEMY_KILL","is_daily":false,"chose_seed":false,"campfire_upgraded":3,"win_rate":0.0,"timestamp":1609757802,"path_taken":["M","M","?","M","?","E","M","R","T","E","R","$","?","M","R","BOSS"],"items_purchased_type":["Relic","Card"],"build_version":"2020-12-22","purchased_purges":0,"victory":false,"max_hp_per_floor":[71,71,64,64,64,64,64,64,74,74,74,74,74,74,74,74,74],"card_choices":[{"not_picked":["Conserve Battery","Stack"],"picked":"Gash","floor":1.0},{"not_picked":["Conserve Battery","Turbo"],"picked":"Chill","floor":2.0},{"not_picked":["Leap","Force Field"],"picked":"Sweeping Beam","floor":4.0},{"not_picked":["Hologram","Rebound"],"picked":"Aggregate","floor":6.0},{"not_picked":["Cold Snap","Rebound"],"picked":"Chaos","floor":7.0},{"not_picked":["Streamline","Turbo"],"picked":"Recycle","floor":10.0},{"not_picked":["Tempest","Leap"],"picked":"Steam","floor":14.0}],"player_experience":1309162,"relics_obtained":[{"floor":6.0,"key":"DataDisk"},{"floor":9.0,"key":"Pear"},{"floor":10.0,"key":"Sundial"}],"event_choices":[{"damage_healed":0.0,"max_hp_gain":0.0,"max_hp_loss":7.0,"gold_gain":0.0,"event_name":"Golden Idol","player_choice":"Lose Max HP","floor":3.0,"gold_loss":0.0,"damage_taken":0.0,"relics_obtained":["Golden Idol"]},{"damage_healed":0.0,"max_hp_gain":0.0,"max_hp_loss":0.0,"gold_gain":0.0,"cards_transformed":["Strike_B"],"event_name":"Living Wall","player_choice":"Change","floor":13.0,"gold_loss":0.0,"damage_taken":0.0,"cards_obtained":["Seek"]}],"is_beta":false,"boss_relics":[],"items_purged_floors":[],"is_endless":false,"potions_floor_spawned":[4,7,10],"killed_by":"Hexaghost","ascension_level":20}}