{"host":"lzpp66udqthct9jv","time":1609723984,"event":{"mods":["Act Like it!","BaseMod","Better-Laid Plans","Chen","Emptier Cage","Gensokyo","Highlight Path","Koishi","Marisa£®ÏF”Í°°ƒß¿Ì…≥£©","Minty Spire (QoL Compilation)","Pale of the Ancients","Quick Restart","Reimu£®≤©¿ˆ¡È√Œ£©","Remilia£®¿Ÿ√◊¿Ú—«£©","Shop Mod","StSLib","The Administrix","The Servant 0.9.4","Yakumo Yukari mod","Youmu£®ªÍ∆«—˝√Œ£©","Yuyuko","ÛÙª÷∏ƒœ"],"gold_per_floor":[117,4,19,33,33,60,60,92,92,105,119,154,154,181,181,280,280,295,313,313,313,313,313,342,77,148,168,168,168],"floor_reached":28,"playtime":1525,"items_purged":["Defend_B"],"score":318,"play_id":"a1aa1245-16ac-4282-b021-ffed74b9ea6e","local_time":"20210104093304","is_ascension_mode":true,"campfire_choices":[{"data":"Dualcast","floor":7.0,"key":"SMITH"},{"data":"Heatsinks","floor":15.0,"key":"SMITH"},{"data":"Defragment","floor":23,"key":"SMITH"}],"circlet_count":0,"master_deck":["Strike_B","Strike_B","Defend_B","Defend_B","Defend_B","Zap","Undo","Heatsinks+1","Coolheaded","Chaos","Gensokyo:CrescentMoonSlash","Turbo","White Noise","White Noise","Static Discharge","Force Field","Fission","CurseOfTheBell","Conserve Battery+1","Redo+1","Defragment+1","Self Repair","Seek+1","True Grit+1","Gensokyo:BlemishedSteel","Gensokyo:RustyChest","Gensokyo:TarnishedGold","Hologram+1","Coolheaded+1"],"relics":["Cracked Core","NeowsBlessing","Prayer Wheel","Mummified Hand","White Beast Statue","Question Card","Bronze Scales","Calling Bell","Toxic Egg 2","Torii","Centennial Puzzle","Runic Capacitor"],"acts_visited":["Gensokyo:Gensokyo","Gensokyo:Gensokyoer"],"potions_floor_usage":[24,27,27,28],"damage_taken":[{"damage":0.0,"enemies":"Gensokyo:Python","floor":1.0,"turns":1.0},{"damage":0.0,"enemies":"Gensokyo:3_Fairies","floor":3.0,"turns":1.0},{"damage":0.0,"enemies":"Gensokyo:2_Kodama","floor":4.0,"turns":1.0},{"damage":21.0,"enemies":"Gensokyo:Cirno","floor":6.0,"turns":5.0},{"damage":2.0,"enemies":"Gensokyo:Mamizou","floor":8.0,"turns":8.0},{"damage":9.0,"enemies":"Gensokyo:CorruptedTreant","floor":10.0,"turns":5.0},{"damage":14.0,"enemies":"Gensokyo:2_Rabbits","floor":11.0,"turns":5.0},{"damage":10.0,"enemies":"Gensokyo:Cirno","floor":12.0,"turns":6.0},{"damage":6.0,"enemies":"Gensokyo:Aya","floor":14.0,"turns":4.0},{"damage":5.0,"enemies":"Gensokyo:Kokoro","floor":16.0,"turns":8.0},{"damage":15.0,"enemies":"Gensokyo:Chomper","floor":18.0,"turns":5.0},{"damage":6.0,"enemies":"Gensokyo:CosmicMonolith","floor":19.0,"turns":6.0},{"damage":1,"enemies":"Gensokyo:Koishi","floor":24,"turns":6},{"damage":44,"enemies":"Gensokyo:Chomper_and_Gloop","floor":27,"turns":6},{"damage":24,"enemies":"Gensokyo:Tenshi","floor":28,"turns":1}],"seed_played":"4735071808550780671","potions_obtained":[{"floor":1.0,"key":"Energy Potion"},{"floor":4.0,"key":"PowerPotion"},{"floor":10.0,"key":"Weak Potion"},{"floor":16.0,"key":"Strength Potion"},{"floor":24,"key":"SkillPotion"},{"floor":27,"key":"Regen Potion"}],"is_trial":false,"path_per_floor":["M","$","M","M","?","E","R","E","T","M","M","E","?","E","R","B",null,"M","M","?","?","?","R","E","COS","T","M","E"],"character_chosen":"DEFECT","items_purchased":["Heatsinks"],"campfire_rested":0,"item_purchase_floors":[2],"current_hp_per_floor":[75,75,75,75,64,43,43,41,41,32,18,8,31,25,25,20,61,46,40,40,40,40,40,46,46,46,9,0,0],"gold":168,"neow_bonus":"THREE_ENEMY_KILL","is_daily":false,"chose_seed":false,"campfire_upgraded":3,"win_rate":0.0,"timestamp":1609723984,"path_taken":["M","$","M","?","?","E","R","E","T","M","M","E","?","E","R","BOSS","M","M","?","?","?","R","E","COS","T","M","E"],"items_purchased_type":["Card"],"build_version":"2020-12-22","purchased_purges":1,"victory":false,"max_hp_per_floor":[75,75,75,75,75,75,75,75,75,75,75,75,75,75,75,75,75,75,75,75,75,75,75,75,75,75,75,75,75],"card_choices":[{"not_picked":["Hello World","Rebound"],"picked":"Undo","floor":1.0},{"not_picked":["Scrape","Heatsinks"],"picked":"Coolheaded","floor":3.0},{"not_picked":["Coolheaded","Genetic Algorithm"],"picked":"Chaos","floor":4.0},{"not_picked":["Coolheaded","Aggregate","Chill"],"picked":"SKIP","floor":6.0},{"not_picked":["Chill","Compile Driver"],"picked":"Turbo","floor":8.0},{"not_picked":["Chill","Rebound","Steam"],"picked":"SKIP","floor":10.0},{"not_picked":["Leap","Gash","FTL"],"picked":"SKIP","floor":10.0},{"not_picked":["Chill","Coolheaded"],"picked":"White Noise","floor":11.0},{"not_picked":["Static Discharge","Sweeping Beam"],"picked":"White Noise","floor":11.0},{"not_picked":["Scrape","Static Discharge","Streamline"],"picked":"SKIP","floor":12.0},{"not_picked":["Scrape","Streamline"],"picked":"Static Discharge","floor":12.0},{"not_picked":["Steam","Conserve Battery","Heatsinks"],"picked":"Force Field","floor":14.0},{"not_picked":["Meteor Strike","All For One","Thunder Strike"],"picked":"Fission","floor":16.0},{"not_picked":["Sweeping Beam","Lockon","Chaos+1"],"picked":"Conserve Battery+1","floor":18.0},{"not_picked":["Scrape+1","Gash","Genetic Algorithm+1"],"picked":"Redo+1","floor":18.0},{"not_picked":["Leap+1","All For One","Lockon"],"picked":"Defragment","floor":19.0},{"not_picked":["Coolheaded+1","Ball Lightning+1","Heatsinks"],"picked":"Self Repair","floor":19.0},{"not_picked":["FTL","Rebound","Leap+1","Barrage"],"picked":"SKIP","floor":24},{"not_picked":["Conserve Battery+1","Rebound","Leap+1"],"picked":"Hologram+1","floor":27},{"not_picked":["Conserve Battery+1","Redo+1","Stack+1"],"picked":"Coolheaded+1","floor":27}],"player_experience":1816212,"relics_obtained":[{"floor":6.0,"key":"Prayer Wheel"},{"floor":8.0,"key":"Mummified Hand"},{"floor":9.0,"key":"White Beast Statue"},{"floor":12.0,"key":"Question Card"},{"floor":14.0,"key":"Bronze Scales"},{"floor":17.0,"key":"Bag of Marbles"},{"floor":17.0,"key":"Toxic Egg 2"},{"floor":17.0,"key":"Torii"},{"floor":24,"key":"Centennial Puzzle"}],"event_choices":[],"is_beta":false,"boss_relics":[{"not_picked":["Velvet Choker","Ectoplasm"],"picked":"Calling Bell"}],"items_purged_floors":[2],"is_endless":false,"potions_floor_spawned":[1,4,10,11,12,14,16,18,19,24,27],"killed_by":"Gensokyo:Tenshi","ascension_level":5}}