{"host":"6wux4armhsntp4yb","time":1609766928,"event":{"mods":["BaseMod","Colored Map","DeckTracker","Minty Spire (QoL Compilation)","Relic Stats"],"gold_per_floor":[119,132,57,57,121,121,151,151,177,211,261,276,276,296,296,373,373,393,412,22,41,53,53,69,69,117,167,187,187,220,220,220],"floor_reached":31,"playtime":2007,"items_purged":["Strike_G"],"score":534,"play_id":"0e75a782-9316-41fe-a369-a305e3741ff0","local_time":"20210104222848","is_ascension_mode":true,"campfire_choices":[{"data":"Neutralize","floor":6.0,"key":"SMITH"},{"data":"Dash","floor":8.0,"key":"SMITH"},{"data":"Dash","floor":13.0,"key":"SMITH"},{"floor":15.0,"key":"REST"},{"data":"Calculated Gamble","floor":23.0,"key":"SMITH"},{"data":"Acrobatics","floor":25.0,"key":"SMITH"},{"floor":29,"key":"REST"}],"circlet_count":0,"master_deck":["AscendersBane","Strike_G","Strike_G","Strike_G","Strike_G","Defend_G","Defend_G","Defend_G","Defend_G","Defend_G","Survivor+1","Neutralize+1","Dash+1","Heel Hook","Dash+1","Sucker Punch","Escape Plan","Acrobatics+1","Leg Sweep","PiercingWail","Adrenaline+1","Predator","Calculated Gamble+1","Escape Plan","Footwork","Finisher+1"],"relics":["Ring of the Snake","NeowsBlessing","SsserpentHead","Akabeko","Omamori","Lantern","SacredBark","Shuriken","TwistedFunnel","War Paint","Blood Vial"],"acts_visited":["Exordium","TheCity"],"potions_floor_usage":[30],"damage_taken":[{"damage":0.0,"enemies":"2 Louse","floor":1.0,"turns":1.0},{"damage":0.0,"enemies":"Cultist","floor":2.0,"turns":1.0},{"damage":0.0,"enemies":"Jaw Worm","floor":5.0,"turns":1.0},{"damage":20.0,"enemies":"3 Sentries","floor":7.0,"turns":13.0},{"damage":18.0,"enemies":"Gremlin Nob","floor":10.0,"turns":5.0},{"damage":1.0,"enemies":"Red Slaver","floor":12.0,"turns":4.0},{"damage":3.0,"enemies":"Exordium Thugs","floor":14.0,"turns":7.0},{"damage":35.0,"enemies":"Slime Boss","floor":16.0,"turns":14.0},{"damage":8.0,"enemies":"Chosen","floor":18.0,"turns":10.0},{"damage":1.0,"enemies":"Shell Parasite","floor":19.0,"turns":7.0},{"damage":22.0,"enemies":"Sentry and Sphere","floor":21.0,"turns":10.0},{"damage":0.0,"enemies":"Centurion and Healer","floor":22.0,"turns":7.0},{"damage":0.0,"enemies":"Snecko","floor":24.0,"turns":4.0},{"damage":9,"enemies":"Snake Plant","floor":28,"turns":4},{"damage":18,"enemies":"Gremlin Leader","floor":30,"turns":8},{"damage":19,"enemies":"Sentry and Sphere","floor":31,"turns":5}],"seed_played":"4037670344128989419","potions_obtained":[{"floor":1.0,"key":"SteroidPotion"},{"floor":7.0,"key":"PowerPotion"},{"floor":18.0,"key":"Energy Potion"},{"floor":19.0,"key":"Strength Potion"},{"floor":30,"key":"BlessingOfTheForge"}],"is_trial":false,"path_per_floor":["M","M","$","?","M","R","E","R","T","E","?","M","R","M","R","B",null,"M","M","$","M","M","R","M","R","T","T","M","R","E","M"],"character_chosen":"THE_SILENT","items_purchased":["Shuriken","TwistedFunnel"],"campfire_rested":2,"item_purchase_floors":[20,20],"current_hp_per_floor":[59,59,59,59,59,59,39,39,39,21,21,20,20,17,36,1,50,42,41,41,19,19,19,19,19,19,19,10,29,11,0,0],"gold":220,"neow_bonus":"THREE_ENEMY_KILL","is_daily":false,"chose_seed":false,"campfire_upgraded":5,"win_rate":0.0,"timestamp":1609766928,"path_taken":["M","M","$","?","?","R","E","R","T","E","?","M","R","M","R","BOSS","M","M","?","M","M","R","M","R","T","?","M","R","E","M"],"items_purchased_type":["Relic","Relic"],"build_version":"2020-12-22","purchased_purges":1,"victory":false,"max_hp_per_floor":[66,66,66,66,66,66,66,66,66,66,66,66,66,66,66,66,66,66,66,66,66,66,66,66,66,66,66,66,66,66,66,66],"relic_stats":{"Blood Vial":2,"SsserpentHead":200,"counters":[16,101],"Shuriken":[18],"War Paint":["Survivor","Adrenaline"],"obtain_stats":[{"TwistedFunnel":20,"Blood Vial":30,"SsserpentHead":4,"Lantern":10,"NeowsBlessing":0,"Shuriken":20,"SacredBark":17,"Omamori":9,"War Paint":26,"Akabeko":7,"Ring of the Snake":0},{"TwistedFunnel":10,"Blood Vial":15,"SsserpentHead":2,"Lantern":5,"NeowsBlessing":0,"Shuriken":10,"SacredBark":8,"Omamori":4,"War Paint":13,"Akabeko":4,"Ring of the Snake":0},{"TwistedFunnel":63,"Blood Vial":96,"SsserpentHead":2,"Lantern":21,"NeowsBlessing":0,"Shuriken":63,"SacredBark":46,"Omamori":16,"War Paint":84,"Akabeko":16,"Ring of the Snake":0}],"Ring of the Snake":[32]},"card_choices":[{"not_picked":["Concentrate","Masterful Stab"],"picked":"Dash","floor":1.0},{"not_picked":["Poisoned Stab","Reflex"],"picked":"Heel Hook","floor":2.0},{"not_picked":["Caltrops","Flying Knee"],"picked":"Dash","floor":5.0},{"not_picked":["Quick Slash","Setup"],"picked":"Sucker Punch","floor":7.0},{"not_picked":["Deadly Poison","Bane"],"picked":"Escape Plan","floor":10.0},{"not_picked":["Escape Plan","Flying Knee"],"picked":"Leg Sweep","floor":12.0},{"not_picked":["Underhanded Strike","Dagger Throw"],"picked":"PiercingWail","floor":14.0},{"not_picked":["Burst","Venomology"],"picked":"Adrenaline","floor":16.0},{"not_picked":["Accuracy","Deflect","Sucker Punch+1"],"picked":"SKIP","floor":18.0},{"not_picked":["Skewer","Infinite Blades"],"picked":"Predator","floor":19.0},{"not_picked":["Endless Agony","Underhanded Strike"],"picked":"Calculated Gamble","floor":21.0},{"not_picked":["Poisoned Stab","Dagger Throw"],"picked":"Escape Plan","floor":22.0},{"not_picked":["Accuracy","Quick Slash","Slice"],"picked":"SKIP","floor":24.0},{"not_picked":["Poisoned Stab","Setup"],"picked":"Footwork","floor":28},{"not_picked":["Catalyst","Poisoned Stab"],"picked":"Finisher+1","floor":30}],"player_experience":5731952,"relics_obtained":[{"floor":7.0,"key":"Akabeko"},{"floor":9.0,"key":"Omamori"},{"floor":10.0,"key":"Lantern"},{"floor":26.0,"key":"War Paint"},{"floor":30,"key":"Blood Vial"}],"event_choices":[{"damage_healed":0.0,"max_hp_gain":0.0,"max_hp_loss":0.0,"gold_gain":0.0,"event_name":"FaceTrader","player_choice":"Trade","floor":4.0,"gold_loss":0.0,"damage_taken":0.0,"relics_obtained":["SsserpentHead"]},{"damage_healed":0.0,"max_hp_gain":0.0,"max_hp_loss":0.0,"gold_gain":0.0,"event_name":"Match and Keep!","player_choice":"1 cards matched","floor":11.0,"gold_loss":0.0,"damage_taken":0.0,"cards_obtained":["Acrobatics"]}],"is_beta":false,"boss_relics":[{"not_picked":["Velvet Choker","Snecko Eye"],"picked":"SacredBark"}],"items_purged_floors":[3],"is_endless":false,"potions_floor_spawned":[1,7,12,18,19,30],"killed_by":"Sentry and Sphere","ascension_level":20}}