{"host":"z9grmtg2w0nmz8n1","time":1609736947,"event":{"mods":["Aspiration","Bard","BaseMod","Beaked The Cultist","Better Altar","Better Match","Better Note","Better Sensory Stone","Better Skull","Better Third Choice","BetterRewards","CCEM","Colored Map","Conspire","Downfall","GifTheSpireLib","Googly Eyes","Halation","Hermit","Highlight Path","Hubris","Hunter ??","Jedi Mod","Jorbs\u0027s Wanderer Trilogy","Mad Scientist","Marisa????????","Minty Spire (QoL Compilation)","Permanent Neow","Replay The Spire","Shade Mod","Shop Mod","Spicy Shops","StSLib","Stuff the Spire","The Bug Knight","The Construct","The Necromancer","The Runesmith","The Witch"],"gold_per_floor":[116,116,135,149,74,90,90,123,123,139,173,173,205,216,216,318,318,331,344,344,344,364,364,390,406,406,436,218,251,2,2,2,2,2],"floor_reached":33,"playtime":1691,"items_purged":["Strike_G","Strike_G"],"score":331,"play_id":"7737e897-6bbf-4975-b89a-637ac7b3ec8b","local_time":"20210104030907","is_ascension_mode":true,"campfire_choices":[{"floor":7,"key":"RECALL"},{"floor":12,"key":"REST"},{"data":"Infinite Blades","floor":15,"key":"SMITH"},{"data":"jedi:collectorvenom","floor":23,"key":"SMITH"},{"floor":32,"key":"REST"}],"circlet_count":0,"master_deck":["Strike_G","Strike_G","Strike_G","Defend_G","Defend_G","Defend_G+1","Defend_G","Defend_G+1","Survivor","Neutralize","Dagger Throw+1","Infinite Blades+1","jedi:collectorvenom+1","jedi:studypoison+1","jedi:pocketpoison","StuffTheSpire:Harmony","hubris:Insight"],"relics":["Ring of the Snake","Boot","aspiration:SneckoTail","PreservedInsect","jedi:cryingmask","construct:WeddingRing","War Paint","Blue Candle","aspiration:Stabinomicon","Blue Doll","ReplayTheSpireMod:TigerMarble"],"acts_visited":["Exordium","TheCity"],"potions_floor_usage":[8,8,11,29,29,33],"damage_taken":[{"damage":0,"enemies":"Jaw Worm","floor":1,"turns":4},{"damage":0,"enemies":"Cultist","floor":3,"turns":4},{"damage":0,"enemies":"Small Slimes","floor":4,"turns":3},{"damage":0,"enemies":"3 Louse","floor":6,"turns":4},{"damage":4,"enemies":"conspire:MimicChest","floor":8,"turns":4},{"damage":0,"enemies":"2 Fungi Beasts","floor":10,"turns":3},{"damage":20,"enemies":"Lagavulin","floor":11,"turns":7},{"damage":6,"enemies":"3 Sentries","floor":13,"turns":6},{"damage":2,"enemies":"Looter","floor":14,"turns":3},{"damage":56,"enemies":"Fading Forest","floor":16,"turns":11},{"damage":0,"enemies":"3 Byrds","floor":18,"turns":4},{"damage":0,"enemies":"Spheric Guardian","floor":19,"turns":3},{"damage":0,"enemies":"Snecko","floor":22,"turns":4},{"damage":20,"enemies":"Gremlin Leader","floor":24,"turns":4},{"damage":2,"enemies":"Chosen and Byrds","floor":25,"turns":5},{"damage":13,"enemies":"Book of Stabbing","floor":27,"turns":5},{"damage":12,"enemies":"Slavers","floor":29,"turns":3},{"damage":53,"enemies":"Automaton","floor":33,"turns":6}],"seed_played":"-7894282400208631933","potions_obtained":[{"floor":1,"key":"Cursed Concoction"},{"floor":4,"key":"LiquidMemories"},{"floor":6,"key":"champ:CounterPotion"},{"floor":8,"key":"Elixir"},{"floor":14,"key":"FearPotion"},{"floor":19,"key":"Energy Potion"},{"floor":25,"key":"BlessingOfTheForge"},{"floor":29,"key":"jedi:tentaclejuice"}],"is_trial":false,"path_per_floor":["M","?","M","M","$","M","R","?","T","M","E","R","E","M","R","B",null,"M","M","?","?","M","R","E","M","T","E","?","E","$","?","R","B"],"character_chosen":"THE_SILENT","items_purchased":["ReplayTheSpireMod:TigerMarble"],"campfire_rested":2,"item_purchase_floors":[30],"current_hp_per_floor":[70,70,70,70,70,70,70,66,66,66,46,67,61,59,59,13,70,70,70,70,70,70,70,50,48,48,35,35,26,26,26,47,0,0],"gold":2,"neow_bonus":"RANDOM_COMMON_RELIC","is_daily":false,"chose_seed":false,"campfire_upgraded":2,"win_rate":0.0,"timestamp":1609736947,"path_taken":["M","?","M","?","$","M","R","?","T","M","E","R","E","M","R","BOSS","M","M","?","?","?","R","E","M","T","E","?","E","$","?","R","BOSS"],"items_purchased_type":["Relic"],"build_version":"2020-12-22","purchased_purges":2,"victory":false,"max_hp_per_floor":[70,70,70,70,70,70,70,70,70,70,70,70,70,70,70,70,70,70,70,70,70,70,70,70,70,70,70,70,70,70,70,70,70,70],"card_choices":[{"not_picked":["hubris:Counter","StuffTheSpire:ClusterCrunch"],"picked":"Dagger Throw","floor":1},{"not_picked":["Acrobatics","Prepared"],"picked":"Infinite Blades","floor":3},{"not_picked":["ReplayTheSpireMod:Speed Training","Crippling Poison"],"picked":"jedi:collectorvenom","floor":4},{"not_picked":["jedi:pocketpoison","jedi:collectorvenom"],"picked":"jedi:collectorvenom","floor":6},{"not_picked":["Prepared","Slice","conspire:PoisonWeapons"],"picked":"SKIP","floor":10},{"not_picked":["Reflex","Hidden Blade"],"picked":"jedi:studypoison","floor":11},{"not_picked":["Night Terror","Quick Slash","Blade Dance"],"picked":"SKIP","floor":13},{"not_picked":["Hidden Blade","Quick Slash","Cloak And Dagger"],"picked":"SKIP","floor":14},{"not_picked":["jedi:brewingpoison","After Image"],"picked":"jedi:collectorvenom","floor":16},{"not_picked":["hubris:TrickCloak","Deflect+1"],"picked":"jedi:pocketpoison","floor":18},{"not_picked":["Quick Slash","StuffTheSpire:Shiver"],"picked":"jedi:collectorvenom","floor":19},{"not_picked":["Flying Knee","Slice"],"picked":"jedi:collectorvenom","floor":22},{"not_picked":["Catalyst","Dagger Throw"],"picked":"jedi:collectorvenom+1","floor":24},{"not_picked":["Dodge and Roll","Outmaneuver"],"picked":"jedi:collectorvenom+1","floor":25},{"not_picked":["Blade Dance+1","jedi:pocketpoison+1"],"picked":"jedi:collectorvenom+1","floor":27},{"not_picked":["Prepared","Storm of Steel"],"picked":"jedi:collectorvenom+1","floor":29},{"not_picked":["Purity","Violence"],"picked":"hubris:Insight","floor":31}],"player_experience":771528,"relics_obtained":[{"floor":8,"key":"aspiration:SneckoTail"},{"floor":11,"key":"PreservedInsect"},{"floor":13,"key":"jedi:cryingmask"},{"floor":24,"key":"War Paint"},{"floor":26,"key":"Blue Candle"},{"floor":27,"key":"aspiration:Stabinomicon"},{"floor":29,"key":"Blue Doll"}],"event_choices":[{"damage_healed":0,"gold_gain":0,"player_choice":"Upgraded","damage_taken":0,"max_hp_gain":0,"max_hp_loss":0,"event_name":"Upgrade Shrine","floor":2,"gold_loss":0,"cards_upgraded":["Dagger Throw"]},{"cards_removed":["Strike_G"],"damage_healed":0,"gold_gain":0,"player_choice":"Give","damage_taken":0,"max_hp_gain":0,"max_hp_loss":0,"event_name":"betterNote:BetterNote","floor":20,"gold_loss":0,"cards_obtained":["Strike_B"]},{"damage_healed":0,"gold_gain":0,"player_choice":"Upgraded","damage_taken":0,"max_hp_gain":0,"max_hp_loss":0,"event_name":"Upgrade Shrine","floor":21,"gold_loss":0,"cards_upgraded":["jedi:studypoison"]},{"damage_healed":0,"gold_gain":2,"player_choice":"1","damage_taken":0,"max_hp_gain":0,"max_hp_loss":0,"event_name":"betterStone:BetterStone","floor":31,"gold_loss":0}],"is_beta":false,"boss_relics":[{"not_picked":["aspiration:RitualDagger","halation:PlatinumPhoenix"],"picked":"construct:WeddingRing"}],"items_purged_floors":[5,30],"is_endless":false,"potions_floor_spawned":[1,4,6,8,14,19,25,27,29],"killed_by":"Automaton","ascension_level":1}}