{"host":"wm071zykm6h74uqk","time":1609788199,"event":{"mods":["AchievementEnabler","Aspiration","BaseMod","Better Silent Start","Better Third Choice","BetterRewards","Colored Powertips","Custom Start","Defuse TimeMaze Blight","Gold Saver","Humility","Hyrulean Relics","Infinite Spire","Minty Spire (QoL Compilation)","Quick Restart","Spicy Shops","StSLib","Wandering Minibosses"],"gold_per_floor":[112,112,37,51,62,62,62,77,124,122,122,3,19,14,14,4,4],"floor_reached":16,"playtime":410,"items_purged":["Survivor+1"],"score":188,"play_id":"22ec441c-b726-4f98-b3d9-4ed90c01d402","local_time":"20210104202319","daily_mods":["Vintage","Red Cards","Green Cards","Blue Cards","Colorless Cards","Time Dilation","Flight","DeadlyEvents","Elite Swarm"],"is_ascension_mode":true,"campfire_choices":[{"floor":6,"key":"REST"},{"data":"Neutralize","floor":7,"key":"SMITH"},{"floor":11,"key":"REST"},{"floor":15,"key":"REST"}],"circlet_count":0,"master_deck":["AscendersBane","Strike_G","Strike_G","Strike_G","Strike_G+1","Defend_G","Defend_G","Defend_G","Defend_G","Neutralize+1"],"relics":["Ring of the Snake","Happy Flower","Mummified Hand","Lantern","zeldaRelics:CouragePiece","Boot","Unceasing Top","PreservedInsect","aspiration:TomeofQuesting"],"acts_visited":["Exordium"],"potions_floor_usage":[5,8,14],"damage_taken":[{"damage":4,"enemies":"Small Slimes","floor":1,"turns":5},{"damage":1,"enemies":"2 Louse","floor":4,"turns":3},{"damage":0,"enemies":"Cultist","floor":5,"turns":4},{"damage":3,"enemies":"Looter","floor":8,"turns":3},{"damage":9,"enemies":"Blue Slaver","floor":10,"turns":6},{"damage":6,"enemies":"3 Louse","floor":13,"turns":3},{"damage":40,"enemies":"Exordium Thugs","floor":14,"turns":7},{"damage":50,"enemies":"Slime Boss","floor":16,"turns":7}],"seed_played":"6359339435160967501","potions_obtained":[{"floor":4,"key":"SkillPotion"},{"floor":5,"key":"AttackPotion"},{"floor":10,"key":"Fire Potion"}],"is_trial":true,"path_per_floor":["M","?","$","M","M","R","R","M","T","M","R","$","M","M","R","B"],"character_chosen":"THE_SILENT","items_purchased":["Unceasing Top"],"campfire_rested":3,"item_purchase_floors":[12],"current_hp_per_floor":[55,35,35,34,34,53,53,50,50,41,60,60,54,14,33,0,0],"gold":4,"neow_bonus":"","is_daily":false,"chose_seed":false,"campfire_upgraded":1,"win_rate":0.0,"timestamp":1609788199,"path_taken":["M","?","$","M","M","R","R","M","T","M","R","$","M","M","R","BOSS"],"items_purchased_type":["Relic"],"build_version":"2020-12-22","purchased_purges":1,"victory":false,"max_hp_per_floor":[66,66,66,66,66,66,66,66,66,66,66,66,66,66,66,66,66],"card_choices":[],"player_experience":691373,"relics_obtained":[{"floor":1,"key":"Happy Flower"},{"floor":5,"key":"Mummified Hand"},{"floor":8,"key":"Lantern"},{"floor":9,"key":"zeldaRelics:CouragePiece"},{"floor":10,"key":"Boot"},{"floor":13,"key":"PreservedInsect"},{"floor":14,"key":"aspiration:TomeofQuesting"}],"event_choices":[{"damage_healed":55,"gold_gain":0,"player_choice":"Upgrade","damage_taken":20,"max_hp_gain":0,"max_hp_loss":66,"event_name":"betterThird:BetterShining","floor":2,"gold_loss":0,"cards_upgraded":["Strike_G","Survivor"]}],"is_beta":false,"boss_relics":[],"items_purged_floors":[3],"is_endless":false,"potions_floor_spawned":[4,5,10],"killed_by":"Slime Boss","ascension_level":20}}