{"host":"27tk4xseidcli2mr","time":1609783222,"event":{"mods":["2.2 Compatiblity","AchievementEnabler","Aspiration","BaseMod","Better Third Choice","Conspire","Custom Start","Downfall","Hubris","Infinite Spire","Jorbs\u0027s Wanderer Trilogy","Minty Spire (QoL Compilation)","Replay The Spire","StSLib","SuperFastMode","[IsaacMod]????"],"gold_per_floor":[116,135,135,135,154,154,79,110,180,194,194,194,194],"floor_reached":12,"playtime":336,"items_purged":[],"score":156,"play_id":"a6889b02-98af-4edb-9af7-2c1f09d926f1","local_time":"20210104190022","is_ascension_mode":true,"campfire_choices":[{"data":"Pulse","floor":6.0,"key":"SMITH"},{"floor":11.0,"key":"REST"}],"circlet_count":0,"master_deck":["AscendersBane","Strike_B","Defend_B","Defend_B","Defend_B","Defend_B","Zap","Dualcast","Pulse+1","Capacitor","Hologram","Turbo"],"relics":["Cracked Core","HushsDoor","aspiration:Nostalgia","infinitespire:DarkRift","GuppysTail","MealTicket"],"acts_visited":["Exordium"],"potions_floor_usage":[],"damage_taken":[{"damage":5.0,"enemies":"Small Slimes","floor":1.0,"turns":2.0},{"damage":9.0,"enemies":"Jaw Worm","floor":2.0,"turns":3.0},{"damage":0.0,"enemies":"Cultist","floor":5.0,"turns":3.0},{"damage":30.0,"enemies":"Lagavulin","floor":8.0,"turns":7.0},{"damage":7.0,"enemies":"Looter","floor":10.0,"turns":4.0},{"damage":62,"enemies":"3 Sentries","floor":12,"turns":6}],"seed_played":"-7052193384696202075","potions_obtained":[{"floor":2.0,"key":"champ:CounterPotion"},{"floor":5.0,"key":"PotionOfCapacity"},{"floor":8.0,"key":"GamblersBrew"}],"is_trial":false,"path_per_floor":["M","M","?","?","M","R","?","E","T","M","R","E"],"character_chosen":"DEFECT","items_purchased":[],"campfire_rested":1,"item_purchase_floors":[],"current_hp_per_floor":[59,50,50,50,50,50,50,30,30,33,54,0,0],"gold":194,"neow_bonus":"NOSTALGIA","is_daily":false,"chose_seed":false,"campfire_upgraded":1,"win_rate":0.0,"timestamp":1609783222,"path_taken":["M","M","?","?","M","R","?","E","T","M","R","E"],"items_purchased_type":[],"build_version":"2020-12-22","purchased_purges":0,"victory":false,"max_hp_per_floor":[71,71,71,71,71,71,71,71,71,71,71,71,71],"card_choices":[{"not_picked":["BasicCrystalCard","Darkness"],"picked":"Pulse","floor":1.0},{"not_picked":["Compile Driver","ReplayTheSpireMod:Dual Polarity"],"picked":"Capacitor","floor":2.0},{"not_picked":["hubris:PowerSurge","Steam"],"picked":"Hologram","floor":5.0},{"not_picked":["Beam Cell","Aggregate"],"picked":"Turbo","floor":8.0},{"not_picked":["Panic Button","Go for the Eyes","Beam Cell"],"picked":"SKIP","floor":10.0}],"player_experience":1265200,"relics_obtained":[{"floor":8.0,"key":"MealTicket"}],"event_choices":[{"cards_removed":["Strike_B"],"damage_healed":0.0,"max_hp_gain":0.0,"max_hp_loss":0.0,"gold_gain":0.0,"event_name":"Living Wall","player_choice":"Forget","floor":3.0,"gold_loss":0.0,"damage_taken":0.0},{"cards_removed":["Strike_B"],"damage_healed":0.0,"max_hp_gain":0.0,"max_hp_loss":0.0,"gold_gain":0.0,"event_name":"Purifier","player_choice":"Purged","floor":4.0,"gold_loss":0.0,"damage_taken":0.0},{"cards_removed":["Strike_B"],"damage_healed":0.0,"max_hp_gain":0.0,"max_hp_loss":0.0,"gold_gain":0.0,"event_name":"The Cleric","player_choice":"Card Removal","floor":7.0,"gold_loss":75.0,"damage_taken":0.0}],"is_beta":false,"boss_relics":[],"items_purged_floors":[],"is_endless":false,"potions_floor_spawned":[2,5,8],"killed_by":"3 Sentries","ascension_level":20}}