{"host":"18wi9kpcl4eah7pe","time":1609769204,"event":{"mods":["BaseMod","Colored Powertips","Downfall","Minty Spire (QoL Compilation)","StSLib"],"gold_per_floor":[99,113,124,139,589,261,261,274,274,290,316,316,166,176,193,295,295,295,280,280,290,300,335,335,335,134,134,134,134],"floor_reached":27,"playtime":1376,"items_purged":["Slimebound:Icky"],"score":258,"play_id":"04801f1f-2aa1-438f-86c9-83e48212ec2e","local_time":"20210104080644","is_ascension_mode":false,"campfire_choices":[{"floor":1.0,"key":"RECALL"},{"floor":13.0,"key":"REST"},{"data":"hexamod:Float","floor":18,"key":"SMITH"}],"circlet_count":0,"master_deck":["hexamod:Strike","hexamod:Strike","hexamod:Strike","hexamod:Strike","hexamod:Defend","hexamod:Defend","hexamod:Defend","hexamod:Defend","hexamod:Sear","hexamod:Float+1","hexamod:HauntingEcho","hexamod:CatchUp","hexamod:ThermalTransfer","hexamod:GhostLash","hexamod:SpectersWail","hexamod:Hexaguard","hexamod:GiftsFromTheDead","hexamod:GhostOfSpirePresent","hexamod:AdvancingGuard","hexamod:ChargedBarrage","hexamod:UnleashSpirits","hexamod:SoulSteal","RitualDagger+1","hexamod:PhantomCloak","hexamod:SwordOfDarkness+1","hexamod:ExtraCrispy","hexamod:NightmareGuise+1","hexamod:FourthSeal"],"relics":["hexamod:SpiritBrand","Gremlin Horn","Pear","Dream Catcher","downfall:HeartBlessingRed","downfall:HeartBlessingGreen","Empty Cage","Pocketwatch","Nilry\u0027s Codex","Medical Kit"],"acts_visited":["Exordium","TheCity"],"potions_floor_usage":[19,23,23,27],"damage_taken":[{"damage":3.0,"enemies":"2 Louse","floor":2.0,"turns":4.0},{"damage":0.0,"enemies":"Jaw Worm","floor":3.0,"turns":3.0},{"damage":0.0,"enemies":"Small Slimes","floor":4.0,"turns":3.0},{"damage":0.0,"enemies":"downfall:FleeingMerchant","floor":6.0,"turns":4.0},{"damage":3.0,"enemies":"Exordium Wildlife","floor":8.0,"turns":4.0},{"damage":0.0,"enemies":"Lots of Slimes","floor":10.0,"turns":2.0},{"damage":28.0,"enemies":"Gremlin Nob","floor":11.0,"turns":5.0},{"damage":3.0,"enemies":"2 Fungi Beasts","floor":14.0,"turns":3.0},{"damage":0,"enemies":"Gremlin Gang","floor":15,"turns":4},{"damage":32,"enemies":"downfall:Silent","floor":16,"turns":9},{"damage":3,"enemies":"downfall:FleeingMerchant","floor":19,"turns":4},{"damage":0,"enemies":"Chosen","floor":21,"turns":3},{"damage":4,"enemies":"Shell Parasite","floor":22,"turns":7},{"damage":58,"enemies":"Book of Stabbing","floor":23,"turns":7},{"damage":0,"enemies":"downfall:FleeingMerchant","floor":26,"turns":4},{"damage":12,"enemies":"Shelled Parasite and Fungi","floor":27,"turns":1}],"seed_played":"3653001612711534187","potions_obtained":[{"floor":3.0,"key":"Regen Potion"},{"floor":8.0,"key":"Fire Potion"},{"floor":11.0,"key":"Fire Potion"},{"floor":14.0,"key":"Swift Potion"},{"floor":16,"key":"SkillPotion"},{"floor":20,"key":"CultistPotion"}],"is_trial":false,"path_per_floor":["R","M","M","M","?","$","T","M","?","M","E","?","R","M","M","B",null,"R","$","?","M","M","E","T","?","$","M"],"character_chosen":"THE_SPIRIT","items_purchased":["Gremlin Horn","hexamod:FourthSeal","Medical Kit"],"campfire_rested":1,"item_purchase_floors":[6,26,26],"current_hp_per_floor":[77,74,74,74,74,74,84,81,86,86,70,70,92,89,89,57,92,92,89,89,89,85,27,27,11,11,0,0,0],"gold":134,"neow_bonus":"TEN_PERCENT_HP_BONUS","is_daily":false,"chose_seed":false,"campfire_upgraded":1,"win_rate":0.0,"timestamp":1609769204,"path_taken":["R","M","M","M","?","$","T","M","?","?","E","?","R","M","M","BOSS","R","$","?","M","M","E","T","?","?","M"],"items_purchased_type":["Relic","Card","Relic"],"build_version":"2020-12-22","purchased_purges":1,"victory":false,"max_hp_per_floor":[77,77,77,77,77,77,87,87,92,92,92,92,92,92,92,92,92,92,92,92,92,92,92,92,92,92,92,92,92],"card_choices":[{"not_picked":["hexamod:GhostShield","hexamod:NightmareGuise"],"picked":"hexamod:HauntingEcho","floor":2.0},{"not_picked":["hexamod:HauntingEcho","hexamod:BurningTouch"],"picked":"hexamod:CatchUp","floor":3.0},{"not_picked":["hexamod:CatchUp","hexamod:SpectralSpark"],"picked":"hexamod:ThermalTransfer","floor":4.0},{"not_picked":["hexamod:HauntingEcho","hexamod:GhostShield"],"picked":"hexamod:GhostLash","floor":6.0},{"not_picked":["hexamod:HeatShield","hexamod:SuperheatedStrike"],"picked":"hexamod:SpectersWail","floor":8.0},{"not_picked":["hexamod:ChargedBarrage","hexamod:FastForward"],"picked":"hexamod:Hexaguard","floor":10.0},{"not_picked":["hexamod:GhostLash","hexamod:NecessarySacrifice"],"picked":"hexamod:GiftsFromTheDead","floor":11.0},{"not_picked":["hexamod:RainOfEmbers","hexamod:Firestarter"],"picked":"hexamod:GhostOfSpirePresent","floor":13.0},{"not_picked":["hexamod:InspiringFlames","hexamod:SwordOfDarkness"],"picked":"hexamod:AdvancingGuard","floor":14.0},{"not_picked":["hexamod:HauntingEcho","hexamod:Firestarter"],"picked":"hexamod:ChargedBarrage","floor":15},{"not_picked":["hexamod:UnlimitedPower","hexamod:TurnItUp"],"picked":"hexamod:UnleashSpirits","floor":16},{"not_picked":["hexamod:GhostShield+1","hexamod:PhantomFireball"],"picked":"hexamod:SoulSteal","floor":19},{"not_picked":["hexamod:Incineration","hexamod:ThermalTransfer"],"picked":"hexamod:PhantomCloak","floor":21},{"not_picked":["hexamod:GhostOfSpirePast","hexamod:RainOfEmbers+1"],"picked":"hexamod:SwordOfDarkness+1","floor":22},{"not_picked":["hexamod:ThermalTransfer","hexamod:BurningTouch"],"picked":"hexamod:ExtraCrispy","floor":23},{"not_picked":["hexamod:SwordOfDarkness+1","hexamod:PhantomCloak+1"],"picked":"hexamod:NightmareGuise+1","floor":26}],"player_experience":868749,"relics_obtained":[{"floor":7.0,"key":"Pear"},{"floor":11.0,"key":"Dream Catcher"},{"floor":23,"key":"Pocketwatch"},{"floor":25,"key":"Nilry\u0027s Codex"}],"event_choices":[{"damage_healed":0.0,"max_hp_gain":5.0,"max_hp_loss":0.0,"gold_gain":0.0,"event_name":"Big Fish","player_choice":"Donut","floor":9.0,"gold_loss":0.0,"damage_taken":0.0}],"is_beta":false,"boss_relics":[{"not_picked":["Astrolabe","Snecko Eye"],"picked":"Empty Cage"}],"items_purged_floors":[6],"is_endless":false,"potions_floor_spawned":[3,8,11,14,16,21,22],"killed_by":"Shelled Parasite and Fungi","ascension_level":0}}