{"host":"g1wmg2w41xhsnw8g","time":1609737177,"event":{"mods":["100% Spire Juice","2.2 Compatiblity","Act Like it!","BaseMod","Better Altar","Better Match","Better Note","Better Sensory Stone","Better Skull","Better Third Choice","BetterRewards","Booster Modes","CapriCore","Colored Map","Colored Powertips","Curses Come First","Defuse TimeMaze Blight","Displayed Cursed Tome","Evolution","Friendly Minions","GifTheSpireLib","Googly Eyes","Hermit","Infinite Spire","Jedi Mod","JesterMod","Minty Spire (QoL Compilation)","Red Circlet Mod","Relic Sorter","SCP261 Mod","Shop Mod","Spicy Shops","StSLib","The Sage","Transform Curses","Wandering Minibosses","????"],"gold_per_floor":[113,0,51,69,64,88,103,122,122,13,36,36,58,58,58,153,33,21,30,48,60,71,56,56],"floor_reached":23,"playtime":1764,"items_purged":["Moonworks:Defend"],"score":255,"play_id":"f18cccf6-b23a-4f70-8a3d-8062bdafe256","local_time":"20210104001256","is_ascension_mode":false,"campfire_choices":[{"data":"Moonworks:SakisCookie","floor":12,"key":"SMITH"},{"data":"Moonworks:RedAndBlue","floor":15,"key":"SMITH"}],"circlet_count":0,"master_deck":["Moonworks:Strike","Moonworks:Strike","Moonworks:Strike","Moonworks:Strike","Moonworks:Defend","Moonworks:Defend","Moonworks:Defend","Moonworks:Ambush","Moonworks:LongDistanceShot","Moonworks:RedAndBlue+1","Enlightenment","Moonworks:EvilSpyWorkPreparation","Moonworks:Poppoformation","Moonworks:CloudOfSeagulls","Moonworks:SakisCookie+1","Moonworks:LulusLuckyEgg","Moonworks:TacticalRetreat","Moonworks:OutOfAmmo+1","Moonworks:Dash","infinitespire:Gouge","Moonworks:Heat300Percent","Moonworks:Flamethrower","Moonworks:SealedMemories"],"relics":["Moonworks:BrokenBomb","Moonworks:Homemark","EVO:Axolotl","Blood Vial","Toy Ornithopter","jesterMod:MirrorMask","sagemod:Creepy_Carousel","MerchantsRug","Vajra","Frozen Egg 2","jedi:archwizardhat","CeramicFish","Lee\u0027s Waffle","Philosopher\u0027s Stone","Strawberry","Coffee Dripper"],"acts_visited":["Exordium","TheCity"],"potions_floor_usage":[6,6,16,20,20,21,23],"damage_taken":[{"damage":0,"enemies":"2 Louse","floor":1,"turns":2},{"damage":11,"enemies":"Jaw Worm","floor":4,"turns":2},{"damage":0,"enemies":"Cultist","floor":5,"turns":5},{"damage":42,"enemies":"3 Sentries","floor":6,"turns":5},{"damage":10,"enemies":"3 Louse","floor":7,"turns":3},{"damage":28,"enemies":"Lagavulin","floor":8,"turns":6},{"damage":16,"enemies":"Lots of Slimes","floor":11,"turns":2},{"damage":1,"enemies":"Looter","floor":13,"turns":3},{"damage":61,"enemies":"Hexaghost","floor":16,"turns":11},{"damage":12,"enemies":"Chosen","floor":18,"turns":7},{"damage":0,"enemies":"Shell Parasite","floor":20,"turns":3},{"damage":14,"enemies":"Centurion and Healer","floor":21,"turns":5},{"damage":14,"enemies":"Shelled Parasite and Fungi","floor":22,"turns":3},{"damage":86,"enemies":"Gremlin Leader","floor":23,"turns":6}],"seed_played":"241537213157764819","potions_obtained":[{"floor":4,"key":"SCP261:AppleJuicePotion"},{"floor":5,"key":"jedi:StrikingPotion"},{"floor":8,"key":"jedi:mysterypotion"},{"floor":11,"key":"Fire Potion"},{"floor":18,"key":"EntropicBrew"},{"floor":20,"key":"Ancient Potion"}],"is_trial":false,"path_per_floor":["M","?","T","M","M","E","M","E","T","$","M","R","M","$","R","B",null,"M","AVR","M","M","M","E"],"character_chosen":"THE_STARBREAKER","items_purchased":["Blood Vial","Toy Ornithopter","jesterMod:MirrorMask","sagemod:Creepy_Carousel","MerchantsRug","Lee\u0027s Waffle"],"campfire_rested":0,"item_purchase_floors":[0,0,0,0,0,10],"current_hp_per_floor":[60,66,66,55,57,39,31,5,5,85,69,69,74,74,74,24,85,79,86,92,78,72,0,0],"gold":56,"neow_bonus":"","is_daily":false,"chose_seed":false,"campfire_upgraded":2,"win_rate":0.0,"timestamp":1609737176,"path_taken":["M","?","?","M","M","E","M","E","T","?","M","R","M","?","R","BOSS","M","AVR","M","M","M","E"],"items_purchased_type":["Relic","Relic","Relic","Relic","Relic","Relic"],"build_version":"2020-12-22","purchased_purges":1,"victory":false,"max_hp_per_floor":[60,66,66,66,66,78,78,78,78,85,85,85,85,85,85,85,85,85,92,92,92,92,92,92],"card_choices":[{"not_picked":["Moonworks:JonathanRush","Moonworks:DeployBits"],"picked":"Moonworks:RedAndBlue","floor":1},{"not_picked":["Moonworks:NicePresent","Moonworks:CloudOfSeagulls"],"picked":"Moonworks:EvilSpyWorkPreparation","floor":4},{"not_picked":["Moonworks:MixPhenomenon","Moonworks:BigMagnum"],"picked":"Moonworks:Poppoformation","floor":5},{"not_picked":["Moonworks:LulusLuckyEgg","Moonworks:MiracleRedBeanIceCream"],"picked":"Moonworks:CloudOfSeagulls","floor":6},{"not_picked":["Moonworks:CloudOfSeagulls","Moonworks:WindyEnchantment","Moonworks:UnluckyCharm"],"picked":"SKIP","floor":7},{"not_picked":["Moonworks:EvilSpyWorkPreparation","Moonworks:ReflectiveShell+1"],"picked":"Moonworks:SakisCookie","floor":8},{"not_picked":["Moonworks:DeployBits","Moonworks:CloudOfSeagulls"],"picked":"Moonworks:LulusLuckyEgg","floor":11},{"not_picked":["Moonworks:LulusLuckyEgg","Moonworks:ForcedRevival"],"picked":"Moonworks:TacticalRetreat","floor":13},{"not_picked":["Moonworks:Blazing+1","Moonworks:PlushieMaster"],"picked":"Moonworks:OutOfAmmo+1","floor":16},{"not_picked":["Moonworks:ForcedRevival","Moonworks:MiracleWalker+1"],"picked":"Moonworks:Dash","floor":18},{"not_picked":["Moonworks:AngelHand","Moonworks:NicePresent+1"],"picked":"Moonworks:Heat300Percent","floor":20},{"not_picked":["Moonworks:JonathanRush","Moonworks:NicePresent"],"picked":"Moonworks:Flamethrower","floor":21},{"not_picked":["Moonworks:Assault","Moonworks:NicePresent+1"],"picked":"Moonworks:SealedMemories","floor":22}],"player_experience":936926,"relics_obtained":[{"floor":3,"key":"Vajra"},{"floor":6,"key":"Frozen Egg 2"},{"floor":8,"key":"jedi:archwizardhat"},{"floor":9,"key":"CeramicFish"}],"event_choices":[{"damage_healed":0,"gold_gain":0,"player_choice":"RENOUNCE","damage_taken":113,"max_hp_gain":0,"max_hp_loss":0,"event_name":"betterThird:BetterSerpent","floor":2,"gold_loss":113,"cards_obtained":["Enlightenment"]}],"is_beta":false,"boss_relics":[{"not_picked":["Busted Crown","Ectoplasm"],"picked":"Philosopher\u0027s Stone"}],"items_purged_floors":[0],"is_endless":false,"potions_floor_spawned":[4,5,8,11,18,20],"killed_by":"Gremlin Leader","ascension_level":0}}