{"host":"wonp23fsqqcu31ie","time":1609724218,"event":{"mods":["2.2 Compatiblity","AchievementEnabler","Aspiration","BaseMod","Bestiary","Better Altar","Better Match","Better Sensory Stone","Better Skull","Better Third Choice","BetterRewards","Block Reminder","Colored Map","Colored Powertips","Conspire","Curses Come First","DeckTracker","Displayed Cursed Tome","Downfall","Hermit","Highlight Path","Hubris","Marisa????????","Minty Spire (QoL Compilation)","Permanent Neow","Quick Restart","Rare Cards Sparkle","Relic Stats","Replay The Spire","Robot Space Explorer","Shade Mod","Shop Mod","StSLib","SuperFastMode","The Animator","The Cursed","The Gatherer","The Marked","The Necromancer","The Runesmith","The Servant 0.9.4"],"gold_per_floor":[110,21,21,39,39,64,81,81,81,98,110,110,129,147,147,249,249,261,46,66,66,78,113,113,146,146,146,146,156,166,91,91,191,191,202,202,222,222,222],"floor_reached":40,"playtime":1464,"items_purged":[],"score":608,"play_id":"e8c45860-26c8-4de2-8ef8-139be09cbe63","local_time":"20210104123658","is_ascension_mode":false,"campfire_choices":[{"floor":15,"key":"REST"},{"floor":24,"key":"RECALL"},{"data":"RobotSpaceExplorer:TrailblazerForm","floor":27,"key":"SMITH"}],"circlet_count":0,"master_deck":["RobotSpaceExplorer:Strike","RobotSpaceExplorer:Strike","RobotSpaceExplorer:Defend","RobotSpaceExplorer:Defend","RobotSpaceExplorer:Defend","RobotSpaceExplorer:Defend","RobotSpaceExplorer:Scan","RobotSpaceExplorer:MiniLasers","RobotSpaceExplorer:MiniBoosters","RobotSpaceExplorer:MiniDrones","RobotSpaceExplorer:ShockKick+1","Poisoned Strike","RobotSpaceExplorer:ScrapMissile","RobotSpaceExplorer:GlueShot+1","RobotSpaceExplorer:ShovelStrike","RobotSpaceExplorer:StunGrenade","RobotSpaceExplorer:PlasmaMissile","RobotSpaceExplorer:ScrapMissile","RobotSpaceExplorer:SurgingStrike","RobotSpaceExplorer:TrailblazerForm+1","RobotSpaceExplorer:SurgingShield","RobotSpaceExplorer:MiniBoosters+1","expansioncontent:GuardianWhirl","RobotSpaceExplorer:Fix","RobotSpaceExplorer:GearShield+1","RobotSpaceExplorer:Probe","RobotSpaceExplorer:SurgingShield+1","RobotSpaceExplorer:PowerCollector+1","RobotSpaceExplorer:ScrapShield","RobotSpaceExplorer:ChargingLaser","BlazeAway+1"],"relics":["RobotSpaceExplorer:RoboCore","Boot","hubris:Spice","TungstenRod","MerchantsRug","aspiration:ArtOfWarUpgrade","hubris:ScarierMask","Replay:Wax Seal","Lantern","Mercury Hourglass","CultistMask","aspiration:MarisaSkillbook","hubris:Towel"],"acts_visited":["Exordium","TheCity","TheBeyond"],"potions_floor_usage":[6,14,33,33,39,39],"damage_taken":[{"damage":0,"enemies":"Jaw Worm","floor":1,"turns":3},{"damage":0,"enemies":"2 Louse","floor":4,"turns":2},{"damage":4,"enemies":"Lagavulin","floor":6,"turns":8},{"damage":0,"enemies":"Small Slimes","floor":7,"turns":2},{"damage":0,"enemies":"Looter","floor":10,"turns":3},{"damage":0,"enemies":"Lots of Slimes","floor":11,"turns":1},{"damage":0,"enemies":"Exordium Wildlife","floor":13,"turns":3},{"damage":6,"enemies":"3 Louse","floor":14,"turns":2},{"damage":35,"enemies":"The Guardian","floor":16,"turns":9},{"damage":5,"enemies":"2 Thieves","floor":18,"turns":3},{"damage":9,"enemies":"Chosen","floor":20,"turns":4},{"damage":6,"enemies":"Snake Plant","floor":22,"turns":3},{"damage":5,"enemies":"Replay:Snechameleon","floor":23,"turns":5},{"damage":14,"enemies":"conspire:MimicChest","floor":25,"turns":7},{"damage":5,"enemies":"Centurion and Healer","floor":29,"turns":2},{"damage":0,"enemies":"conspire:HollyBat","floor":30,"turns":8},{"damage":6,"enemies":"conspire:MysteriousRune","floor":33,"turns":8},{"damage":0,"enemies":"3 Shapes","floor":35,"turns":3},{"damage":0,"enemies":"Orb Walker","floor":37,"turns":3},{"damage":30,"enemies":"Awakened One","floor":39,"turns":8}],"seed_played":"-8811976606395542736","potions_obtained":[{"floor":1,"key":"SpeedPotion"},{"floor":4,"key":"Dexterity Potion"},{"floor":7,"key":"AttackPotion"},{"floor":13,"key":"Guardian:BlockOnCardUsePotion"},{"floor":16,"key":"LiquidBronze"},{"floor":20,"key":"FairyPotion"},{"floor":22,"key":"Venom Potion"},{"floor":33,"key":"sneckomod:MuddlingPotion"},{"floor":35,"key":"RobotSpaceExplorer:RecyclePotion"}],"is_trial":false,"path_per_floor":["M","$","?","M","?","E","M","R","T","M","M","R","M","M","R","B",null,"M","$","M","?","M","E","R","?","T","R","?","M","M","?","R_BF","B",null,"M","?","M","?","B",null],"character_chosen":"RobotSpaceExplorer","items_purchased":["Boot","hubris:Spice","MerchantsRug","RobotSpaceExplorer:MiniBoosters","RobotSpaceExplorer:MiniDrones","RobotSpaceExplorer:ShockKick+1","Replay:Wax Seal","RobotSpaceExplorer:MiniBoosters+1","expansioncontent:GuardianWhirl"],"campfire_rested":1,"item_purchase_floors":[0,0,0,0,2,2,19,19,19],"current_hp_per_floor":[48,48,48,48,48,44,44,44,52,52,52,52,52,46,73,38,91,86,86,77,77,75,74,74,64,64,64,64,63,67,67,83,81,83,83,83,83,83,53],"gold":222,"neow_bonus":"","is_daily":false,"chose_seed":false,"campfire_upgraded":1,"win_rate":0.0,"timestamp":1609724218,"path_taken":["M","$","?","M","?","E","M","R","T","?","M","R","M","M","R","BOSS","M","$","M","?","?","E","R","?","T","R","?","?","?","?","R_BF","BOSS","M","?","M","?","BOSS"],"items_purchased_type":["Relic","Relic","Relic","Card","Card","Card","Relic","Card","Card"],"build_version":"2020-12-22","purchased_purges":0,"victory":true,"max_hp_per_floor":[83,83,83,83,83,83,83,83,91,91,91,91,91,91,91,91,91,91,91,91,91,91,83,83,83,83,83,83,83,83,83,83,83,83,83,83,83,83,83],"relic_stats":{"counters":[75,257],"Boot":[172],"obtain_stats":[{"Calipers":6,"aspiration:Stabinomicon":27,"Sling":38,"Boot":0,"aspiration:RitualStick":22,"hubris:AstralHammer":9,"hubris:DeckOfHolding":17,"aspiration:ArtOfWarUpgrade":12,"Replay:Wax Seal":19,"MerchantsRug":30,"Happy Flower":8,"hubris:DuctTape":12,"RobotSpaceExplorer:RingOfTheNewt":0,"Replay:Ancient Bell":17,"aspiration:SeaSaltIceCream":9,"War Paint":54,"Du-Vu Doll":17,"Replay:Baseball":13,"Bird Faced Urn":17,"MutagenicStrength":19,"CultistMask":28,"Black Star":17,"ReplayTheSpireMod:TigerMarble":17,"MiniHakkero":0,"Grinning Jar":23,"Lantern":25,"conspire:SpecialSausage":0,"Blue Doll":8,"Juzu Bracelet":46,"hubris:SlimyHat":17,"SproutingBranch":10,"conspire:TopHat":38,"aspiration:StickyExplosives_weak":26,"Dream Catcher":47,"hubris:Icosahedron":19,"hubris:ScarierMask":17,"hubris:FunFungus":44,"HandmadeGrimoire":30,"Red Mask":42,"SimpleLauncher":30,"Runesmith:Nanobots":53,"conspire:RunicOctahedron":34,"Replay:WaspNest":17,"hubris:Towel":36,"Mercury Hourglass":9,"Calling Bell":17,"ShroomBag":29,"hubris:Spice":0,"Art of War":6,"TungstenRod":0,"aspiration:MarisaSkillbook":34},{"Calipers":5,"aspiration:Stabinomicon":30,"Sling":35,"Boot":55,"aspiration:RitualStick":54,"hubris:AstralHammer":21,"hubris:DeckOfHolding":52,"aspiration:ArtOfWarUpgrade":61,"Replay:Wax Seal":65,"MerchantsRug":32,"Happy Flower":21,"hubris:DuctTape":23,"RobotSpaceExplorer:RingOfTheNewt":44,"Replay:Ancient Bell":24,"aspiration:SeaSaltIceCream":21,"War Paint":43,"Du-Vu Doll":24,"Replay:Baseball":51,"Bird Faced Urn":52,"MutagenicStrength":53,"CultistMask":69,"Black Star":10,"ReplayTheSpireMod:TigerMarble":24,"MiniHakkero":0,"Grinning Jar":28,"Lantern":69,"conspire:SpecialSausage":16,"Blue Doll":48,"Juzu Bracelet":39,"hubris:SlimyHat":52,"SproutingBranch":22,"conspire:TopHat":35,"aspiration:StickyExplosives_weak":29,"Dream Catcher":40,"hubris:Icosahedron":25,"hubris:ScarierMask":64,"hubris:FunFungus":38,"HandmadeGrimoire":32,"Red Mask":37,"SimpleLauncher":32,"Runesmith:Nanobots":42,"conspire:RunicOctahedron":34,"Replay:WaspNest":24,"hubris:Towel":73,"Mercury Hourglass":6,"Calling Bell":52,"ShroomBag":32,"hubris:Spice":55,"Art of War":58,"TungstenRod":55,"aspiration:MarisaSkillbook":72},{"Calipers":12,"aspiration:Stabinomicon":90,"Sling":102,"Boot":170,"aspiration:RitualStick":167,"hubris:AstralHammer":59,"hubris:DeckOfHolding":159,"aspiration:ArtOfWarUpgrade":189,"Replay:Wax Seal":206,"MerchantsRug":98,"Happy Flower":59,"hubris:DuctTape":67,"RobotSpaceExplorer:RingOfTheNewt":117,"Replay:Ancient Bell":76,"aspiration:SeaSaltIceCream":59,"War Paint":114,"Du-Vu Doll":76,"Replay:Baseball":148,"Bird Faced Urn":159,"MutagenicStrength":163,"CultistMask":225,"Black Star":27,"ReplayTheSpireMod:TigerMarble":76,"MiniHakkero":0,"Grinning Jar":86,"Lantern":225,"conspire:SpecialSausage":46,"Blue Doll":135,"Juzu Bracelet":107,"hubris:SlimyHat":159,"SproutingBranch":63,"conspire:TopHat":102,"aspiration:StickyExplosives_weak":88,"Dream Catcher":108,"hubris:Icosahedron":78,"hubris:ScarierMask":203,"hubris:FunFungus":106,"HandmadeGrimoire":98,"Red Mask":105,"SimpleLauncher":98,"Runesmith:Nanobots":113,"conspire:RunicOctahedron":101,"Replay:WaspNest":76,"hubris:Towel":246,"Mercury Hourglass":14,"Calling Bell":159,"ShroomBag":98,"hubris:Spice":170,"Art of War":183,"TungstenRod":170,"aspiration:MarisaSkillbook":243}],"TungstenRod":32,"Mercury Hourglass":[90]},"card_choices":[{"not_picked":["RobotSpaceExplorer:MetalStrike","RobotSpaceExplorer:ShockKick"],"picked":"RobotSpaceExplorer:PowerGlove","floor":1},{"not_picked":["ReplayTheSpireMod:Uncanny Aura","Replay:SS_hec_4"],"picked":"Poisoned Strike","floor":3},{"not_picked":["RobotSpaceExplorer:GlueShot","RobotSpaceExplorer:ShovelStrike"],"picked":"RobotSpaceExplorer:ScrapMissile","floor":4},{"not_picked":["RobotSpaceExplorer:Electroshield","RobotSpaceExplorer:PowerCollector"],"picked":"RobotSpaceExplorer:GlueShot","floor":6},{"not_picked":["RobotSpaceExplorer:ShockKick","RobotSpaceExplorer:DoubleBlock"],"picked":"RobotSpaceExplorer:ShovelStrike","floor":7},{"not_picked":["hubris:SpiceAddiction","RobotSpaceExplorer:FrostMissile"],"picked":"RobotSpaceExplorer:StunGrenade","floor":10},{"not_picked":["RobotSpaceExplorer:Pulsar","RobotSpaceExplorer:SlimeMissile"],"picked":"RobotSpaceExplorer:PlasmaMissile","floor":11},{"not_picked":["RobotSpaceExplorer:Ammunition","RobotSpaceExplorer:ToxicBomb"],"picked":"RobotSpaceExplorer:ScrapMissile","floor":13},{"not_picked":["RobotSpaceExplorer:Electropulse","RobotSpaceExplorer:ScrapToss"],"picked":"RobotSpaceExplorer:SurgingStrike","floor":14},{"not_picked":["RobotSpaceExplorer:Scanner","RobotSpaceExplorer:Asteroid"],"picked":"RobotSpaceExplorer:TrailblazerForm","floor":16},{"not_picked":["RobotSpaceExplorer:ShockKick","hubris:SpiceAddiction"],"picked":"RobotSpaceExplorer:SurgingShield","floor":18},{"not_picked":["RobotSpaceExplorer:ScrapMissile","RobotSpaceExplorer:SwiftStep+1"],"picked":"RobotSpaceExplorer:Fix","floor":20},{"not_picked":["RobotSpaceExplorer:SurgingShield","RobotSpaceExplorer:ShovelStrike+1"],"picked":"RobotSpaceExplorer:GearShield+1","floor":22},{"not_picked":["RobotSpaceExplorer:JunkDive","RobotSpaceExplorer:MiniBoosters+1"],"picked":"RobotSpaceExplorer:Probe","floor":23},{"not_picked":["RobotSpaceExplorer:ShockKick+1","RobotSpaceExplorer:Ammunition"],"picked":"RobotSpaceExplorer:SurgingShield+1","floor":25},{"not_picked":["RobotSpaceExplorer:Counterblock","RobotSpaceExplorer:Blaster"],"picked":"RobotSpaceExplorer:PowerCollector+1","floor":29},{"not_picked":["RobotSpaceExplorer:Probe","RobotSpaceExplorer:Pulsar"],"picked":"RobotSpaceExplorer:ScrapShield","floor":30},{"not_picked":["RobotSpaceExplorer:Wormhole","RobotSpaceExplorer:Blaster"],"picked":"RobotSpaceExplorer:ChargingLaser","floor":33},{"not_picked":["RobotSpaceExplorer:SwiftStep","RobotSpaceExplorer:ShockKick","MilkyWay"],"picked":"BlazeAway+1","floor":35},{"not_picked":["RobotSpaceExplorer:SurgingShield","DarkMatter","RobotSpaceExplorer:RigExplosive","IllusionStar"],"picked":"SKIP","floor":37}],"player_experience":446030,"relics_obtained":[{"floor":6,"key":"Art of War"},{"floor":9,"key":"hubris:Spice"},{"floor":23,"key":"hubris:Spice"},{"floor":25,"key":"Lantern"},{"floor":26,"key":"Mercury Hourglass"}],"event_choices":[{"damage_healed":0,"gold_gain":1,"player_choice":"1","damage_taken":0,"max_hp_gain":0,"max_hp_loss":0,"event_name":"betterStone:BetterStone","floor":3,"gold_loss":0},{"cards_removed":["RobotSpaceExplorer:PowerGlove"],"damage_healed":0,"gold_gain":0,"player_choice":"Purged","damage_taken":0,"max_hp_gain":0,"max_hp_loss":0,"event_name":"Purifier","floor":5,"gold_loss":0},{"cards_removed":["RobotSpaceExplorer:Strike"],"damage_healed":0,"gold_gain":0,"player_choice":"Purged","damage_taken":0,"max_hp_gain":0,"max_hp_loss":0,"event_name":"Purifier","floor":21,"gold_loss":0},{"damage_healed":0,"gold_gain":0,"player_choice":"Trade","damage_taken":0,"relics_obtained":["CultistMask"],"max_hp_gain":0,"max_hp_loss":0,"event_name":"FaceTrader","floor":28,"gold_loss":0},{"cards_removed":["RobotSpaceExplorer:Strike"],"damage_healed":0,"gold_gain":0,"player_choice":"Gave Gold","damage_taken":0,"max_hp_gain":0,"max_hp_loss":0,"event_name":"Beggar","floor":31,"gold_loss":75},{"damage_healed":0,"gold_gain":0,"player_choice":"Portal","damage_taken":0,"max_hp_gain":0,"max_hp_loss":0,"event_name":"betterThird:BetterPortal","floor":38,"gold_loss":0}],"is_beta":false,"boss_relics":[{"not_picked":["Fusion Hammer","Ring of Chaos"],"picked":"hubris:ScarierMask"},{"not_picked":["Coffee Dripper","hubris:Spice"],"picked":"aspiration:MarisaSkillbook"}],"items_purged_floors":[],"is_endless":false,"potions_floor_spawned":[1,4,7,13,16,20,22,29,33,35],"ascension_level":0}}