{"host":"etr9f2q07ig588e0","time":1609770222,"event":{"mods":["BaseMod","Downfall","Googly Eyes","Hubris","Minty Spire (QoL Compilation)","Replay The Spire","StSLib","SuperFastMode"],"gold_per_floor":[109,126,126,141,154,188,105,138,185,217,142,142,154,227,227,327,327,339,339,349,349,349,383,395,407,407,439,439,456,456,468,468,567,567,584,595,108,126,137,137,171,186,241,251,261,261,261,278,278,278],"floor_reached":51,"playtime":2414,"items_purged":[],"score":991,"play_id":"4bc46c09-0265-40f1-a71c-492c9b591362","local_time":"20210104172342","is_ascension_mode":true,"campfire_choices":[{"floor":12,"key":"REST"},{"floor":15,"key":"REST"},{"floor":30,"key":"REST"},{"floor":32,"key":"REST"},{"floor":40,"key":"REST"},{"floor":47,"key":"REST"},{"floor":49,"key":"REST"}],"circlet_count":0,"master_deck":["Strike_R","Strike_R","Strike_R+1","Strike_R","Defend_R+1","Defend_R+1","Defend_R+1","Defend_R+1","Bash+1","Headbutt","Perfected Strike","Clothesline","Pommel Strike","Anger+1","Perfected Strike+1","Metallicize","Clash","ReplayTheSpireMod:Limb From Limb","Battle Trance","Armaments","Juggernaut","True Grit","Run Through+1","Cleave+1","Rampage","Shrug It Off","Infernal Blade","Perfected Strike+1","Burning Pact","Demonic Infusion","Shrug It Off","Shrug It Off+1","Metallicize","Pommel Strike","Metallicize+1","Metallicize+1","Headbutt+1","Iron Wave+1","Madness","Twin Strike"],"relics":["Burning Blood","Bag of Marbles","Replay:Bottled Steam","Matryoshka","Omamori","ReplayFunnel","Pocketwatch","Bird Faced Urn","Oddly Smooth Stone","Mark of Pain","ReplayTheSpireMod:Spearhead","Replay:Bottled Eggs","ReplayTheSpireMod:Shallot","Whetstone","Philosopher\u0027s Stone","Mango","Lee\u0027s Waffle","Lantern","Gremlin Food"],"acts_visited":["Exordium","TheCity","TheBeyond"],"potions_floor_usage":[16,50,50],"damage_taken":[{"damage":7,"enemies":"Jaw Worm","floor":1,"turns":3},{"damage":6,"enemies":"Cultist","floor":2,"turns":3},{"damage":4,"enemies":"2 Louse","floor":4,"turns":3},{"damage":0,"enemies":"Large Slime","floor":5,"turns":4},{"damage":12,"enemies":"Gremlin Nob","floor":6,"turns":3},{"damage":30,"enemies":"Lagavulin","floor":8,"turns":4},{"damage":23,"enemies":"3 Sentries","floor":10,"turns":6},{"damage":5,"enemies":"Exordium Wildlife","floor":13,"turns":3},{"damage":43,"enemies":"Hexaghost","floor":16,"turns":8},{"damage":15,"enemies":"Spheric Guardian","floor":18,"turns":4},{"damage":3,"enemies":"Chosen","floor":20,"turns":3},{"damage":28,"enemies":"Slavers","floor":23,"turns":6},{"damage":24,"enemies":"Snake Plant","floor":24,"turns":3},{"damage":17,"enemies":"Centurion and Healer","floor":25,"turns":4},{"damage":14,"enemies":"Book of Stabbing","floor":27,"turns":5},{"damage":0,"enemies":"Cultist and Chosen","floor":29,"turns":3},{"damage":0,"enemies":"Snake Plant","floor":31,"turns":1},{"damage":82,"enemies":"Champ","floor":33,"turns":9},{"damage":0,"enemies":"3 Shapes","floor":35,"turns":1},{"damage":0,"enemies":"Orb Walker","floor":36,"turns":3},{"damage":71,"enemies":"Writhing Mass","floor":38,"turns":4},{"damage":7,"enemies":"Spire Growth","floor":39,"turns":3},{"damage":36,"enemies":"R_Hoarder","floor":41,"turns":6},{"damage":7,"enemies":"3 Darklings","floor":42,"turns":7},{"damage":30,"enemies":"Writhing Mass","floor":44,"turns":4},{"damage":1,"enemies":"Spire Growth","floor":45,"turns":5},{"damage":30,"enemies":"Transient","floor":48,"turns":5},{"damage":85,"enemies":"Awakened One","floor":50,"turns":17}],"seed_played":"-1170666134254486984","potions_obtained":[{"floor":1,"key":"Dexterity Potion"},{"floor":4,"key":"Milkshake"},{"floor":5,"key":"Venom Potion"},{"floor":20,"key":"SteroidPotion"}],"is_trial":false,"path_per_floor":["M","M","?","M","M","E","$","E","T","E","$","R","M","?","R","B",null,"M","?","M","$","T","E","M","M","T","E","?","M","R","M","R","B",null,"M","M","$","M","M","R","E","M","T","M","M","?","R","M","R","B",null],"character_chosen":"IRONCLAD","items_purchased":["Anger+1","Perfected Strike","ReplayTheSpireMod:Limb From Limb","Metallicize","Mango","Lee\u0027s Waffle"],"campfire_rested":7,"item_purchase_floors":[7,7,11,37,37,37],"current_hp_per_floor":[79,79,79,80,80,74,74,50,50,33,33,57,58,58,80,45,71,66,66,71,71,71,53,37,26,26,20,20,26,50,58,80,8,62,68,74,101,40,39,69,43,52,52,34,47,47,77,53,83,14],"gold":278,"neow_bonus":"RANDOM_COMMON_RELIC","is_daily":false,"chose_seed":false,"campfire_upgraded":0,"win_rate":0.0,"timestamp":1609770222,"path_taken":["M","M","?","M","M","E","?","E","T","E","$","R","M","?","R","BOSS","M","?","M","$","?","E","M","M","T","E","?","M","R","M","R","BOSS","M","M","$","M","M","R","E","M","T","M","M","?","R","M","R","BOSS"],"items_purchased_type":["Card","Card","Card","Card","Relic","Relic"],"build_version":"2020-12-22","purchased_purges":0,"victory":true,"max_hp_per_floor":[80,80,80,80,80,80,80,80,80,80,80,80,80,80,80,80,80,80,80,80,80,80,80,80,80,80,80,80,80,80,80,80,80,80,80,80,101,101,101,101,101,101,101,101,101,101,101,101,101,101],"card_choices":[{"not_picked":["Searing Blow","Dark Embrace"],"picked":"Headbutt","floor":1},{"not_picked":["Headbutt","ReplayTheSpireMod:Limb From Limb"],"picked":"Perfected Strike","floor":2},{"not_picked":["Hemokinesis","Searing Blow"],"picked":"Clothesline","floor":4},{"not_picked":["Combust","Dual Wield"],"picked":"Pommel Strike","floor":5},{"not_picked":["Burning Pact","Evolve","Wild Strike"],"picked":"SKIP","floor":6},{"not_picked":["Inflame","Replay:Many Hands"],"picked":"Metallicize","floor":8},{"not_picked":["Run Through","Sword Boomerang"],"picked":"Clash","floor":10},{"not_picked":["Body Slam","Blood for Blood"],"picked":"Battle Trance","floor":13},{"not_picked":["ReplayTheSpireMod:Strike From Hell","Headbutt"],"picked":"Armaments","floor":14},{"not_picked":["Eclipse","Fiend Fire"],"picked":"Juggernaut","floor":16},{"not_picked":["Rampage","Clothesline"],"picked":"True Grit","floor":18},{"not_picked":["Eclipse","Warcry"],"picked":"Run Through","floor":20},{"not_picked":["ReplayTheSpireMod:LeadingStrike","Clash+1","Searing Blow"],"picked":"SKIP","floor":23},{"not_picked":["Twin Strike","Thunderclap"],"picked":"Cleave+1","floor":24},{"not_picked":["ReplayTheSpireMod:Muscle Training","Infernal Blade"],"picked":"Rampage","floor":25},{"not_picked":["Dropkick","Run Through"],"picked":"Shrug It Off","floor":27},{"not_picked":["Carnage","Replay:Undeath\u0027s Touch"],"picked":"Perfected Strike+1","floor":29},{"not_picked":["ReplayTheSpireMod:Muscle Training+1","Run Through"],"picked":"Burning Pact","floor":31},{"not_picked":["Juggernaut","Offering"],"picked":"Demonic Infusion","floor":33},{"not_picked":["Sword Boomerang+1","Wild Strike+1"],"picked":"Shrug It Off","floor":35},{"not_picked":["Clothesline","Warcry+1"],"picked":"Shrug It Off+1","floor":36},{"not_picked":["Havoc","Feed"],"picked":"Pommel Strike","floor":38},{"not_picked":["hubris:SharpeningStone","Clothesline"],"picked":"Metallicize+1","floor":39},{"not_picked":["Combust+1","Pummel"],"picked":"Metallicize","floor":41},{"not_picked":["ReplayTheSpireMod:Strike From Hell+1","Life Link","Reckless Charge+1"],"picked":"SKIP","floor":42},{"not_picked":["Combust","Havoc"],"picked":"Headbutt+1","floor":44},{"not_picked":["Thunderclap","Blood for Blood"],"picked":"Iron Wave+1","floor":45},{"not_picked":["expansioncontent:HyperBeam","ReplayTheSpireMod:Private Reserves"],"picked":"Madness","floor":46},{"not_picked":["hubris:CleavingFinish+1","Fiend Fire"],"picked":"Twin Strike","floor":48}],"player_experience":492050,"relics_obtained":[{"floor":6,"key":"Replay:Bottled Steam"},{"floor":8,"key":"Matryoshka"},{"floor":9,"key":"Omamori"},{"floor":9,"key":"ReplayFunnel"},{"floor":10,"key":"Pocketwatch"},{"floor":14,"key":"Bird Faced Urn"},{"floor":14,"key":"Oddly Smooth Stone"},{"floor":22,"key":"ReplayTheSpireMod:Spearhead"},{"floor":23,"key":"Replay:Bottled Eggs"},{"floor":26,"key":"ReplayTheSpireMod:Shallot"},{"floor":27,"key":"Whetstone"},{"floor":41,"key":"Lantern"},{"floor":43,"key":"Gremlin Food"}],"event_choices":[{"damage_healed":0,"gold_gain":0,"player_choice":"Upgraded","damage_taken":0,"max_hp_gain":0,"max_hp_loss":0,"event_name":"Upgrade Shrine","floor":3,"gold_loss":0,"cards_upgraded":["Bash"]},{"damage_healed":0,"gold_gain":0,"player_choice":"0 cards matched","damage_taken":0,"max_hp_gain":0,"max_hp_loss":0,"event_name":"Match and Keep!","floor":19,"gold_loss":0,"cards_obtained":[]},{"damage_healed":0,"gold_gain":0,"cards_transformed":["Strike_R"],"player_choice":"Transformed","damage_taken":0,"max_hp_gain":0,"max_hp_loss":0,"event_name":"Transmorgrifier","floor":28,"gold_loss":0,"cards_obtained":["Infernal Blade"]},{"damage_healed":0,"gold_gain":0,"player_choice":"Memory 1","damage_taken":0,"max_hp_gain":0,"max_hp_loss":0,"event_name":"SensoryStone","floor":46,"gold_loss":0}],"is_beta":false,"boss_relics":[{"not_picked":["hubris:RunicObelisk","hubris:BlackHole"],"picked":"Mark of Pain"},{"not_picked":["hubris:TerracottaHorce","Cursed Key"],"picked":"Philosopher\u0027s Stone"}],"items_purged_floors":[],"is_endless":false,"potions_floor_spawned":[1,4,5,6,20,24,31,36,38,45],"ascension_level":5}}