{"host":"ox77rn1xcurm2t5a","time":1609794443,"event":{"mods":["2.2 Compatiblity","AchievementEnabler","Act Like it!","Aspiration","BaseMod","Best Route Mod","Better Match","Better Note","Better Sensory Stone","Block Reminder","Colored Map","Colored Powertips","Conjunction","Conspire","Custom Start","Energized Spire","GifTheSpireLib","Gold Saver","Gremlin Skip","Halation","Highlight Path","Hubris","Infinite Spire","Minty Spire (QoL Compilation)","Pale of the Ancients","Quick Restart","Replay The Spire","Reworked Bosses","ShortenTheSpire","Spire Exporter","StSLib","Stuff the Spire","Wandering Minibosses","vexMod"],"gold_per_floor":[110,35,63,76,76,76,102,112,112,112,141,141,155,183,183,279,279,294,294,309,269,551,581,581,609,609,609,662,22,50,50,50,50,50],"floor_reached":33,"playtime":1367,"items_purged":["Strike_B","Strike_B","Strike_B"],"score":658,"play_id":"a0c0ba63-e113-4eb6-bde6-02dc6cb63871","local_time":"20210104230723","is_ascension_mode":true,"campfire_choices":[{"floor":6.0,"key":"RECALL"},{"data":"Loop","floor":10.0,"key":"SMITH"},{"data":"Static Discharge","floor":12.0,"key":"SMITH"},{"data":"Zap","floor":15.0,"key":"SMITH"},{"floor":24,"key":"REST"},{"floor":27,"key":"REST"},{"data":"1","floor":32,"key":"LIFT"}],"circlet_count":0,"master_deck":["AscendersBane","Defend_B","Defend_B","Defend_B","Defend_B","Zap+1","Dualcast","Gash","Loop+1","Gash","White Noise+1","Static Discharge+1","Ball Lightning","Ball Lightning","Darkness+1","BasicCrystalCard+1","Ball Lightning","Go for the Eyes+1","Capacitor","Capacitor","Go for the Eyes+1"],"relics":["Cracked Core","NeowsBlessing","conspire:DeflatedDodgeball","halation:KoshaPiece","Replay:Bottled Steam","halation:Toothbrush","vexMod:BigBerry","Orrery","Bottled Flame","Calipers","TungstenRod","Girya","Gremlin Food","White Beast Statue","TheAbacus","Incense Burner"],"acts_visited":["Exordium","TheCity"],"potions_floor_usage":[23,23,23,23,30,30,33],"damage_taken":[{"damage":0.0,"enemies":"2 Louse","floor":1.0,"turns":1.0},{"damage":0.0,"enemies":"conspire:MimicChest","floor":3.0,"turns":1.0},{"damage":0.0,"enemies":"Small Slimes","floor":4.0,"turns":1.0},{"damage":0.0,"enemies":"Gremlin Nob","floor":7.0,"turns":2.0},{"damage":8.0,"enemies":"Cultist","floor":8.0,"turns":4.0},{"damage":25.0,"enemies":"Lagavulin","floor":11.0,"turns":6.0},{"damage":12.0,"enemies":"2 Fungi Beasts","floor":13.0,"turns":5.0},{"damage":8.0,"enemies":"Gremlin Nob","floor":14.0,"turns":3.0},{"damage":0,"enemies":"Hexaghost","floor":16,"turns":2},{"damage":9,"enemies":"Spheric Guardian","floor":18,"turns":3},{"damage":9,"enemies":"3 Byrds","floor":20,"turns":2},{"damage":55,"enemies":"Gremlin Leader","floor":23,"turns":5},{"damage":50,"enemies":"Book of Stabbing","floor":25,"turns":5},{"damage":34,"enemies":"Slavers","floor":30,"turns":4},{"damage":85,"enemies":"bossMod:newCollector","floor":33,"turns":5}],"seed_played":"-3947110830904963633","potions_obtained":[{"floor":1.0,"key":"Weak Potion"},{"floor":11.0,"key":"Swift Potion"},{"floor":13.0,"key":"SteroidPotion"},{"floor":16,"key":"Cursed Concoction"},{"floor":20,"key":"SpeedPotion"},{"floor":21,"key":"Energy Potion"},{"floor":21,"key":"EntropicBrew"},{"floor":25,"key":"BlessingOfTheForge"},{"floor":30,"key":"AttackPotion"}],"is_trial":false,"path_per_floor":["M","$","?","M","$","R","E","M","T","R","E","R","M","E","R","B",null,"M","?","M","?","$","E","R","E","T","R","T","$","E","?","R","B"],"character_chosen":"DEFECT","items_purchased":["Orrery","Bottled Flame","Ball Lightning","Capacitor","White Beast Statue","TheAbacus","Strength Potion"],"campfire_rested":2,"item_purchase_floors":[22,22,22,29,29,29,29],"current_hp_per_floor":[68,68,68,68,68,68,68,60,60,60,35,35,23,15,15,15,90,81,81,72,72,75,20,52,2,2,34,108,111,77,80,80,0,0],"gold":50,"neow_bonus":"THREE_ENEMY_KILL","is_daily":false,"chose_seed":false,"campfire_upgraded":3,"win_rate":0.0,"timestamp":1609794443,"path_taken":["M","$","?","M","$","R","E","M","T","R","E","R","M","E","R","BOSS","M","?","?","?","?","E","R","E","T","R","?","$","E","?","R","BOSS"],"items_purchased_type":["Relic","Relic","Card","Card","Relic","Relic","Potion"],"build_version":"2020-12-22","purchased_purges":3,"victory":false,"max_hp_per_floor":[75,75,75,75,75,75,75,75,75,75,75,75,75,75,75,75,105,105,105,105,105,108,108,108,108,108,108,108,111,111,114,114,114,114],"card_choices":[{"not_picked":["Ball Lightning","Panic Button"],"picked":"Gash","floor":1.0},{"not_picked":["conspire:SharedLibrary","StuffTheSpire:Plugnplay"],"picked":"Loop","floor":3.0},{"not_picked":["Stack","Beam Cell"],"picked":"Gash","floor":4.0},{"not_picked":["ReplaySolidLightProjector","Leap"],"picked":"White Noise","floor":7.0},{"not_picked":["ReplayTheSpireMod:Dual Polarity","Recycle","Beam Cell"],"picked":"SKIP","floor":8.0},{"not_picked":["BasicCrystalCard","Steam"],"picked":"Static Discharge","floor":11.0},{"not_picked":["Reinforced Body","ReplayTheSpireMod:Fabricate Wheel"],"picked":"Ball Lightning","floor":13.0},{"not_picked":["Chill","Steam"],"picked":"Ball Lightning","floor":14.0},{"not_picked":["StuffTheSpire:Plugnplay","Reprogram+1","conspire:SharedLibrary"],"picked":"SKIP","floor":18},{"not_picked":["Beam Cell","ReplayTheSpireMod:Calculation Training","Stack"],"picked":"SKIP","floor":20},{"not_picked":["Rebound","Panic Button"],"picked":"Darkness+1","floor":22},{"not_picked":["Buffer","StuffTheSpire:Coldhearted"],"picked":"BasicCrystalCard+1","floor":22},{"not_picked":["Steam","Redo","Aggregate"],"picked":"SKIP","floor":23},{"not_picked":["StuffTheSpire:GlassShard","StuffTheSpire:LoadUp"],"picked":"Go for the Eyes+1","floor":25},{"not_picked":["Undo","Sweeping Beam"],"picked":"Go for the Eyes+1","floor":30}],"player_experience":2892000,"relics_obtained":[{"floor":3.0,"key":"conspire:DeflatedDodgeball"},{"floor":7.0,"key":"halation:KoshaPiece"},{"floor":11.0,"key":"Replay:Bottled Steam"},{"floor":14.0,"key":"halation:Toothbrush"},{"floor":23,"key":"Calipers"},{"floor":25,"key":"TungstenRod"},{"floor":26,"key":"Girya"},{"floor":28,"key":"Gremlin Food"},{"floor":30,"key":"Incense Burner"}],"event_choices":[{"damage_healed":0,"gold_gain":0,"player_choice":"Upgraded","damage_taken":0,"max_hp_gain":0,"max_hp_loss":0,"event_name":"Upgrade Shrine","floor":19,"gold_loss":0,"cards_upgraded":["White Noise"]},{"damage_healed":0,"gold_gain":0,"player_choice":"Bought 3 Potions","damage_taken":0,"max_hp_gain":0,"max_hp_loss":0,"event_name":"The Woman in Blue","floor":21,"gold_loss":0},{"cards_removed":["Strike_B"],"damage_healed":0,"gold_gain":0,"player_choice":"Purged","damage_taken":0,"max_hp_gain":0,"max_hp_loss":0,"event_name":"Purifier","floor":31,"gold_loss":0}],"is_beta":false,"boss_relics":[{"not_picked":["conspire:RoyalGoblet","aspiration:SilentSkillbook"],"picked":"vexMod:BigBerry"}],"items_purged_floors":[2,22,29],"is_endless":false,"potions_floor_spawned":[1,11,13,16,20,25,30],"killed_by":"bossMod:newCollector","ascension_level":11}}