{"host":"d9m9v0h6vo0edadb","time":1609760898,"event":{"mods":["BaseMod","Hermit","Keyboard Shortcuts","Minty Spire (QoL Compilation)","StSLib","SuperFastMode","The Cursed"],"gold_per_floor":[116,41,57,57,70,70,70,70,70,105,105,134,150,167,167,244,244,196,196],"floor_reached":18,"playtime":356,"items_purged":["Strike_G"],"score":344,"play_id":"7426f25f-4c0a-4574-ad6c-2c1d3d4c498c","local_time":"20210104204818","is_ascension_mode":true,"campfire_choices":[{"data":"Bouncing Flask","floor":6,"key":"SMITH"},{"floor":11,"key":"REST"},{"floor":15,"key":"REST"}],"circlet_count":0,"master_deck":["AscendersBane","Strike_G","Strike_G","Strike_G","Strike_G","Defend_G","Defend_G","Defend_G","Defend_G","Defend_G","Survivor","Neutralize","Backstab","Noxious Fumes","Bouncing Flask+1","Poisoned Stab","Deadly Poison","PiercingWail"],"relics":["Ring of the Snake","NeowsBlessing","Sundial","Matryoshka","PreservedInsect","StoneCalendar","Runic Pyramid"],"acts_visited":["Exordium","TheCity"],"potions_floor_usage":[10,16,16],"damage_taken":[{"damage":0,"enemies":"Cultist","floor":1,"turns":1},{"damage":0,"enemies":"Jaw Worm","floor":3,"turns":1},{"damage":0,"enemies":"2 Louse","floor":5,"turns":1},{"damage":32,"enemies":"3 Sentries","floor":10,"turns":7},{"damage":25,"enemies":"Lagavulin","floor":12,"turns":5},{"damage":8,"enemies":"Gremlin Gang","floor":13,"turns":6},{"damage":3,"enemies":"Lots of Slimes","floor":14,"turns":4},{"damage":8,"enemies":"Hexaghost","floor":16,"turns":7},{"damage":29,"enemies":"2 Thieves","floor":18,"turns":5}],"seed_played":"-9144596821955990869","potions_obtained":[{"floor":1,"key":"PowerPotion"},{"floor":3,"key":"Dexterity Potion"},{"floor":4,"key":"DuplicationPotion"},{"floor":12,"key":"AttackPotion"},{"floor":16,"key":"DuplicationPotion"},{"floor":18,"key":"Block Potion"}],"is_trial":false,"path_per_floor":["M","$","M","?","M","R","$","T","T","E","R","E","M","M","R","B",null,"M"],"character_chosen":"THE_SILENT","items_purchased":[],"campfire_rested":2,"item_purchase_floors":[],"current_hp_per_floor":[59,59,59,59,59,59,59,59,59,27,46,21,13,10,29,21,55,26,26],"gold":196,"neow_bonus":"THREE_ENEMY_KILL","is_daily":false,"chose_seed":false,"campfire_upgraded":1,"win_rate":0.0,"timestamp":1609760898,"path_taken":["M","$","?","?","?","R","?","?","T","E","R","E","M","M","R","BOSS","M"],"items_purchased_type":[],"build_version":"2020-12-22","purchased_purges":1,"victory":false,"max_hp_per_floor":[66,66,66,66,66,66,66,66,66,66,66,66,66,66,66,66,66,66,66],"card_choices":[{"not_picked":["Tactician","Bane"],"picked":"Backstab","floor":1},{"not_picked":["Infinite Blades","Poisoned Stab"],"picked":"Noxious Fumes","floor":3},{"not_picked":["Setup","Dagger Throw"],"picked":"Bouncing Flask","floor":5},{"not_picked":["Heel Hook","Escape Plan"],"picked":"Poisoned Stab","floor":10},{"not_picked":["Dagger Throw","Leg Sweep","Blur"],"picked":"SKIP","floor":12},{"not_picked":["Glass Knife","Poisoned Stab"],"picked":"Deadly Poison","floor":13},{"not_picked":["Dagger Spray","Sucker Punch","PiercingWail"],"picked":"SKIP","floor":14},{"not_picked":["Dagger Spray","Sucker Punch"],"picked":"PiercingWail","floor":14},{"not_picked":["Outmaneuver","Slice","Cloak And Dagger"],"picked":"SKIP","floor":18}],"player_experience":949285,"relics_obtained":[{"floor":8,"key":"Sundial"},{"floor":9,"key":"Matryoshka"},{"floor":10,"key":"PreservedInsect"},{"floor":12,"key":"StoneCalendar"}],"event_choices":[{"damage_healed":0,"gold_gain":0,"player_choice":"Got Potions","damage_taken":0,"max_hp_gain":0,"max_hp_loss":0,"event_name":"Lab","floor":4,"gold_loss":0}],"is_beta":false,"boss_relics":[{"not_picked":["Tiny House","Busted Crown"],"picked":"Runic Pyramid"}],"items_purged_floors":[2],"is_endless":false,"potions_floor_spawned":[1,3,12,16,18],"killed_by":"2 Thieves","ascension_level":20}}