{"host":"981nlwu0905dw1bz","time":1609778214,"event":{"mods":["AchievementEnabler","BaseMod","DeckTracker","Minty Spire (QoL Compilation)","Rare Cards Sparkle","SuperFastMode"],"gold_per_floor":[111,111,111,129,129,129,143,143,143,143,176,206,206,231,231,327,327,295,37,48,48,0,0,0,0,27,41,41,41],"floor_reached":28,"playtime":768,"items_purged":[],"score":299,"play_id":"572e12ab-1fe4-4124-8b1f-e67c0d923763","local_time":"20210105013654","is_ascension_mode":true,"campfire_choices":[{"data":"Establishment","floor":6.0,"key":"SMITH"},{"data":"FlurryOfBlows","floor":8.0,"key":"SMITH"},{"floor":10.0,"key":"REST"},{"floor":13.0,"key":"REST"},{"floor":15.0,"key":"REST"},{"floor":23.0,"key":"REST"},{"floor":25.0,"key":"REST"}],"circlet_count":0,"master_deck":["Strike_P+1","Strike_P+1","Strike_P+1","Defend_P+1","Defend_P+1","Defend_P+1","Defend_P+1","Eruption","Vigilance","Enlightenment","EmptyBody","Establishment+1","FlyingSleeves","FlurryOfBlows+1","Adaptation","WaveOfTheHand","CarveReality","PathToVictory"],"relics":["PureWater","Bottled Lightning","Peace Pipe","Bag of Marbles","VioletLotus","Shuriken","MutagenicStrength","Juzu Bracelet"],"acts_visited":["Exordium","TheCity"],"potions_floor_usage":[],"damage_taken":[{"damage":10.0,"enemies":"Jaw Worm","floor":1.0,"turns":4.0},{"damage":2.0,"enemies":"Small Slimes","floor":4.0,"turns":3.0},{"damage":12.0,"enemies":"Cultist","floor":7.0,"turns":3.0},{"damage":26.0,"enemies":"Lagavulin","floor":11.0,"turns":6.0},{"damage":25.0,"enemies":"Gremlin Nob","floor":14.0,"turns":4.0},{"damage":0.0,"enemies":"Slime Boss","floor":16.0,"turns":8.0},{"damage":41.0,"enemies":"2 Thieves","floor":18.0,"turns":5.0},{"damage":7.0,"enemies":"Chosen","floor":20.0,"turns":4.0},{"damage":31,"enemies":"Snake Plant","floor":27,"turns":5},{"damage":44,"enemies":"Centurion and Healer","floor":28,"turns":5}],"seed_played":"-3507455487670333106","potions_obtained":[{"floor":1.0,"key":"SpeedPotion"},{"floor":11.0,"key":"Strength Potion"},{"floor":27,"key":"CultistPotion"}],"is_trial":false,"path_per_floor":["M","?","?","M","?","R","M","R","T","R","E","?","R","E","R","B",null,"M","$","M","?","?","R","?","R","T","M","M"],"character_chosen":"WATCHER","items_purchased":["Shuriken"],"campfire_rested":5,"item_purchase_floors":[19],"current_hp_per_floor":[62,62,62,60,60,60,48,48,48,69,43,43,64,39,60,60,72,31,31,24,24,24,45,45,66,66,35,0,0],"gold":41,"neow_bonus":"RANDOM_COLORLESS","is_daily":false,"chose_seed":false,"campfire_upgraded":2,"win_rate":0.0,"timestamp":1609778214,"path_taken":["M","?","?","?","?","R","M","R","T","R","E","?","R","E","R","BOSS","M","$","M","?","?","R","?","R","T","M","M"],"items_purchased_type":["Relic"],"build_version":"2020-12-22","purchased_purges":0,"victory":false,"max_hp_per_floor":[72,72,72,72,72,72,72,72,72,72,72,72,72,72,72,72,72,72,72,72,72,72,72,72,72,72,72,72,72],"card_choices":[{"not_picked":["Blind","Discovery"],"picked":"Enlightenment","floor":0.0},{"not_picked":["PathToVictory","JustLucky"],"picked":"EmptyBody","floor":1.0},{"not_picked":["FollowUp","Prostrate"],"picked":"Establishment","floor":4.0},{"not_picked":["Evaluate","PathToVictory"],"picked":"FlurryOfBlows","floor":7.0},{"not_picked":["ThirdEye","Wallop"],"picked":"Adaptation","floor":11.0},{"not_picked":["ClearTheMind","MasterReality"],"picked":"WaveOfTheHand","floor":14.0},{"not_picked":["Vengeance","SashWhip"],"picked":"CarveReality","floor":18.0},{"not_picked":["CutThroughFate+1","ForeignInfluence+1"],"picked":"PathToVictory","floor":20.0},{"not_picked":["WreathOfFlame","JustLucky+1","SashWhip"],"picked":"SKIP","floor":27}],"player_experience":530124,"relics_obtained":[{"floor":9.0,"key":"Bottled Lightning"},{"floor":11.0,"key":"Peace Pipe"},{"floor":14.0,"key":"Bag of Marbles"},{"floor":26.0,"key":"Juzu Bracelet"}],"event_choices":[{"damage_healed":0.0,"max_hp_gain":0.0,"max_hp_loss":0.0,"gold_gain":0.0,"event_name":"Shining Light","player_choice":"Ignored","floor":2.0,"gold_loss":0.0,"damage_taken":0.0},{"damage_healed":0.0,"max_hp_gain":0.0,"max_hp_loss":0.0,"gold_gain":0.0,"event_name":"The Woman in Blue","player_choice":"Bought 0 Potions","floor":3.0,"gold_loss":0.0,"damage_taken":0.0},{"damage_healed":0.0,"max_hp_gain":0.0,"max_hp_loss":0.0,"gold_gain":0.0,"cards_transformed":["Strike_P"],"event_name":"Living Wall","player_choice":"Change","floor":5.0,"gold_loss":0.0,"damage_taken":0.0,"cards_obtained":["FlyingSleeves"]},{"damage_healed":0.0,"max_hp_gain":0.0,"max_hp_loss":0.0,"gold_gain":30.0,"event_name":"Dead Adventurer","player_choice":"Searched \u00271\u0027 times","floor":12.0,"gold_loss":0.0,"damage_taken":0.0},{"damage_healed":0.0,"max_hp_gain":0.0,"max_hp_loss":0.0,"gold_gain":0.0,"event_name":"Drug Dealer","player_choice":"Inject Mutagens","floor":21.0,"gold_loss":0.0,"damage_taken":0.0,"relics_obtained":["MutagenicStrength"]},{"damage_healed":0.0,"max_hp_gain":0.0,"max_hp_loss":0.0,"gold_gain":0.0,"event_name":"Masked Bandits","player_choice":"Paid Fearfully","floor":22.0,"gold_loss":48.0,"damage_taken":0.0},{"damage_healed":0.0,"max_hp_gain":0.0,"max_hp_loss":0.0,"gold_gain":0.0,"event_name":"Back to Basics","player_choice":"Simplicity","floor":24.0,"gold_loss":0.0,"damage_taken":0.0,"cards_upgraded":["Strike_P","Strike_P","Strike_P","Defend_P","Defend_P","Defend_P","Defend_P"]}],"is_beta":false,"boss_relics":[{"not_picked":["Runic Dome","Black Star"],"picked":"VioletLotus"}],"items_purged_floors":[],"is_endless":false,"potions_floor_spawned":[1,11,27],"killed_by":"Centurion and Healer","ascension_level":2}}