{"host":"v9ordiuf4xzdpttp","time":1609797074,"event":{"mods":["AchievementEnabler","Act Like it!","AlwaysNeverKeys","Aspiration","Bard","Bartender","BaseMod","Better Third Choice","Better Vampires","BetterRewards","Colored Map","Conspire","Dio Mod","Downfall","Energized Spire","Gold Saver","GungeonMod","Halation","Hubris","Infinite Spire","Ironclad Rager","Jedi Mod","Marked Mod","Melee Mod","Minty Spire (QoL Compilation)","Pale of the Ancients","Remove Card Discount Mod","Replay The Spire","Robot Space Explorer","SOS???????","Shop Mod","Small Relic Pack","Somnambulant","Spicy Shops","StSLib","The Bladedancer","The Bug Knight","The Construct","The Death Knight","The Exalted","The Hayseed","The Hierophant","The Jungle","The Mystic","The Runesmith","The Saiyan","The Senshi","The Servant 0.9.4","The Wild Card","TheBandit","vexMod","??????REMEMod"],"gold_per_floor":[258,258,277,277,297,297,297,346,346],"floor_reached":8,"playtime":352,"items_purged":[],"score":56,"play_id":"dda09e8b-dc46-4b1d-a76a-d4b83bbcaf6e","local_time":"20210104165114","is_ascension_mode":false,"campfire_choices":[{"floor":6,"key":"REST"}],"circlet_count":0,"master_deck":["somnambulantmod: SomnambulantStrike","somnambulantmod: SomnambulantStrike","somnambulantmod: SomnambulantStrike","somnambulantmod: SomnambulantStrike","somnambulantmod: SomnambulantStrike","somnambulantmod: Defend_Somnambulant","somnambulantmod: Defend_Somnambulant","somnambulantmod: Defend_Somnambulant","somnambulantmod: Defend_Somnambulant","somnambulantmod: Defend_Somnambulant","somnambulantmod: QuickNap+1","somnambulantmod: PrimingPunch","MurderousAura","REME_Flogging","somnambulantmod: Pinch","somnambulantmod: AllForNothing","jedi:hex","somnambulantmod: AllForNothing","somnambulantmod: Mindlessness"],"relics":["somnambulantmod: DreamJournal","REME_ComplimentaryCards","halation:Sosunser","halation:IllGainedPizza","REME_HandOfSuture","Darkstone Periapt","hubris:Icosahedron","Replay:Bandana","HollowMod:LifeEnderRelic"],"acts_visited":["Exordium"],"potions_floor_usage":[],"damage_taken":[{"damage":13,"enemies":"2 Louse","floor":1,"turns":2},{"damage":0,"enemies":"Small Slimes","floor":3,"turns":3},{"damage":3,"enemies":"Jaw Worm","floor":5,"turns":2},{"damage":30,"enemies":"Lagavulin","floor":8,"turns":4}],"seed_played":"-2391265128999791841","potions_obtained":[{"floor":3,"key":"Explosive Potion"}],"is_trial":false,"path_per_floor":["M","?","M","?","M","R","?","E"],"character_chosen":"THE_SOMNAMBULANT","items_purchased":["REME_Flogging","halation:Sosunser","halation:IllGainedPizza","REME_HandOfSuture","Darkstone Periapt"],"campfire_rested":1,"item_purchase_floors":[0,0,0,0,0],"current_hp_per_floor":[25,25,25,16,13,36,36,6,6],"gold":346,"neow_bonus":"","is_daily":false,"chose_seed":false,"campfire_upgraded":0,"win_rate":0.0,"timestamp":1609797074,"path_taken":["M","?","M","?","M","R","?","E"],"items_purchased_type":["Card","Relic","Relic","Relic","Relic"],"build_version":"2020-12-22","purchased_purges":0,"victory":false,"max_hp_per_floor":[70,70,70,70,70,72,72,72,72],"card_choices":[{"not_picked":["somnambulantmod: Unmake","somnambulantmod: Harden"],"picked":"somnambulantmod: Pinch","floor":1},{"not_picked":["somnambulantmod: Nosebleed","somnambulantmod: SickeningSwathe"],"picked":"somnambulantmod: AllForNothing","floor":3},{"not_picked":["somnambulantmod: Repression","somnambulantmod: Trauma"],"picked":"somnambulantmod: AllForNothing","floor":5},{"not_picked":["somnambulantmod: TrepanningBlow","somnambulantmod: MindWave"],"picked":"somnambulantmod: Mindlessness","floor":8}],"player_experience":251157,"relics_obtained":[{"floor":8,"key":"HollowMod:LifeEnderRelic"}],"event_choices":[{"damage_healed":0,"gold_gain":0,"player_choice":"Ignored","damage_taken":0,"max_hp_gain":0,"max_hp_loss":0,"event_name":"Golden Wing","floor":7,"gold_loss":0}],"is_beta":false,"boss_relics":[],"items_purged_floors":[],"is_endless":false,"potions_floor_spawned":[3],"killed_by":"Lagavulin","ascension_level":0}}