{"host":"d2y4rmbezebiv8aj","time":1609744427,"event":{"mods":["AchievementEnabler","BaseMod","BetterRewards","Colored Map","Colored Powertips","Custom Start","Highlight Path","Minty Spire (QoL Compilation)","Rare Cards Sparkle","Shop Mod","StSLib","SuperFastMode","Synergy Search"],"gold_per_floor":[359,373,127,139,155,187,362,362,362,392,91,366,379,392,392,392,392],"floor_reached":16,"playtime":562,"items_purged":["Decay","Doubt"],"score":134,"play_id":"0569f7b7-bb68-4695-88c5-9fa49d5fe9d9","local_time":"20210104081347","is_ascension_mode":true,"campfire_choices":[{"data":"After Image","floor":8,"key":"SMITH"},{"floor":15,"key":"REST"}],"circlet_count":0,"master_deck":["Strike_G","Strike_G","Strike_G","Strike_G","Strike_G","Defend_G","Defend_G","Defend_G","Defend_G","Defend_G","Survivor","Neutralize","Poisoned Stab","Bane","Sucker Punch","Blade Dance","Bane","After Image+1","Infinite Blades","Sucker Punch","Regret","Noxious Fumes","Deflect"],"relics":["Ring of the Snake","PreservedInsect","Pen Nib","Bronze Scales","Mummified Hand","OrangePellets"],"acts_visited":["Exordium"],"potions_floor_usage":[10,16,16],"damage_taken":[{"damage":7,"enemies":"Cultist","floor":1,"turns":5},{"damage":0,"enemies":"2 Louse","floor":2,"turns":3},{"damage":4,"enemies":"Jaw Worm","floor":4,"turns":2},{"damage":0,"enemies":"Exordium Wildlife","floor":5,"turns":3},{"damage":15,"enemies":"Lagavulin","floor":6,"turns":6},{"damage":18,"enemies":"3 Sentries","floor":10,"turns":9},{"damage":20,"enemies":"Exordium Thugs","floor":13,"turns":4},{"damage":0,"enemies":"Red Slaver","floor":14,"turns":3},{"damage":37,"enemies":"Slime Boss","floor":16,"turns":7}],"seed_played":"3023947073536919514","potions_obtained":[{"floor":1,"key":"CultistPotion"},{"floor":4,"key":"GamblersBrew"},{"floor":5,"key":"Weak Potion"}],"is_trial":false,"path_per_floor":["M","M","$","M","M","E","?","R","T","E","$","?","M","M","R","B"],"character_chosen":"THE_SILENT","items_purchased":["PreservedInsect","Sucker Punch","OrangePellets","Sucker Punch"],"campfire_rested":1,"item_purchase_floors":[3,3,11,11],"current_hp_per_floor":[63,63,63,59,59,44,44,44,44,26,26,26,6,6,27,0,0],"gold":392,"neow_bonus":"TWO_FIFTY_GOLD","is_daily":false,"chose_seed":false,"campfire_upgraded":1,"win_rate":0.0,"timestamp":1609744427,"path_taken":["M","M","$","?","M","E","?","R","T","E","$","?","M","M","R","BOSS"],"items_purchased_type":["Relic","Card","Relic","Card"],"build_version":"2020-12-22","purchased_purges":2,"victory":false,"max_hp_per_floor":[70,70,70,70,70,70,70,70,70,70,70,70,70,70,70,70,70],"card_choices":[{"not_picked":["PiercingWail","Underhanded Strike"],"picked":"Poisoned Stab","floor":1},{"not_picked":["Catalyst","Crippling Poison"],"picked":"Bane","floor":2},{"not_picked":["Sucker Punch","Flechettes"],"picked":"Blade Dance","floor":4},{"not_picked":["Calculated Gamble","Endless Agony"],"picked":"Bane","floor":5},{"not_picked":["Cloak And Dagger","Reflex"],"picked":"After Image","floor":6},{"not_picked":["PiercingWail","Flying Knee"],"picked":"Infinite Blades","floor":10},{"not_picked":["Poisoned Stab","Tactician"],"picked":"Noxious Fumes","floor":13},{"not_picked":["Slice","Quick Slash"],"picked":"Deflect","floor":14}],"player_experience":335337,"relics_obtained":[{"floor":6,"key":"Pen Nib"},{"floor":9,"key":"Bronze Scales"},{"floor":10,"key":"Mummified Hand"}],"event_choices":[{"damage_healed":0,"gold_gain":175,"player_choice":"AGREE","damage_taken":0,"max_hp_gain":0,"max_hp_loss":0,"event_name":"Liars Game","floor":7,"gold_loss":0,"cards_obtained":["Doubt"]},{"damage_healed":0,"gold_gain":275,"player_choice":"Desecrate","damage_taken":0,"max_hp_gain":0,"max_hp_loss":0,"event_name":"Golden Shrine","floor":12,"gold_loss":0,"cards_obtained":["Regret"]}],"is_beta":false,"boss_relics":[],"items_purged_floors":[3,11],"is_endless":false,"potions_floor_spawned":[1,4,5],"killed_by":"Slime Boss","ascension_level":4}}