{"host":"0cnf9zf1gia27zti","time":1609776931,"event":{"mods":["BaseMod","Better Third Choice","BetterRewards","Card Forge","ChefMod","Colored Map","Colored Powertips","Conspire","Downfall","Googly Eyes","Infinite Spire","Minty Spire (QoL Compilation)","Practice Mode","Quick Restart","Replay The Spire","Shade Mod","Spicy Shops","StSLib","The Marked"],"gold_per_floor":[150,201,32,71,71,161,161,242,242,242,199,235,69,165,165,393,393,444,113,161,0,0,78,78,142,142,247,298,298,298,394,394,628,628,664,664,712,792,792,873,873,972,972,1059,979,1030,1420,1476,1476,1476,1476],"floor_reached":52,"playtime":5803,"items_purged":[],"score":3248,"play_id":"acb141b5-8a95-4289-8236-e26252c028dd","local_time":"20210104161531","daily_mods":["SealedDeck","Heirloom","downfall:Lament","DeadlyEvents","Elite Swarm","Midas"],"is_ascension_mode":true,"campfire_choices":[{"floor":7,"key":"REST"},{"floor":10,"key":"REST"},{"floor":24,"key":"REST"},{"floor":30,"key":"REST"},{"floor":32,"key":"REST"},{"floor":41,"key":"REST"}],"circlet_count":0,"master_deck":["AscendersBane","Blade Dance+1","Skewer+1","conspire:DoublingDagger+1","Blade Dance+1","Noxious Fumes+1","Blur+1","Prepared+1","Backflip+1","Backflip+1","Backflip+1","Prepared+1","Blade Dance+1","Prepared+1","After Image+1","Malaise+1","Footwork+1","Doppelganger+1","infinitespire:Neurotoxin+1","Cloak And Dagger+1","Footwork+1","ReplayTheSpireMod:Speed Training+1","Adrenaline+1","Prepared+1","Doppelganger+1","Blade Dance+1","infinitespire:Neurotoxin+1","After Image+1","Terror+1","Poison Darts+1","A Thousand Cuts+1","Tools of the Trade+1","Malaise+1","Quick Slash+1","A Thousand Cuts+1","Backflip+1"],"relics":["Replay:M_StaffOfTheSnake","Seething Fire","Anvil of the Gods","NeowsBlessing","Ring of Chaos","Counterbalance","Chemical X","Sizzling Blood","Eternal Feather","Replay:Arrowhead","infinitespire:Midas Blood","Strawberry","Potion Belt","infinitespire:Cubic Diamond","expansioncontent:StudyCardRelic","Membership Card","Happy Flower","Incense Burner","Pen Nib","Pet Ghost","Gambling Chip","infinitespire:Bottled Soul","Thread and Needle","sneckomod:SneckoTalon","Golden Egg","Whetstone","Iron Hammer","Chameleon Ring","Question Card","Old Coin"],"acts_visited":["Exordium","TheCity","TheBeyond"],"potions_floor_usage":[16,16,33,33,50,50,50],"damage_taken":[{"damage":0,"enemies":"Cultist","floor":1,"turns":1},{"damage":0,"enemies":"Small Slimes","floor":2,"turns":1},{"damage":0,"enemies":"Jaw Worm","floor":4,"turns":1},{"damage":0,"enemies":"Lagavulin","floor":6,"turns":4},{"damage":0,"enemies":"3 Sentries","floor":8,"turns":6},{"damage":0,"enemies":"Exordium Wildlife","floor":12,"turns":3},{"damage":0,"enemies":"Lagavulin","floor":14,"turns":4},{"damage":0,"enemies":"Hexaghost","floor":16,"turns":6},{"damage":0,"enemies":"Spheric Guardian","floor":18,"turns":2},{"damage":0,"enemies":"3 Byrds","floor":20,"turns":4},{"damage":0,"enemies":"Gremlin Leader","floor":23,"turns":6},{"damage":18,"enemies":"Centurion and Healer","floor":25,"turns":5},{"damage":0,"enemies":"Slavers","floor":27,"turns":4},{"damage":0,"enemies":"Chosen and Byrds","floor":28,"turns":3},{"damage":0,"enemies":"Gremlin Leader","floor":31,"turns":3},{"damage":0,"enemies":"Automaton","floor":33,"turns":5},{"damage":0,"enemies":"Orb Walker","floor":35,"turns":3},{"damage":0,"enemies":"3 Darklings","floor":37,"turns":3},{"damage":6,"enemies":"R_Hoarder","floor":38,"turns":6},{"damage":0,"enemies":"Reptomancer","floor":40,"turns":4},{"damage":0,"enemies":"Nemesis","floor":42,"turns":4},{"damage":0,"enemies":"Reptomancer","floor":44,"turns":2},{"damage":0,"enemies":"4 Shapes","floor":46,"turns":4},{"damage":0,"enemies":"R_Hoarder","floor":47,"turns":4},{"damage":2,"enemies":"Writhing Mass","floor":48,"turns":4},{"damage":0,"enemies":"LordOfAnnihilation","floor":50,"turns":11},{"damage":0,"enemies":"Donu and Deca","floor":51,"turns":7}],"seed_played":"8904650698837058039","potions_obtained":[{"floor":6,"key":"LiquidBronze"},{"floor":8,"key":"Milkshake"},{"floor":16,"key":"Elixir"},{"floor":25,"key":"SteroidPotion"},{"floor":27,"key":"BlessingOfTheForge"},{"floor":28,"key":"Milkshake"},{"floor":33,"key":"CunningPotion"},{"floor":37,"key":"SteroidPotion"},{"floor":42,"key":"DuplicationPotion"},{"floor":49,"key":"Milkshake"},{"floor":49,"key":"hexamod:EctoCoolerPotion"}],"is_trial":true,"path_per_floor":["M","M","$","M","?","E","R","E","T","R","$","M","$","E","R_BF","B",null,"M","$","M","$","?","E","R","M","T","E","M","T","R","E","R","B",null,"M","?","M","E","?","E","R","E","T","E","$","M","E","M","R","B","B",null],"character_chosen":"THE_SILENT","items_purchased":["Chemical X","Footwork","Strawberry","Membership Card","Footwork","Happy Flower","Incense Burner","Malaise"],"campfire_rested":6,"item_purchase_floors":[3,11,13,19,19,19,21,45],"current_hp_per_floor":[59,59,59,59,63,67,70,70,70,70,70,70,77,77,77,77,77,77,77,77,77,77,77,77,63,63,67,71,71,77,77,77,77,77,77,77,77,75,75,77,77,77,77,77,77,77,77,77,77,77,77],"gold":1476,"neow_bonus":"","is_daily":false,"chose_seed":false,"campfire_upgraded":0,"win_rate":0.0,"timestamp":1609776931,"path_taken":["M","M","$","M","?","E","R","E","T","R","$","M","$","E","R_BF","BOSS","M","$","M","$","?","E","R","M","T","E","M","?","R","E","R","BOSS","M","?","M","?","?","E","R","E","T","E","$","M","E","M","R","BOSS","BOSS"],"items_purchased_type":["Relic","Card","Relic","Relic","Card","Relic","Relic","Card"],"build_version":"2020-12-22","purchased_purges":0,"victory":true,"max_hp_per_floor":[66,66,66,66,70,70,70,70,70,70,70,70,77,77,77,77,77,77,77,77,77,77,77,77,77,77,77,77,77,77,77,77,77,77,77,77,77,77,77,77,77,77,77,77,77,77,77,77,77,77,77],"card_choices":[{"not_picked":["Deadly Poison","Riddle With Holes"],"picked":"Prepared","floor":1},{"not_picked":["Hidden Blade","Fluid Movement"],"picked":"Blade Dance","floor":2},{"not_picked":["Poisoned Stab","ReplayTheSpireMod:Scrap Shanks"],"picked":"Prepared","floor":4},{"not_picked":["Envenom","Phantasmal Killer"],"picked":"After Image","floor":6},{"not_picked":["ReplayTheSpireMod:Necrosis","Malaise","Phantasmal Killer"],"picked":"SKIP","floor":8},{"not_picked":["ReplayTheSpireMod:Necrosis","Phantasmal Killer"],"picked":"Malaise","floor":8},{"not_picked":["Hidden Blade","Expertise","Underhanded Strike"],"picked":"SKIP","floor":12},{"not_picked":["Night Terror","Grand Finale"],"picked":"Doppelganger","floor":14},{"not_picked":["Atom Bomb","Establishment"],"picked":"infinitespire:Neurotoxin","floor":16},{"not_picked":["Catalyst","Expertise"],"picked":"Cloak And Dagger","floor":18},{"not_picked":["Dagger Throw","ReplayTheSpireMod:The Works"],"picked":"ReplayTheSpireMod:Speed Training+1","floor":20},{"not_picked":["Die Die Die","ReplayTheSpireMod:From All Sides"],"picked":"Adrenaline","floor":23},{"not_picked":["Underhanded Strike","Quick Slash"],"picked":"Prepared","floor":25},{"not_picked":["Venomology","Glass Knife"],"picked":"Doppelganger","floor":27},{"not_picked":["Masterful Stab","Dodge and Roll+1"],"picked":"Blade Dance","floor":28},{"not_picked":["Corpse Explosion","Unload","Phantasmal Killer"],"picked":"SKIP","floor":31},{"not_picked":["Envenom","Unload"],"picked":"infinitespire:Neurotoxin","floor":33},{"not_picked":["Prepared+1","Expertise+1","PiercingWail"],"picked":"SKIP","floor":35},{"not_picked":["Predator","Distraction+1"],"picked":"Terror","floor":37},{"not_picked":["infinitespire:Neurotoxin","Replay:Bag of Tricks"],"picked":"Poison Darts","floor":38},{"not_picked":["Burst","Tools of the Trade"],"picked":"A Thousand Cuts","floor":40},{"not_picked":["Corpse Explosion","Night Terror","Grand Finale"],"picked":"SKIP","floor":42},{"not_picked":["Unload","Die Die Die"],"picked":"Tools of the Trade","floor":44},{"not_picked":["Cloak And Dagger","Dodge and Roll","Concentrate"],"picked":"Quick Slash+1","floor":46},{"not_picked":["Die Die Die","Grand Finale","Burst"],"picked":"A Thousand Cuts","floor":47},{"not_picked":["Dagger Throw","Terror","conspire:PoisonWeapons"],"picked":"Backflip+1","floor":48}],"player_experience":3036358,"relics_obtained":[{"floor":6,"key":"Eternal Feather"},{"floor":8,"key":"Replay:Arrowhead"},{"floor":9,"key":"infinitespire:Midas Blood"},{"floor":14,"key":"Potion Belt"},{"floor":23,"key":"Pen Nib"},{"floor":26,"key":"Pet Ghost"},{"floor":27,"key":"Gambling Chip"},{"floor":29,"key":"infinitespire:Bottled Soul"},{"floor":31,"key":"Thread and Needle"},{"floor":38,"key":"Golden Egg"},{"floor":40,"key":"Whetstone"},{"floor":42,"key":"Iron Hammer"},{"floor":43,"key":"Chameleon Ring"},{"floor":44,"key":"Question Card"},{"floor":47,"key":"Old Coin"}],"event_choices":[{"damage_healed":0,"gold_gain":0,"player_choice":"Copied","damage_taken":0,"max_hp_gain":0,"max_hp_loss":0,"event_name":"Duplicator","floor":36,"gold_loss":0,"cards_obtained":["After Image"]}],"is_beta":false,"boss_relics":[{"not_picked":["Velvet Choker","Calling Bell"],"picked":"expansioncontent:StudyCardRelic"},{"not_picked":["Snecko Eye","Kintsugi"],"picked":"sneckomod:SneckoTalon"}],"items_purged_floors":[],"is_endless":false,"potions_floor_spawned":[6,8,16,25,27,28,33,37,42,48],"ascension_level":20}}