{"host":"whloki2o3dp1b07n","time":1609768741,"event":{"mods":["100% Spire Juice","Abigail Mod","Act Like it!","Arknights The Spire","BaseMod","Better Synergies","Block Reminder","CapriCore","Colored Map","Colored Powertips","DNKmod","Evolution","Friendly Minions","GifTheSpireLib","GungeonMod","HexUI Lib","Koishi","Marked Mod","Minty Spire (QoL Compilation)","StSLib","Swap Starting Deck Mod","The Bug Knight","The Marked","Transform Curses"],"gold_per_floor":[119,136,156,36,49,49,78,78,78,9,9,29,29,41,41,136,16,30,46,56,56,56],"floor_reached":21,"playtime":1368,"items_purged":[],"score":183,"play_id":"630379a0-a86f-41a5-a91f-a51c1d408409","local_time":"20210104085901","is_ascension_mode":false,"campfire_choices":[{"data":"Moonworks:Ambush","floor":6,"key":"SMITH"},{"floor":8,"key":"REST"},{"data":"Moonworks:StarBlastingFuse","floor":13,"key":"SMITH"},{"data":"Moonworks:LulusLuckyEgg","floor":15,"key":"SMITH"}],"circlet_count":0,"master_deck":["Moonworks:Ambush+1","Moonworks:LongDistanceShot","Moonworks:ImOnFire","Moonworks:EvilSpyWorkPreparation","Moonworks:DeployBits","Moonworks:ImOnFire","Moonworks:StarBlastingFuse+1","Moonworks:DevilHand","Moonworks:MiracleRedBeanIceCream","Moonworks:LulusLuckyEgg+1","Moonworks:RocketCannon","Moonworks:CrystalBarrier","Moonworks:SealedMemories","Moonworks:Wanted","Moonworks:WindyEnchantment","Moonworks:Bloodlust","Moonworks:MeltingMemories","Moonworks:ExtendedPhotonRifle","Moonworks:ShieldCounter","Moonworks:SakisCookie","Moonworks:SakisCookie","Moonworks:SakisCookie"],"relics":["Moonworks:BrokenBomb","Moonworks:Homemark","EVO:Axolotl","Happy Flower","Gambling Chip","Torii","Pandora\u0027s Box"],"acts_visited":["Exordium","TheCity"],"potions_floor_usage":[16,20,21],"damage_taken":[{"damage":5,"enemies":"Jaw Worm","floor":1,"turns":5},{"damage":1,"enemies":"Cultist","floor":2,"turns":3},{"damage":0,"enemies":"2 Louse","floor":3,"turns":2},{"damage":4,"enemies":"Large Slime","floor":5,"turns":5},{"damage":14,"enemies":"3 Sentries","floor":7,"turns":6},{"damage":2,"enemies":"Gremlin Gang","floor":12,"turns":3},{"damage":5,"enemies":"Lots of Slimes","floor":14,"turns":4},{"damage":33,"enemies":"The Guardian","floor":16,"turns":10},{"damage":42,"enemies":"2 Thieves","floor":18,"turns":3},{"damage":28,"enemies":"Shell Parasite","floor":19,"turns":3},{"damage":17,"enemies":"Chosen and Byrds","floor":20,"turns":4},{"damage":37,"enemies":"Snake Plant","floor":21,"turns":3}],"seed_played":"1610860542781395996","potions_obtained":[{"floor":5,"key":"DuplicationPotion"},{"floor":12,"key":"Strength Potion"},{"floor":16,"key":"SpeedPotion"},{"floor":18,"key":"DistilledChaos"},{"floor":20,"key":"Fire Potion"}],"is_trial":false,"path_per_floor":["M","M","M","?","M","R","E","R","T","$","?","M","R","M","R","B",null,"M","M","M","M"],"character_chosen":"THE_STARBREAKER","items_purchased":["Moonworks:DevilHand"],"campfire_rested":1,"item_purchase_floors":[10],"current_hp_per_floor":[61,60,60,66,62,62,48,66,66,66,66,64,64,59,59,26,66,30,12,15,0,0],"gold":56,"neow_bonus":"TEN_PERCENT_HP_BONUS","is_daily":false,"chose_seed":false,"campfire_upgraded":3,"win_rate":0.0,"timestamp":1609768741,"path_taken":["M","M","M","?","?","R","E","R","T","?","?","M","R","M","R","BOSS","M","?","M","M"],"items_purchased_type":["Card"],"build_version":"2020-12-22","purchased_purges":0,"victory":false,"max_hp_per_floor":[66,66,66,66,66,66,66,66,66,66,66,66,66,66,66,66,66,66,66,66,66,66],"card_choices":[{"not_picked":["Moonworks:SakisCookie","Moonworks:Assault"],"picked":"Moonworks:ImOnFire","floor":1},{"not_picked":["Moonworks:BigMagnum","Moonworks:SakisCookie"],"picked":"Moonworks:EvilSpyWorkPreparation","floor":2},{"not_picked":["Moonworks:WindyEnchantment","Moonworks:CastOff"],"picked":"Moonworks:DeployBits","floor":3},{"not_picked":["Moonworks:LuckyCharm","Moonworks:BigMagnum"],"picked":"Moonworks:ImOnFire","floor":5},{"not_picked":["Moonworks:ShieldCounter","Moonworks:ReproductionOfRecords"],"picked":"Moonworks:StarBlastingFuse","floor":7},{"not_picked":["Moonworks:FullSpeedAlicianrone","Moonworks:DeployBits"],"picked":"Moonworks:MiracleRedBeanIceCream","floor":12},{"not_picked":["Moonworks:NicePresent","Moonworks:FinalSurgery"],"picked":"Moonworks:LulusLuckyEgg","floor":14},{"not_picked":["Moonworks:ShieldCounter","Moonworks:HolyNight"],"picked":"Moonworks:RocketCannon","floor":16},{"not_picked":["Moonworks:WindyEnchantment+1","Moonworks:UnluckyCharm+1"],"picked":"Moonworks:SakisCookie","floor":18},{"not_picked":["Moonworks:ScrambledEve","Moonworks:JonathanRush"],"picked":"Moonworks:SakisCookie","floor":19},{"not_picked":["Moonworks:JonathanRush+1","Moonworks:CloudOfSeagulls"],"picked":"Moonworks:SakisCookie","floor":20}],"player_experience":1110856,"relics_obtained":[{"floor":7,"key":"Happy Flower"},{"floor":9,"key":"Gambling Chip"}],"event_choices":[{"damage_healed":6,"gold_gain":0,"player_choice":"Full Heal","damage_taken":0,"max_hp_gain":0,"max_hp_loss":0,"event_name":"Wheel of Change","floor":4,"gold_loss":0},{"damage_healed":0,"gold_gain":0,"player_choice":"Gave Potion","damage_taken":0,"relics_obtained":["Torii"],"max_hp_gain":0,"max_hp_loss":0,"event_name":"WeMeetAgain","floor":11,"gold_loss":0}],"is_beta":false,"boss_relics":[{"not_picked":["SlaversCollar","Fusion Hammer"],"picked":"Pandora\u0027s Box"}],"items_purged_floors":[],"is_endless":false,"potions_floor_spawned":[5,12,16,18,20],"killed_by":"Snake Plant","ascension_level":0}}