{"host":"1zt0sbx2lxtdq0i6","time":1609795275,"event":{"mods":["BaseMod","Card Forge","Minty Spire (QoL Compilation)","Permanent Neow","Prisma Mod","Shop Mod","StSLib"],"gold_per_floor":[110,185,205,205,226,259,282,302,328,328,143,156,175,211,211,336,336,360,360,378,394,215,239,254,297,297,321,357,357,357,393,393,512,512,537,537,186,249,273,312,234,257,312,312,13,32,112,147,147,147,147,147,20,63,63,63],"floor_reached":55,"playtime":4465,"items_purged":[],"score":899,"play_id":"8d97fea0-380e-4df2-b17d-96660164ec41","local_time":"20210104222115","is_ascension_mode":false,"campfire_choices":[{"floor":10.0,"key":"RECALL"},{"floor":15.0,"key":"REST"},{"floor":32.0,"key":"REST"},{"floor":49,"key":"REST"},{"floor":52,"key":"REST"}],"circlet_count":0,"master_deck":["Zap+1","Dualcast+1","Conserve Battery+1","Conserve Battery+1","Genetic Algorithm+1","Redo+1","Ball Lightning+1","Redo+1","Static Discharge+1","Genetic Algorithm+1","Ball Lightning+1","Multi-Cast+1","Machine Learning+1","Storm+1","Conserve Battery+1","Multi-Cast+1","Thunder Strike+1","Self Repair+1","Conserve Battery+1","Redo+1","Heatsinks+1","Rebound+1","Capacitor+1","Ball Lightning+1","Loop+1","Biased Cognition+1","Electrodynamics+1","Leap+1","Defragment+1","Skim+1","Stack+1","Loop+1","Loop+1","Redo+1"],"relics":["Cracked Core","Hammer of Thor","Seething Fire","Anvil of the Gods","Golden Idol","Meat on the Bone","MerchantsRug","Potion Belt","Fusion Hammer","Strawberry","Bronze Scales","Shuriken","Oddly Smooth Stone","PreservedInsect","Eternal Feather","Happy Flower","Cursed Key","Toolbox","Centennial Puzzle","WingedGreaves","Letter Opener","War Paint","Torii","Gremlin Horn","CaptainsWheel","Strange Spoon","Mummified Hand"],"acts_visited":["Exordium","TheCity","TheBeyond","TheEnding"],"potions_floor_usage":[50,50,50,50],"damage_taken":[{"damage":5.0,"enemies":"Small Slimes","floor":1.0,"turns":4.0},{"damage":0.0,"enemies":"Cultist","floor":3.0,"turns":3.0},{"damage":0.0,"enemies":"2 Louse","floor":5.0,"turns":2.0},{"damage":1.0,"enemies":"Gremlin Nob","floor":6.0,"turns":3.0},{"damage":0.0,"enemies":"Looter","floor":7.0,"turns":3.0},{"damage":0.0,"enemies":"2 Fungi Beasts","floor":8.0,"turns":2.0},{"damage":1.0,"enemies":"Large Slime","floor":12.0,"turns":4.0},{"damage":10.0,"enemies":"Looter","floor":13.0,"turns":2.0},{"damage":14.0,"enemies":"3 Sentries","floor":14.0,"turns":5.0},{"damage":6.0,"enemies":"Slime Boss","floor":16.0,"turns":6.0},{"damage":5.0,"enemies":"3 Byrds","floor":18.0,"turns":4.0},{"damage":0.0,"enemies":"Spheric Guardian","floor":20.0,"turns":3.0},{"damage":21.0,"enemies":"Snake Plant","floor":21.0,"turns":2.0},{"damage":18.0,"enemies":"Shelled Parasite and Fungi","floor":23.0,"turns":4.0},{"damage":5.0,"enemies":"Centurion and Healer","floor":24.0,"turns":3.0},{"damage":0.0,"enemies":"Gremlin Leader","floor":25.0,"turns":5.0},{"damage":0.0,"enemies":"3 Cultists","floor":27.0,"turns":3.0},{"damage":54.0,"enemies":"Slavers","floor":28.0,"turns":4.0},{"damage":1.0,"enemies":"Book of Stabbing","floor":31.0,"turns":4.0},{"damage":20.0,"enemies":"Automaton","floor":33.0,"turns":5.0},{"damage":18.0,"enemies":"3 Darklings","floor":35.0,"turns":3.0},{"damage":19.0,"enemies":"2 Orb Walkers","floor":38.0,"turns":3.0},{"damage":0.0,"enemies":"Orb Walker","floor":39.0,"turns":2.0},{"damage":23.0,"enemies":"Nemesis","floor":40.0,"turns":3.0},{"damage":1,"enemies":"4 Shapes","floor":42,"turns":2},{"damage":0,"enemies":"Transient","floor":46,"turns":5},{"damage":13,"enemies":"Giant Head","floor":48,"turns":5},{"damage":31,"enemies":"Donu and Deca","floor":50,"turns":5},{"damage":50,"enemies":"Shield and Spear","floor":54,"turns":3},{"damage":52,"enemies":"The Heart","floor":55,"turns":3}],"seed_played":"1180054956663768589","potions_obtained":[{"floor":0.0,"key":"EssenceOfSteel"},{"floor":0.0,"key":"EntropicBrew"},{"floor":0.0,"key":"Fire Potion"},{"floor":6.0,"key":"Regen Potion"},{"floor":13.0,"key":"Fire Potion"},{"floor":16.0,"key":"Weak Potion"},{"floor":18.0,"key":"Energy Potion"},{"floor":21.0,"key":"PowerPotion"},{"floor":24.0,"key":"AttackPotion"},{"floor":25.0,"key":"FocusPotion"},{"floor":31.0,"key":"Ancient Potion"},{"floor":35.0,"key":"Swift Potion"},{"floor":40.0,"key":"LiquidMemories"},{"floor":42,"key":"AttackPotion"},{"floor":48,"key":"SteroidPotion"},{"floor":54,"key":"SteroidPotion"}],"is_trial":false,"path_per_floor":["M","?","M","?","M","E","M","M","T","R","$","M","M","E","R","B",null,"M","?","M","M","$","M","M","E","T","M","E","T","?","E","R","B",null,"M","?","$","?","M","E","$","M","T","?","$","M","T","E","R","B",null,"R","$","E","B"],"character_chosen":"DEFECT","items_purchased":["MerchantsRug","Static Discharge","Heatsinks","Strawberry","Toolbox","Centennial Puzzle","Defragment","Loop","Torii","Strange Spoon"],"campfire_rested":4,"item_purchase_floors":[11,11,22,22,37,37,37,41,45,53],"current_hp_per_floor":[70,59,59,59,59,58,58,58,58,58,58,69,59,45,67,61,75,70,70,75,54,61,53,58,68,68,78,46,46,46,55,82,72,82,74,82,82,73,73,60,60,69,69,69,69,79,79,76,82,51,82,82,82,44,0,0],"gold":63,"neow_bonus":"THREE_SMALL_POTIONS","is_daily":false,"chose_seed":false,"campfire_upgraded":0,"win_rate":0.0,"timestamp":1609795275,"path_taken":["M","?","M","?","M","E","M","M","T","R","$","M","M","E","R","BOSS","M","?","?","M","$","M","M","E","T","M","E","?","?","E","R","BOSS","M","?","$","?","M","E","$","M","T","?","$","M","?","E","R","BOSS","R","$","E","BOSS"],"items_purchased_type":["Relic","Card","Card","Relic","Relic","Relic","Card","Card","Relic","Relic"],"build_version":"2020-12-22","purchased_purges":0,"victory":false,"max_hp_per_floor":[75,75,75,75,75,75,75,75,75,75,75,75,75,75,75,75,75,75,75,75,75,82,82,82,82,82,82,82,82,82,82,82,82,82,82,82,82,82,82,82,82,82,82,82,82,82,82,82,82,82,82,82,82,82,82,82],"card_choices":[{"not_picked":["Redo","Steam"],"picked":"Conserve Battery","floor":1.0},{"not_picked":["Darkness","Consume"],"picked":"Conserve Battery","floor":3.0},{"not_picked":["Chaos","Coolheaded"],"picked":"Genetic Algorithm","floor":5.0},{"not_picked":["Streamline","Echo Form"],"picked":"Redo","floor":6.0},{"not_picked":["Rip and Tear","Coolheaded"],"picked":"Ball Lightning","floor":7.0},{"not_picked":["Stack","Double Energy"],"picked":"Redo","floor":8.0},{"not_picked":["Steam","Hologram"],"picked":"Conserve Battery","floor":12.0},{"not_picked":["Barrage","Cold Snap","Gash"],"picked":"SKIP","floor":13.0},{"not_picked":["Rebound","Steam"],"picked":"Multi-Cast","floor":14.0},{"not_picked":["Buffer","Creative AI"],"picked":"Thunder Strike","floor":16.0},{"not_picked":["Conserve Battery+1","Storm"],"picked":"Self Repair","floor":18.0},{"not_picked":["Compile Driver","Darkness"],"picked":"Conserve Battery+1","floor":20.0},{"not_picked":["Compile Driver","Streamline+1"],"picked":"Redo","floor":21.0},{"not_picked":["Reboot","Cold Snap"],"picked":"Rebound+1","floor":23.0},{"not_picked":["Coolheaded","BootSequence","Rip and Tear+1"],"picked":"SKIP","floor":24.0},{"not_picked":["Stack","Hologram+1"],"picked":"Capacitor","floor":25.0},{"not_picked":["FTL","Redo"],"picked":"Ball Lightning+1","floor":27.0},{"not_picked":["Gash","Tempest+1"],"picked":"Loop","floor":28.0},{"not_picked":["Conserve Battery","Beam Cell"],"picked":"Biased Cognition","floor":31.0},{"not_picked":["Biased Cognition","Seek"],"picked":"Electrodynamics","floor":33.0},{"not_picked":["Gash","FTL+1"],"picked":"Leap+1","floor":35.0},{"not_picked":["Hologram+1","Compile Driver"],"picked":"Skim+1","floor":38.0},{"not_picked":["Compile Driver","Coolheaded"],"picked":"Stack+1","floor":39.0},{"not_picked":["Glacier","Sweeping Beam","Gash"],"picked":"SKIP","floor":40.0},{"not_picked":["Compile Driver+1","Reinforced Body+1"],"picked":"Loop+1","floor":42},{"not_picked":["Hologram","Echo Form"],"picked":"Redo+1","floor":46},{"not_picked":["Cold Snap+1","Skim+1","Go for the Eyes"],"picked":"SKIP","floor":48},{"not_picked":["Self Repair","Gash+1","Streamline+1"],"picked":"SKIP","floor":54}],"player_experience":11206,"relics_obtained":[{"floor":6.0,"key":"Meat on the Bone"},{"floor":14.0,"key":"Potion Belt"},{"floor":25.0,"key":"Bronze Scales"},{"floor":26.0,"key":"Shuriken"},{"floor":28.0,"key":"Oddly Smooth Stone"},{"floor":29.0,"key":"PreservedInsect"},{"floor":31.0,"key":"Happy Flower"},{"floor":38.0,"key":"WingedGreaves"},{"floor":40.0,"key":"Letter Opener"},{"floor":43,"key":"War Paint"},{"floor":47,"key":"Gremlin Horn"},{"floor":48,"key":"CaptainsWheel"},{"floor":54,"key":"Mummified Hand"}],"event_choices":[{"damage_healed":0.0,"max_hp_gain":0.0,"max_hp_loss":0.0,"gold_gain":75.0,"event_name":"World of Goop","player_choice":"Gather Gold","floor":2.0,"gold_loss":0.0,"damage_taken":11.0},{"damage_healed":0.0,"max_hp_gain":0.0,"max_hp_loss":0.0,"gold_gain":0.0,"event_name":"Golden Idol","player_choice":"Take Wound","floor":4.0,"gold_loss":0.0,"damage_taken":0.0,"relics_obtained":["Golden Idol"],"cards_obtained":["Injury"]},{"damage_healed":0.0,"max_hp_gain":0.0,"max_hp_loss":0.0,"gold_gain":0.0,"event_name":"Upgrade Shrine","player_choice":"Ignored","floor":19.0,"gold_loss":0.0,"damage_taken":0.0},{"damage_healed":0.0,"max_hp_gain":0.0,"max_hp_loss":0.0,"gold_gain":0.0,"event_name":"The Mausoleum","player_choice":"Opened","floor":30.0,"gold_loss":0.0,"damage_taken":0.0,"relics_obtained":["Eternal Feather"]},{"damage_healed":21.0,"max_hp_gain":0.0,"max_hp_loss":0.0,"gold_gain":0.0,"event_name":"Winding Halls","player_choice":"Writhe","floor":36.0,"gold_loss":0.0,"damage_taken":0.0,"cards_obtained":["Writhe"]},{"damage_healed":0.0,"max_hp_gain":0.0,"max_hp_loss":0.0,"gold_gain":0.0,"event_name":"Mysterious Sphere","player_choice":"Fight","floor":38.0,"gold_loss":0.0,"damage_taken":0.0},{"damage_healed":0,"gold_gain":0,"player_choice":"Ignored","damage_taken":0,"max_hp_gain":0,"max_hp_loss":0,"event_name":"Tomb of Lord Red Mask","floor":44,"gold_loss":0}],"is_beta":false,"boss_relics":[{"not_picked":["Empty Cage","Inserter"],"picked":"Fusion Hammer"},{"not_picked":["Coffee Dripper","Busted Crown"],"picked":"Cursed Key"}],"items_purged_floors":[],"is_endless":false,"potions_floor_spawned":[6,7,8,13,16,18,21,24,25,31,35,40,42,48,54],"killed_by":"The Heart","ascension_level":0}}