{"host":"zjc1tzo4ovig5lll","time":1609777360,"event":{"mods":["AchievementEnabler","Aspiration","BaseMod","Beaked The Cultist","Better Altar","Better Match","Better Note","Better Sensory Stone","Colored Map","Colored Powertips","Conspire","Energized Spire","Friendly Minions","GifTheSpireLib","Halation","Hermit","Hubris","Minty Spire (QoL Compilation)","Rare Cards Sparkle","Replay The Spire","StSLib","The Blue Laboratory","The Bug Knight","The Construct","The Jungle","everything is the same but u backflip on backflip","vexMod"],"gold_per_floor":[213,167,92,109,122,122,156,156,156,170,25,25,49,59,59,154,154,167,85,72,33,33,63,63,63,112,147,167,167,177,192,192,288,288,308,327,338,338,338],"floor_reached":38,"playtime":2693,"items_purged":[],"score":458,"play_id":"fa01e5cb-b076-48f7-80b5-97876028a2c9","local_time":"20210104182240","is_ascension_mode":true,"campfire_choices":[{"data":"Dagger Spray","floor":6,"key":"SMITH"},{"floor":12,"key":"REST"},{"data":"Caltrops","floor":15,"key":"SMITH"},{"data":"Envenom","floor":24,"key":"SMITH"},{"floor":29,"key":"REST"},{"data":"Caltrops","floor":32,"key":"SMITH"}],"circlet_count":0,"master_deck":["Strike_G+1","Strike_G","Strike_G","Strike_G","Strike_G","Defend_G","Defend_G","Defend_G+1","Defend_G","Defend_G","Survivor","Neutralize+1","Acrobatics","Backflip+1","ReplayTheSpireMod:Speed Training+1","Dagger Spray+1","Prepared+1","Caltrops+1","After Image","Envenom+1","ReplayTheSpireMod:From All Sides+1","Infinite Blades+1","Accuracy+1","hubris:SlightOfHand+1","Caltrops+1","Backflip+1","Dash+1","Envenom+1"],"relics":["Ring of the Snake","InkBottle","halation:PinkSoulGem","conspire:Dentures","Snecko Scales","hubris:Icosahedron","War Paint","Whetstone","hubris:CrystalStatue","Replay:Grab Bag","hubris:VirtuousBlindfold","vexMod:CursedCompass","vexMod:ImprovementManual"],"acts_visited":["Exordium","TheCity","TheBeyond"],"potions_floor_usage":[37],"damage_taken":[{"damage":1,"enemies":"Jaw Worm","floor":1,"turns":6},{"damage":6,"enemies":"Cultist","floor":4,"turns":6},{"damage":2,"enemies":"Small Slimes","floor":5,"turns":3},{"damage":31,"enemies":"Gremlin Nob","floor":7,"turns":5},{"damage":4,"enemies":"Blue Slaver","floor":10,"turns":5},{"damage":3,"enemies":"Red Slaver","floor":14,"turns":6},{"damage":42,"enemies":"Slime Boss","floor":16,"turns":12},{"damage":0,"enemies":"Chosen","floor":18,"turns":7},{"damage":19,"enemies":"2 Thieves","floor":20,"turns":5},{"damage":10,"enemies":"Book of Stabbing","floor":23,"turns":7},{"damage":11,"enemies":"Replay:Snechameleon","floor":27,"turns":6},{"damage":7,"enemies":"Centurion and Healer","floor":28,"turns":9},{"damage":2,"enemies":"Snecko","floor":30,"turns":4},{"damage":0,"enemies":"Shelled Parasite and Fungi","floor":31,"turns":7},{"damage":4,"enemies":"Automaton","floor":33,"turns":9},{"damage":0,"enemies":"3 Shapes","floor":35,"turns":4},{"damage":18,"enemies":"3 Darklings","floor":36,"turns":6},{"damage":28,"enemies":"Transient","floor":37,"turns":5},{"damage":41,"enemies":"Jaw Worm Horde","floor":38,"turns":4}],"seed_played":"-4487139799303456465","potions_obtained":[{"floor":7,"key":"blueLaboratory:BottledHope"},{"floor":23,"key":"Explosive Potion"},{"floor":28,"key":"conspire:TimeTravelPotion"}],"is_trial":false,"path_per_floor":["M","$","?","M","M","R","E","?","T","M","$","R","T","M","R","B",null,"M","$","M","$","?","E","R","?","T","E","M","R","M","M","R","B",null,"M","M","M","M"],"character_chosen":"THE_SILENT","items_purchased":["Backflip","After Image","Accuracy","Caltrops"],"campfire_rested":2,"item_purchase_floors":[2,11,19,21],"current_hp_per_floor":[69,69,69,63,61,61,30,30,30,26,26,47,47,44,44,2,70,70,70,51,51,51,41,41,41,41,30,23,44,42,42,42,38,70,70,52,24,0,0],"gold":338,"neow_bonus":"HUNDRED_GOLD","is_daily":false,"chose_seed":false,"campfire_upgraded":4,"win_rate":0.0,"timestamp":1609777360,"path_taken":["M","$","?","M","?","R","E","?","T","M","$","R","?","M","R","BOSS","M","$","M","$","?","E","R","?","T","E","?","R","M","M","R","BOSS","M","M","?","M"],"items_purchased_type":["Card","Card","Card","Card"],"build_version":"2020-12-22","purchased_purges":0,"victory":false,"max_hp_per_floor":[70,70,70,70,70,70,70,70,70,70,70,70,70,70,70,70,70,70,70,70,70,70,70,70,70,70,70,70,70,70,70,70,70,70,70,70,70,70,70],"card_choices":[{"not_picked":["ReplayTheSpireMod:Tripwire","Toxin Wave"],"picked":"Acrobatics","floor":1},{"not_picked":["Terror+1","Replay:Poison Smokescreen+1"],"picked":"ReplayTheSpireMod:Speed Training+1","floor":3},{"not_picked":["Cloak And Dagger","Bane"],"picked":"Dagger Spray","floor":4},{"not_picked":["Bane","Blade Dance"],"picked":"Prepared","floor":5},{"not_picked":["Hidden Blade","Sucker Punch"],"picked":"Caltrops","floor":7},{"not_picked":["hubris:SlightOfHand","Toxin Wave","hubris:Sniper"],"picked":"SKIP","floor":10},{"not_picked":["Slice","Dagger Spray"],"picked":"Envenom","floor":14},{"not_picked":["aspiration:Lunge","Malaise"],"picked":"ReplayTheSpireMod:From All Sides","floor":16},{"not_picked":["Accuracy","Cloak And Dagger"],"picked":"Infinite Blades+1","floor":18},{"not_picked":["Underhanded Strike","Bane+1"],"picked":"hubris:SlightOfHand+1","floor":20},{"not_picked":["Blur","Catalyst","Sneak Up"],"picked":"SKIP","floor":23},{"not_picked":["Poisoned Stab+1","Hidden Blade","PiercingWail"],"picked":"SKIP","floor":27},{"not_picked":["Quick Slash","Dagger Throw"],"picked":"Backflip","floor":28},{"not_picked":["Dodge and Roll","Bouncing Flask","All Out Attack+1"],"picked":"SKIP","floor":30},{"not_picked":["Poisoned Stab+1","Setup"],"picked":"Dash+1","floor":31},{"not_picked":["Unload","Corpse Explosion"],"picked":"Envenom","floor":33},{"not_picked":["Deadly Poison","Blade Dance","Flechettes"],"picked":"SKIP","floor":35},{"not_picked":["ReplayTheSpireMod:Shiv Toss+1","Dagger Throw","Leg Sweep+1"],"picked":"SKIP","floor":36},{"not_picked":["Flying Knee","Dodge and Roll+1","Setup"],"picked":"SKIP","floor":37}],"player_experience":604100,"relics_obtained":[{"floor":7,"key":"InkBottle"},{"floor":9,"key":"conspire:Dentures"},{"floor":23,"key":"War Paint"},{"floor":26,"key":"Whetstone"},{"floor":27,"key":"hubris:CrystalStatue"}],"event_choices":[{"damage_healed":0,"gold_gain":0,"player_choice":"2","damage_taken":0,"max_hp_gain":0,"max_hp_loss":0,"event_name":"betterMatch:BetterMatch","floor":3,"gold_loss":0,"cards_obtained":["betterMatch:UncommonCard"]},{"damage_healed":0,"gold_gain":0,"player_choice":"Bought 0 Potions","damage_taken":0,"max_hp_gain":0,"max_hp_loss":0,"event_name":"The Woman in Blue","floor":25,"gold_loss":0}],"is_beta":false,"boss_relics":[{"not_picked":["vexMod:EndlessSickness","halation:Yufonium"],"picked":"Snecko Scales"},{"not_picked":["energizedSpire:EnergizedDie","Astrolabe"],"picked":"Replay:Grab Bag"},{"not_picked":["vexMod:DeviousBotling","energizedSpire:NeverEndingSparkler"],"picked":"hubris:VirtuousBlindfold"},{"not_picked":["vexMod:RockOfEvil","halation:ForbiddenBikini"],"picked":"vexMod:CursedCompass"},{"not_picked":["WristBlade","halation:HeavySnake"],"picked":"vexMod:ImprovementManual"}],"items_purged_floors":[],"is_endless":false,"potions_floor_spawned":[1,7,10,18,23,28,30,33],"killed_by":"Jaw Worm Horde","ascension_level":2}}