{"host":"armnliea5o2aqs4b","time":1609728796,"event":{"mods":["BaseMod","Hubris","Infinite Spire","Minty Spire (QoL Compilation)","Quick Restart","StSLib"],"gold_per_floor":[113,188,134,134,151,176,188,207,231,231,256,269,284,304,304,402,402,417,434,434,189,189,223,223,223,223,238,257,109,109,129,129,129,129],"floor_reached":33,"playtime":964,"items_purged":[],"score":294,"play_id":"2d4b4d31-0834-4316-8e3d-4dd5b3bc9532","local_time":"20210104135316","is_ascension_mode":false,"campfire_choices":[{"data":"Noxious Fumes","floor":15,"key":"SMITH"},{"floor":25,"key":"REST"},{"floor":30,"key":"REST"},{"floor":32,"key":"REST"}],"circlet_count":0,"master_deck":["Strike_G","Strike_G","Strike_G","Strike_G","Defend_G","Defend_G","Defend_G","Defend_G","Defend_G","Survivor","Neutralize","Deadly Poison","Bane","Terror","Deadly Poison","Dagger Spray","Poisoned Stab","Noxious Fumes+1","Night Terror","hubris:SlightOfHand+1","Infinite Blades+1","A Thousand Cuts","Blur+1"],"relics":["NeowsBlessing","Bag of Marbles","infinitespire:Lucky Rock","hubris:Icosahedron","Odd Mushroom","hubris:ScarierMask","Nloth\u0027s Gift","infinitespire:BottledMercury","Sundial","Shovel","Snake Skull","hubris:EmptyBottle"],"acts_visited":["Exordium","TheCity"],"potions_floor_usage":[16,27,33,33],"damage_taken":[{"damage":0.0,"enemies":"Jaw Worm","floor":1.0,"turns":1.0},{"damage":0.0,"enemies":"2 Louse","floor":5.0,"turns":1.0},{"damage":0.0,"enemies":"Gremlin Nob","floor":6.0,"turns":1.0},{"damage":9.0,"enemies":"Cultist","floor":7.0,"turns":4.0},{"damage":0.0,"enemies":"Large Slime","floor":8.0,"turns":3.0},{"damage":15.0,"enemies":"The Mushroom Lair","floor":11.0,"turns":4.0},{"damage":0,"enemies":"2 Fungi Beasts","floor":12,"turns":2},{"damage":0,"enemies":"Exordium Thugs","floor":13,"turns":3},{"damage":0,"enemies":"Blue Slaver","floor":14,"turns":2},{"damage":25,"enemies":"The Guardian","floor":16,"turns":8},{"damage":20,"enemies":"Spheric Guardian","floor":18,"turns":5},{"damage":0,"enemies":"2 Thieves","floor":19,"turns":3},{"damage":35,"enemies":"Slavers","floor":23,"turns":6},{"damage":1,"enemies":"Centurion and Healer","floor":27,"turns":4},{"damage":21,"enemies":"Snake Plant","floor":28,"turns":5},{"damage":20,"enemies":"Cultist and Chosen","floor":31,"turns":5},{"damage":35,"enemies":"Automaton","floor":33,"turns":6}],"seed_played":"7097338350010744157","potions_obtained":[{"floor":6.0,"key":"BlessingOfTheForge"},{"floor":7.0,"key":"Poison Potion"},{"floor":11.0,"key":"EssenceOfSteel"},{"floor":19,"key":"Fire Potion"},{"floor":27,"key":"Ancient Potion"}],"is_trial":false,"path_per_floor":["M","?","$","?","M","E","M","M","T","?","?","M","M","M","R","B",null,"M","M","?","$","T","E","$","R","T","M","M","$","R","M","R","B"],"character_chosen":"THE_SILENT","items_purchased":["Bane","infinitespire:BottledMercury","hubris:EmptyBottle"],"campfire_rested":3,"item_purchase_floors":[3,21,29],"current_hp_per_floor":[70,59,59,59,59,59,50,50,50,50,35,35,35,35,35,10,70,50,50,50,50,50,15,15,36,36,35,14,14,35,15,36,1,1],"gold":129,"neow_bonus":"THREE_ENEMY_KILL","is_daily":false,"chose_seed":false,"campfire_upgraded":1,"win_rate":0.0,"timestamp":1609728796,"path_taken":["M","?","$","?","M","E","M","?","T","?","?","M","M","M","R","BOSS","M","M","?","$","?","E","$","R","T","M","M","?","R","?","R","BOSS"],"items_purchased_type":["Card","Relic","Relic"],"build_version":"2020-12-22","purchased_purges":0,"victory":false,"max_hp_per_floor":[70,70,70,70,70,70,70,70,70,70,70,70,70,70,70,70,70,70,70,70,70,70,70,70,70,70,70,70,70,70,70,70,70,70],"card_choices":[{"not_picked":["All Out Attack","Quick Slash"],"picked":"Deadly Poison","floor":1.0},{"not_picked":["Deflect","Underhanded Strike","Backflip"],"picked":"SKIP","floor":5.0},{"not_picked":["Flying Knee","Eviscerate"],"picked":"Terror","floor":6.0},{"not_picked":["Outmaneuver","Finisher"],"picked":"Deadly Poison","floor":7.0},{"not_picked":["hubris:SlightOfHand","All Out Attack"],"picked":"Dagger Spray","floor":8.0},{"not_picked":["Deflect","Tools of the Trade"],"picked":"Poisoned Stab","floor":11.0},{"not_picked":["Underhanded Strike","hubris:Counter","Deflect"],"picked":"SKIP","floor":12},{"not_picked":["Deflect","Underhanded Strike"],"picked":"Noxious Fumes","floor":13},{"not_picked":["Quick Slash","Poisoned Stab","Venomology"],"picked":"SKIP","floor":14},{"not_picked":["Adrenaline","Tools of the Trade"],"picked":"Night Terror","floor":16},{"not_picked":["Endless Agony+1","Backstab"],"picked":"hubris:SlightOfHand+1","floor":18},{"not_picked":["Quick Slash+1","Endless Agony"],"picked":"Infinite Blades+1","floor":19},{"not_picked":["Wraith Form v2","hubris:Counter"],"picked":"A Thousand Cuts","floor":23},{"not_picked":["hubris:SlightOfHand+1","Bane+1"],"picked":"Blur+1","floor":27},{"not_picked":["Reflex","Bane","Outmaneuver"],"picked":"SKIP","floor":28},{"not_picked":["Underhanded Strike","Dagger Throw","Dodge and Roll+1"],"picked":"SKIP","floor":31}],"player_experience":178719,"relics_obtained":[{"floor":6.0,"key":"Bag of Marbles"},{"floor":9.0,"key":"infinitespire:Lucky Rock"},{"floor":11.0,"key":"Odd Mushroom"},{"floor":22,"key":"Sundial"},{"floor":23,"key":"Shovel"},{"floor":26,"key":"Snake Skull"}],"event_choices":[{"damage_healed":0.0,"max_hp_gain":0.0,"max_hp_loss":0.0,"gold_gain":75.0,"event_name":"World of Goop","player_choice":"Gather Gold","floor":2.0,"gold_loss":0.0,"damage_taken":11.0},{"cards_removed":["Strike_G"],"damage_healed":0.0,"max_hp_gain":0.0,"max_hp_loss":0.0,"gold_gain":0.0,"event_name":"Purifier","player_choice":"Purged","floor":4.0,"gold_loss":0.0,"damage_taken":0.0},{"damage_healed":0.0,"max_hp_gain":0.0,"max_hp_loss":0.0,"gold_gain":0.0,"event_name":"Mushrooms","player_choice":"Fought Mushrooms","floor":11.0,"gold_loss":0.0,"damage_taken":0.0},{"damage_healed":0,"gold_gain":0,"player_choice":"Traded Relic","damage_taken":0,"relics_obtained":["Nloth\u0027s Gift"],"max_hp_gain":0,"max_hp_loss":0,"event_name":"N\u0027loth","floor":20,"relics_lost":["Ring of the Snake"],"gold_loss":0}],"is_beta":false,"boss_relics":[{"not_picked":["Ectoplasm","hubris:CrackedHourglass"],"picked":"hubris:ScarierMask"}],"items_purged_floors":[],"is_endless":false,"potions_floor_spawned":[6,7,11,12,13,16,19,27,31],"killed_by":"Automaton","ascension_level":0}}