{"host":"g01l53quoe6lrer0","time":1609784391,"event":{"mods":["2.2 Compatiblity","AchievementEnabler","BaseMod","Colored Map","Highlight Path","Keyboard Shortcuts","Minty Spire (QoL Compilation)","Permanent Neow","Quick Restart","StSLib","SuperFastMode","everything is the same but u backflip on backflip"],"gold_per_floor":[112,129,148,148,21,60,60,60,360,404,235,259,259,259,259,390,390,406,229,229,189,203,203,247,265,291,322,322,361,380,403,403,534,534,550,568,217,238,238,238,261,296,296,319,44,0,24,49,49,49],"floor_reached":51,"playtime":2156,"items_purged":["Strike_R","Strike_R","Strike_R","Strike_R","Strike_R"],"score":1176,"play_id":"52ed07e4-cf21-4137-8b0b-387c268b10c8","local_time":"20210105031951","is_ascension_mode":true,"campfire_choices":[{"floor":7.0,"key":"REST"},{"data":"Flame Barrier","floor":13.0,"key":"SMITH"},{"data":"Body Slam","floor":15.0,"key":"SMITH"},{"data":"Barricade","floor":23.0,"key":"SMITH"},{"floor":28.0,"key":"DIG"},{"floor":32.0,"key":"REST"},{"data":"Body Slam","floor":40.0,"key":"SMITH"},{"floor":49.0,"key":"DIG"}],"circlet_count":0,"master_deck":["Defend_R","Defend_R","Defend_R","Defend_R","Bash","Barricade+1","Body Slam+1","Warcry+1","Shrug It Off+1","Pommel Strike","Flame Barrier+1","Metallicize","Juggernaut","Body Slam+1","Writhe","True Grit+1","True Grit+1","Shrug It Off+1","Double Tap","Warcry+1","Impervious","Headbutt+1","Pommel Strike+1","Intimidate","Havoc+1"],"relics":["Burning Blood","Golden Idol","Thread and Needle","Old Coin","Incense Burner","SacredBark","Shovel","MealTicket","Bag of Preparation","Bag of Marbles","Omamori","Blue Candle","Mark of Pain","Lee\u0027s Waffle","Akabeko","PreservedInsect","Red Mask","Pen Nib"],"acts_visited":["Exordium","TheCity","TheBeyond"],"potions_floor_usage":[50,50],"damage_taken":[{"damage":5.0,"enemies":"2 Louse","floor":1.0,"turns":3.0},{"damage":16.0,"enemies":"Jaw Worm","floor":2.0,"turns":5.0},{"damage":12.0,"enemies":"Small Slimes","floor":3.0,"turns":4.0},{"damage":20.0,"enemies":"Gremlin Nob","floor":6.0,"turns":4.0},{"damage":14.0,"enemies":"3 Sentries","floor":10.0,"turns":10.0},{"damage":4.0,"enemies":"Gremlin Gang","floor":12.0,"turns":3.0},{"damage":2.0,"enemies":"Hexaghost","floor":16.0,"turns":9.0},{"damage":14.0,"enemies":"Shell Parasite","floor":18.0,"turns":5.0},{"damage":3.0,"enemies":"Spheric Guardian","floor":22.0,"turns":3.0},{"damage":0.0,"enemies":"Gremlin Leader","floor":24.0,"turns":5.0},{"damage":0.0,"enemies":"Centurion and Healer","floor":25.0,"turns":7.0},{"damage":44.0,"enemies":"Slavers","floor":27.0,"turns":4.0},{"damage":0.0,"enemies":"Gremlin Leader","floor":29.0,"turns":7.0},{"damage":24.0,"enemies":"Shelled Parasite and Fungi","floor":30.0,"turns":7.0},{"damage":6.0,"enemies":"Cultist and Chosen","floor":31.0,"turns":6.0},{"damage":26.0,"enemies":"Champ","floor":33.0,"turns":10.0},{"damage":1.0,"enemies":"Orb Walker","floor":35.0,"turns":6.0},{"damage":33.0,"enemies":"3 Darklings","floor":36.0,"turns":7.0},{"damage":1.0,"enemies":"Jaw Worm Horde","floor":38.0,"turns":5.0},{"damage":30.0,"enemies":"Writhing Mass","floor":41.0,"turns":7.0},{"damage":1.0,"enemies":"Giant Head","floor":42.0,"turns":6.0},{"damage":1.0,"enemies":"Transient","floor":44.0,"turns":5.0},{"damage":1.0,"enemies":"Spire Growth","floor":47.0,"turns":4.0},{"damage":11.0,"enemies":"Jaw Worm Horde","floor":48.0,"turns":4.0},{"damage":22,"enemies":"Donu and Deca","floor":50,"turns":7}],"seed_played":"-5493299375526917805","potions_obtained":[{"floor":1.0,"key":"SpeedPotion"},{"floor":10.0,"key":"PowerPotion"},{"floor":21.0,"key":"Regen Potion"},{"floor":21.0,"key":"PowerPotion"},{"floor":27.0,"key":"Block Potion"},{"floor":29.0,"key":"Swift Potion"},{"floor":30.0,"key":"Swift Potion"},{"floor":35.0,"key":"GamblersBrew"},{"floor":36.0,"key":"FearPotion"},{"floor":42.0,"key":"BloodPotion"}],"is_trial":false,"path_per_floor":["M","M","M","?","$","E","R","?","T","E","$","M","R","?","R","B",null,"M","$","?","?","M","R","E","M","T","E","R","E","M","M","R","B",null,"M","M","$","M","?","R","M","E","T","M","$","?","M","M","R","B",null],"character_chosen":"IRONCLAD","items_purchased":["Shrug It Off","Metallicize","PowerPotion","Lee\u0027s Waffle","ColorlessPotion","PowerPotion","SkillPotion"],"campfire_rested":2,"item_purchase_floors":[5,11,19,37,37,45,45],"current_hp_per_floor":[52,42,36,36,36,22,44,68,68,60,60,62,62,47,47,51,68,60,60,60,60,63,63,69,74,74,48,48,54,36,36,58,38,65,70,43,81,81,81,81,57,62,62,67,81,81,81,76,76,60],"gold":49,"neow_bonus":"THREE_RARE_CARDS","is_daily":false,"chose_seed":false,"campfire_upgraded":4,"win_rate":0.0,"timestamp":1609784391,"path_taken":["M","M","M","?","$","E","R","?","T","E","$","M","R","?","R","BOSS","M","$","?","?","M","R","E","?","T","E","R","E","M","M","R","BOSS","M","?","$","M","?","R","M","E","T","M","$","?","M","M","R","BOSS"],"items_purchased_type":["Card","Card","Potion","Relic","Potion","Potion","Potion"],"build_version":"2020-12-22","purchased_purges":5,"victory":true,"max_hp_per_floor":[80,80,80,74,74,74,74,74,74,74,74,74,74,74,74,74,74,74,74,74,74,74,74,74,74,74,74,74,74,74,74,74,74,74,74,74,81,81,81,81,81,81,81,81,81,81,81,81,81,81],"card_choices":[{"not_picked":["Fiend Fire","Exhume"],"picked":"Barricade","floor":0.0},{"not_picked":["Sentinel","Pommel Strike"],"picked":"Body Slam","floor":1.0},{"not_picked":["Second Wind","Blood for Blood"],"picked":"Warcry","floor":2.0},{"not_picked":["Cleave","Perfected Strike"],"picked":"Clash","floor":3.0},{"not_picked":["Whirlwind","Second Wind"],"picked":"Pommel Strike","floor":6.0},{"not_picked":["Iron Wave","Immolate"],"picked":"Flame Barrier","floor":10.0},{"not_picked":["Iron Wave","Heavy Blade","Twin Strike"],"picked":"SKIP","floor":12.0},{"not_picked":["Iron Wave","Heavy Blade","Twin Strike"],"picked":"SKIP","floor":12.0},{"not_picked":["Corruption","Reaper"],"picked":"Juggernaut","floor":16.0},{"not_picked":["Flame Barrier","Twin Strike+1"],"picked":"Body Slam","floor":18.0},{"not_picked":["Shrug It Off","Pommel Strike","Warcry"],"picked":"SKIP","floor":22.0},{"not_picked":["Twin Strike","Anger"],"picked":"True Grit+1","floor":24.0},{"not_picked":["Anger","Clothesline","Second Wind"],"picked":"SKIP","floor":25.0},{"not_picked":["Flex","Searing Blow"],"picked":"True Grit+1","floor":27.0},{"not_picked":["Clash+1","Barricade","True Grit"],"picked":"SKIP","floor":29.0},{"not_picked":["Infernal Blade","Rupture","Warcry"],"picked":"SKIP","floor":30.0},{"not_picked":["Warcry","Perfected Strike"],"picked":"Shrug It Off+1","floor":31.0},{"not_picked":["Exhume","Demon Form"],"picked":"Double Tap","floor":33.0},{"not_picked":["Perfected Strike","Flex+1"],"picked":"Warcry+1","floor":35.0},{"not_picked":["Shrug It Off","Heavy Blade"],"picked":"Impervious","floor":36.0},{"not_picked":["Body Slam","Rampage"],"picked":"Headbutt+1","floor":38.0},{"not_picked":["Iron Wave","Uppercut+1"],"picked":"Pommel Strike+1","floor":41.0},{"not_picked":["Warcry","True Grit+1"],"picked":"Intimidate","floor":42.0},{"not_picked":["Thunderclap+1","Flex","Iron Wave"],"picked":"SKIP","floor":44.0},{"not_picked":["Armaments+1","Rupture"],"picked":"Havoc+1","floor":47.0},{"not_picked":["Bludgeon","Thunderclap","Pommel Strike+1"],"picked":"SKIP","floor":48.0}],"player_experience":59275,"relics_obtained":[{"floor":6.0,"key":"Thread and Needle"},{"floor":9.0,"key":"Old Coin"},{"floor":10.0,"key":"Incense Burner"},{"floor":24.0,"key":"MealTicket"},{"floor":26.0,"key":"Bag of Preparation"},{"floor":27.0,"key":"Bag of Marbles"},{"floor":28.0,"key":"Omamori"},{"floor":29.0,"key":"Blue Candle"},{"floor":42.0,"key":"Akabeko"},{"floor":43.0,"key":"PreservedInsect"},{"floor":49.0,"key":"Pen Nib"}],"event_choices":[{"damage_healed":0.0,"max_hp_gain":0.0,"max_hp_loss":6.0,"gold_gain":0.0,"event_name":"Golden Idol","player_choice":"Lose Max HP","floor":4.0,"gold_loss":0.0,"damage_taken":0.0,"relics_obtained":["Golden Idol"]},{"damage_healed":24.0,"max_hp_gain":0.0,"max_hp_loss":0.0,"gold_gain":0.0,"event_name":"Big Fish","player_choice":"Banana","floor":8.0,"gold_loss":0.0,"damage_taken":0.0},{"damage_healed":0.0,"max_hp_gain":0.0,"max_hp_loss":0.0,"gold_gain":0.0,"event_name":"Shining Light","player_choice":"Entered Light","floor":14.0,"gold_loss":0.0,"damage_taken":15.0,"cards_upgraded":["Warcry","Shrug It Off"]},{"damage_healed":0.0,"max_hp_gain":0.0,"max_hp_loss":0.0,"gold_gain":0.0,"event_name":"The Mausoleum","player_choice":"Opened","floor":20.0,"gold_loss":0.0,"damage_taken":0.0,"relics_obtained":["Shovel"],"cards_obtained":["Writhe"]},{"damage_healed":0.0,"max_hp_gain":0.0,"max_hp_loss":0.0,"gold_gain":0.0,"event_name":"The Woman in Blue","player_choice":"Bought 3 Potions","floor":21.0,"gold_loss":0.0,"damage_taken":0.0},{"cards_removed":["Clash"],"damage_healed":0.0,"max_hp_gain":0.0,"max_hp_loss":0.0,"gold_gain":0.0,"event_name":"Falling","player_choice":"Removed Attack","floor":39.0,"gold_loss":0.0,"damage_taken":0.0},{"damage_healed":0.0,"max_hp_gain":0.0,"max_hp_loss":0.0,"gold_gain":0.0,"event_name":"Tomb of Lord Red Mask","player_choice":"Paid","floor":46.0,"gold_loss":44.0,"damage_taken":0.0,"relics_obtained":["Red Mask"]}],"is_beta":false,"boss_relics":[{"not_picked":["Fusion Hammer","Runic Dome"],"picked":"SacredBark"},{"not_picked":["Empty Cage","Philosopher\u0027s Stone"],"picked":"Mark of Pain"}],"items_purged_floors":[5,11,19,37,45],"is_endless":false,"potions_floor_spawned":[1,10,22,27,29,30,35,36,42,48],"ascension_level":6}}