{"host":"vlqejv0notyktumz","time":1609787338,"event":{"mods":["AchievementEnabler","BaseMod","Googly Eyes","Minty Spire (QoL Compilation)"],"gold_per_floor":[216,228,228,228,243,243,304,304,379,379,396,414,442,36,36,135,135,149,149,149,162,162,162],"floor_reached":22,"playtime":459,"items_purged":["Defend_B"],"score":272,"play_id":"118bc402-16c9-4d73-826a-dd8d6b7d3832","local_time":"20210104130858","is_ascension_mode":true,"campfire_choices":[{"data":"Zap","floor":6,"key":"SMITH"},{"data":"Sunder","floor":8,"key":"SMITH"},{"data":"Defend_B","floor":10,"key":"SMITH"},{"floor":15,"key":"REST"}],"circlet_count":0,"master_deck":["Strike_B","Strike_B","Strike_B","Defend_B","Defend_B","Defend_B+1","Zap+1","Dualcast","Go for the Eyes","Darkness+1","Sunder+1","Ball Lightning","Auto Shields","Undo","Chaos","Rainbow","Redo","Loop"],"relics":["Cracked Core","Sundial","Shuriken","Pen Nib","Cables","Sozu"],"acts_visited":["Exordium","TheCity"],"potions_floor_usage":[7,13,13,22],"damage_taken":[{"damage":2,"enemies":"Jaw Worm","floor":1,"turns":3},{"damage":9,"enemies":"Small Slimes","floor":2,"turns":4},{"damage":0,"enemies":"Cultist","floor":5,"turns":3},{"damage":20,"enemies":"Lagavulin Event","floor":7,"turns":4},{"damage":0,"enemies":"Exordium Wildlife","floor":11,"turns":1},{"damage":9,"enemies":"Blue Slaver","floor":12,"turns":3},{"damage":0,"enemies":"Gremlin Nob","floor":13,"turns":3},{"damage":24,"enemies":"Hexaghost","floor":16,"turns":8},{"damage":5,"enemies":"Shell Parasite","floor":18,"turns":3},{"damage":15,"enemies":"2 Thieves","floor":21,"turns":4},{"damage":34,"enemies":"Chosen and Byrds","floor":22,"turns":4}],"seed_played":"-8739555786290003696","potions_obtained":[{"floor":2,"key":"DuplicationPotion"},{"floor":7,"key":"Dexterity Potion"},{"floor":12,"key":"PowerPotion"},{"floor":16,"key":"GamblersBrew"}],"is_trial":false,"path_per_floor":["M","M","?","?","M","R","?","R","T","R","M","M","E","$","R","B",null,"M","?","?","M","M"],"character_chosen":"DEFECT","items_purchased":["Cables","Chaos"],"campfire_rested":1,"item_purchase_floors":[14,14],"current_hp_per_floor":[66,57,50,50,50,50,30,30,30,30,30,21,21,21,43,19,61,56,42,42,27,0,0],"gold":162,"neow_bonus":"HUNDRED_GOLD","is_daily":false,"chose_seed":false,"campfire_upgraded":3,"win_rate":0.0,"timestamp":1609787338,"path_taken":["M","M","?","?","?","R","?","R","T","R","M","M","E","?","R","BOSS","M","?","?","M","M"],"items_purchased_type":["Relic","Card"],"build_version":"2020-12-22","purchased_purges":1,"victory":false,"max_hp_per_floor":[75,75,75,75,75,75,75,75,75,75,75,75,75,75,75,75,75,75,80,80,80,80,80],"card_choices":[{"not_picked":["Sweeping Beam","Tempest"],"picked":"Go for the Eyes","floor":1},{"not_picked":["Hello World","Compile Driver"],"picked":"Darkness","floor":2},{"not_picked":["Tempest","Hologram","Aggregate"],"picked":"SKIP","floor":5},{"not_picked":["Go for the Eyes","Chill"],"picked":"Sunder","floor":7},{"not_picked":["Leap","Aggregate"],"picked":"Ball Lightning","floor":11},{"not_picked":["Conserve Battery","Hologram"],"picked":"Auto Shields","floor":12},{"not_picked":["Meteor Strike","Static Discharge"],"picked":"Undo","floor":13},{"not_picked":["Creative AI","Buffer"],"picked":"Rainbow","floor":16},{"not_picked":["Steam Power+1","Sweeping Beam"],"picked":"Redo","floor":18},{"not_picked":["Compile Driver","Conserve Battery"],"picked":"Loop","floor":21}],"player_experience":287866,"relics_obtained":[{"floor":9,"key":"Shuriken"},{"floor":13,"key":"Pen Nib"}],"event_choices":[{"cards_removed":["Strike_B"],"damage_healed":0,"gold_gain":0,"player_choice":"Card Removal","damage_taken":7,"max_hp_gain":0,"max_hp_loss":0,"event_name":"Golden Wing","floor":3,"gold_loss":0},{"damage_healed":0,"gold_gain":0,"player_choice":"Forge","damage_taken":0,"max_hp_gain":0,"max_hp_loss":0,"event_name":"Accursed Blacksmith","floor":4,"gold_loss":0,"cards_upgraded":["Darkness"]},{"damage_healed":0,"gold_gain":30,"player_choice":"Searched \u00273\u0027 times","damage_taken":0,"relics_obtained":["Sundial"],"max_hp_gain":0,"max_hp_loss":0,"event_name":"Dead Adventurer","floor":7,"gold_loss":0},{"damage_healed":0,"gold_gain":0,"player_choice":"Shed Blood","damage_taken":19,"max_hp_gain":5,"max_hp_loss":0,"event_name":"Forgotten Altar","floor":19,"gold_loss":0},{"damage_healed":0,"gold_gain":0,"player_choice":"Ignored","damage_taken":0,"max_hp_gain":0,"max_hp_loss":0,"event_name":"Cursed Tome","floor":20,"gold_loss":0}],"is_beta":false,"boss_relics":[{"not_picked":["Coffee Dripper","Ectoplasm"],"picked":"Sozu"}],"items_purged_floors":[14],"is_endless":false,"potions_floor_spawned":[2,7,12,16,18],"killed_by":"Chosen and Byrds","ascension_level":6}}