{"host":"wo274ky4ds0v63wi","time":1609726054,"event":{"mods":["AchievementEnabler","Act Like it!","BaseMod","BetterRewards","Colored Map","Infinite Spire","Minty Spire (QoL Compilation)","Quick Restart","Rare Cards Sparkle","Relic Stats","Shop Mod","StSLib"],"gold_per_floor":[112,88,88,105,64,64,89,89,115,143,143,154,11,30,30,127,177,195,195,195,195],"floor_reached":20,"playtime":901,"items_purged":[],"score":178,"play_id":"b218105e-a4ec-4618-a7de-e06c256fbcc8","local_time":"20210103210734","is_ascension_mode":true,"campfire_choices":[{"data":"Zap","floor":6,"key":"SMITH"},{"data":"Defragment","floor":8,"key":"SMITH"},{"floor":11,"key":"REST"},{"floor":15,"key":"REST"}],"circlet_count":0,"master_deck":["Strike_B","Strike_B","Strike_B","Strike_B","Defend_B","Defend_B","Defend_B","Defend_B","Zap+1","Dualcast","Defragment","Redo","infinitespire:Starlight","Hologram","Defragment+1","Hello World","Sweeping Beam","Creative AI","Leap+1","Buffer","Doom and Gloom","Stack+1"],"relics":["Cracked Core","NeowsBlessing","Bottled Tornado","Omamori","Potion Belt","PreservedInsect","Tiny House"],"acts_visited":["Exordium","TheCity"],"potions_floor_usage":[14,14,16,20],"damage_taken":[{"damage":0,"enemies":"Jaw Worm","floor":1,"turns":1},{"damage":0,"enemies":"Small Slimes","floor":4,"turns":1},{"damage":0,"enemies":"Gremlin Nob","floor":7,"turns":1},{"damage":32,"enemies":"3 Sentries","floor":10,"turns":6},{"damage":14,"enemies":"2 Louse","floor":12,"turns":2},{"damage":18,"enemies":"Large Slime","floor":14,"turns":3},{"damage":0,"enemies":"Slime Boss","floor":16,"turns":1},{"damage":32,"enemies":"Spheric Guardian","floor":18,"turns":6},{"damage":75,"enemies":"Masked Bandits","floor":20,"turns":3}],"seed_played":"2130008530363280520","potions_obtained":[{"floor":7,"key":"infinitespire:BlackPotion"},{"floor":10,"key":"Fire Potion"},{"floor":12,"key":"Fire Potion"},{"floor":17,"key":"Fruit Juice"}],"is_trial":false,"path_per_floor":["M","$","?","M","$","R","E","R","T","E","R","M","$","M","R","B",null,"M","?","?"],"character_chosen":"DEFECT","items_purchased":["Redo","Defragment","PreservedInsect"],"campfire_rested":2,"item_purchase_floors":[2,5,13],"current_hp_per_floor":[75,75,57,57,57,57,57,57,57,35,57,43,43,35,57,57,80,58,58,0,0],"gold":195,"neow_bonus":"THREE_ENEMY_KILL","is_daily":false,"chose_seed":false,"campfire_upgraded":2,"win_rate":0.0,"timestamp":1609726054,"path_taken":["M","$","?","M","$","R","E","R","T","E","R","M","$","M","R","BOSS","M","?","?"],"items_purchased_type":["Card","Card","Relic"],"build_version":"2020-12-22","purchased_purges":0,"victory":false,"max_hp_per_floor":[75,75,75,75,75,75,75,75,75,75,75,75,75,75,75,75,80,80,80,85,85],"relic_stats":{"counters":[9,24],"PreservedInsect":0,"obtain_stats":[{"Potion Belt":10,"Tiny House":17,"NeowsBlessing":0,"PreservedInsect":13,"Omamori":9,"Bottled Tornado":7,"Cracked Core":0},{"Potion Belt":4,"Tiny House":7,"NeowsBlessing":0,"PreservedInsect":5,"Omamori":3,"Bottled Tornado":3,"Cracked Core":0},{"Potion Belt":9,"Tiny House":15,"NeowsBlessing":0,"PreservedInsect":11,"Omamori":3,"Bottled Tornado":3,"Cracked Core":0}]},"card_choices":[{"not_picked":["Coolheaded","Streamline"],"picked":"Defragment","floor":1},{"not_picked":["infinitespire:DeathsTouch","infinitespire:Execution"],"picked":"infinitespire:Starlight","floor":3},{"not_picked":["Reprogram","Streamline"],"picked":"Hologram","floor":4},{"not_picked":["Go for the Eyes","Undo"],"picked":"Hello World","floor":7},{"not_picked":["Reinforced Body","Beam Cell"],"picked":"Sweeping Beam","floor":10},{"not_picked":["Self Repair","Streamline"],"picked":"Creative AI","floor":12},{"not_picked":["Force Field","Scrape"],"picked":"Leap","floor":14},{"not_picked":["Seek","Core Surge"],"picked":"Buffer","floor":16},{"not_picked":["Go for the Eyes","Beam Cell"],"picked":"Doom and Gloom","floor":17},{"not_picked":["Compile Driver","Blizzard"],"picked":"Stack+1","floor":18}],"player_experience":336132,"relics_obtained":[{"floor":7,"key":"Bottled Tornado"},{"floor":9,"key":"Omamori"},{"floor":10,"key":"Potion Belt"}],"event_choices":[{"damage_healed":0,"gold_gain":0,"player_choice":"Smashed Altar","damage_taken":0,"max_hp_gain":0,"max_hp_loss":0,"event_name":"Forgotten Altar","floor":19,"gold_loss":0,"cards_obtained":["Decay"]},{"damage_healed":0,"gold_gain":0,"player_choice":"Fought Bandits","damage_taken":0,"max_hp_gain":0,"max_hp_loss":0,"event_name":"Masked Bandits","floor":20,"gold_loss":0}],"is_beta":false,"boss_relics":[{"not_picked":["Astrolabe","Snecko Eye"],"picked":"Tiny House"}],"items_purged_floors":[],"is_endless":false,"potions_floor_spawned":[7,10,12],"killed_by":"Masked Bandits","ascension_level":3}}