{"host":"97k5lqmr6aaz1p9r","time":1609795911,"event":{"mods":["BaseMod","Colored Map","Downfall","Jorbs\u0027s Wanderer Trilogy","Minty Spire (QoL Compilation)","StSLib"],"gold_per_floor":[99,99,119,130,130,144,167,198,210,135,135,135,135,165,175,271,271,121,221,231,248,158,187,187,202,202,118,118,118,118,183,196,339,339,339,390,320,320,388,388,388,388],"floor_reached":40,"playtime":4239,"items_purged":["Regret"],"score":532,"play_id":"094f24f0-b8c6-4bc1-bc52-e9eb95808f05","local_time":"20210104213151","is_ascension_mode":false,"campfire_choices":[{"data":"expansioncontent:GuardianWhirl","floor":1.0,"key":"SMITH"},{"data":"hexamod:RainOfEmbers","floor":10.0,"key":"SMITH"},{"floor":13.0,"key":"RECALL"},{"data":"hexamod:EmpoweredFlame","floor":18.0,"key":"SMITH"},{"data":"hexamod:HeatCrush","floor":26.0,"key":"SMITH"},{"data":"hexamod:Incineration","floor":30.0,"key":"SMITH"},{"floor":35.0,"key":"REST"}],"circlet_count":0,"master_deck":["hexamod:Defend+1","hexamod:Defend","hexamod:Defend","hexamod:Defend","hexamod:Sear+1","hexamod:Float","expansioncontent:GuardianWhirl+1","hexamod:FirstSeal","hexamod:RainOfEmbers+1","hexamod:EmpoweredFlame+1","hexamod:ShieldOfDarkness","hexamod:InspiringFlames","hexamod:Hexaguard+1","hexamod:ParanormalForm+1","hexamod:NightmareGuise+1","hexamod:TimeWarp","hexamod:HauntingEcho","hexamod:SwordOfDarkness+1","hexamod:HeatCrush+1","hexamod:GhostOfSpirePresent+1","hexamod:Rewind+1","hexamod:FifthSeal","hexamod:Incineration+1","Bite","Bite","Bite","Bite","Bite+1","hexamod:SixthSeal","hexamod:Hexaguard+1","hexamod:SecondSeal","hexamod:GhostLash+1","hexamod:GiftsFromTheDead+1","hexamod:ThirdSeal","hexamod:SwordOfDarkness+1","hexamod:Hexaguard+1","hexamod:FourthSeal","expansioncontent:DonusPower","expansioncontent:DefensiveStance+1"],"relics":["hexamod:SpiritBrand","Frozen Egg 2","downfall:HeartBlessingBlue","Ice Cream","Snecko Eye","downfall:HeartBlessingRed","downfall:HeartBlessingGreen","Toy Ornithopter","Gambling Chip","Smiling Mask","downfall:KnowingSkull","Centennial Puzzle","Fusion Hammer","Vajra","Singing Bowl"],"acts_visited":["Exordium","TheCity","TheBeyond"],"potions_floor_usage":[40],"damage_taken":[{"damage":0.0,"enemies":"Small Slimes","floor":3.0,"turns":3.0},{"damage":0.0,"enemies":"Cultist","floor":4.0,"turns":3.0},{"damage":1.0,"enemies":"2 Louse","floor":6.0,"turns":2.0},{"damage":7.0,"enemies":"3 Sentries","floor":8.0,"turns":8.0},{"damage":3.0,"enemies":"Red Slaver","floor":9.0,"turns":4.0},{"damage":22.0,"enemies":"Gremlin Nob","floor":14.0,"turns":4.0},{"damage":25.0,"enemies":"Lots of Slimes","floor":15.0,"turns":4.0},{"damage":27.0,"enemies":"downfall:Silent","floor":16.0,"turns":11.0},{"damage":14.0,"enemies":"downfall:LadyInBlue","floor":19.0,"turns":10.0},{"damage":4.0,"enemies":"3 Byrds","floor":20.0,"turns":4.0},{"damage":7.0,"enemies":"Spheric Guardian","floor":21.0,"turns":5.0},{"damage":7.0,"enemies":"downfall:FleeingMerchant","floor":22.0,"turns":4.0},{"damage":0.0,"enemies":"Gremlin Leader","floor":23.0,"turns":5.0},{"damage":0.0,"enemies":"Cultist and Chosen","floor":25.0,"turns":4.0},{"damage":0.0,"enemies":"downfall:FleeingMerchant","floor":27.0,"turns":4.0},{"damage":28.0,"enemies":"Book of Stabbing","floor":31.0,"turns":5.0},{"damage":1.0,"enemies":"Shelled Parasite and Fungi","floor":32.0,"turns":3.0},{"damage":5.0,"enemies":"downfall:Defect","floor":33.0,"turns":6.0},{"damage":8.0,"enemies":"Orb Walker","floor":36.0,"turns":4.0},{"damage":3.0,"enemies":"downfall:FleeingMerchant","floor":37.0,"turns":3.0},{"damage":21.0,"enemies":"3 Shapes","floor":39.0,"turns":4.0},{"damage":58,"enemies":"Nemesis","floor":40,"turns":6}],"seed_played":"3194972840941987133","potions_obtained":[{"floor":8.0,"key":"SkillPotion"},{"floor":12.0,"key":"SkillPotion"},{"floor":12.0,"key":"hexamod:EctoCoolerPotion"},{"floor":14.0,"key":"Dexterity Potion"},{"floor":15.0,"key":"SteroidPotion"},{"floor":19.0,"key":"hexamod:EctoCoolerPotion"},{"floor":19.0,"key":"LiquidMemories"},{"floor":19.0,"key":"Slimebound:ThreeZeroPotion"},{"floor":21.0,"key":"Swift Potion"},{"floor":25.0,"key":"SpeedPotion"},{"floor":31.0,"key":"ColorlessPotion"},{"floor":32.0,"key":"Dexterity Potion"},{"floor":33.0,"key":"hexamod:InfernoChargePotion"},{"floor":39.0,"key":"Fire Potion"}],"is_trial":false,"path_per_floor":["R","?","M","M","?","M","T","E","M","R","?","?","R","E","M","B",null,"R","?","M","M","$","E","T","M","R","$","?","?","R","E","M","B",null,"R","M","$","?","M","E"],"character_chosen":"THE_SPIRIT","items_purchased":["hexamod:Incineration","hexamod:FourthSeal","Vajra","Singing Bowl"],"campfire_rested":1,"item_purchase_floors":[27,37,37,37],"current_hp_per_floor":[70,63,70,70,70,70,70,70,70,80,80,80,80,65,47,27,80,80,73,76,80,80,80,80,80,80,80,56,49,49,34,46,48,56,56,55,56,48,38,0,0,0],"gold":388,"neow_bonus":"RANDOM_COLORLESS","is_daily":false,"chose_seed":false,"campfire_upgraded":5,"win_rate":0.0,"timestamp":1609795911,"path_taken":["R","?","M","M","?","M","T","E","?","R","?","?","R","E","M","BOSS","R","?","?","M","$","E","T","M","R","$","?","?","R","E","M","BOSS","R","M","$","?","M","E"],"items_purchased_type":["Card","Card","Relic","Relic"],"build_version":"2020-12-22","purchased_purges":1,"victory":false,"max_hp_per_floor":[70,70,70,70,70,70,70,70,70,80,80,80,80,80,80,80,80,80,80,80,80,80,80,80,80,80,80,56,56,56,56,56,56,56,56,56,56,58,62,62,62,62],"card_choices":[{"not_picked":["expansioncontent:BronzeBeam","Panacea"],"picked":"expansioncontent:GuardianWhirl","floor":0.0},{"not_picked":["hexamod:RadiantFlame","hexamod:NightmareStrike"],"picked":"hexamod:RainOfEmbers","floor":3.0},{"not_picked":["hexamod:RadiantFlame","hexamod:GhostLash"],"picked":"hexamod:EmpoweredFlame","floor":4.0},{"not_picked":["hexamod:FastForward","hexamod:SwordOfDarkness"],"picked":"hexamod:ShieldOfDarkness","floor":6.0},{"not_picked":["hexamod:ThermalTransfer","hexamod:SkipABeat"],"picked":"hexamod:InspiringFlames","floor":8.0},{"not_picked":["hexamod:NightmareStrike","hexamod:SpectersWail"],"picked":"hexamod:Hexaguard","floor":9.0},{"not_picked":["hexamod:GhostLash","hexamod:FastForward"],"picked":"hexamod:ParanormalForm+1","floor":14.0},{"not_picked":["hexamod:GhostOfSpirePresent+1","hexamod:BurningTouch"],"picked":"hexamod:NightmareGuise","floor":15.0},{"not_picked":["hexamod:FifthSeal","hexamod:TurnItUp"],"picked":"hexamod:TimeWarp","floor":16.0},{"not_picked":["hexamod:ThermalTransfer","hexamod:SkipABeat"],"picked":"hexamod:HauntingEcho","floor":19.0},{"not_picked":["hexamod:InspiringFlames+1","hexamod:EmpoweredFlame+1"],"picked":"hexamod:SwordOfDarkness+1","floor":20.0},{"not_picked":["hexamod:InspiringFlames","hexamod:SwordOfDarkness"],"picked":"hexamod:HeatCrush","floor":21.0},{"not_picked":["hexamod:RetreatToShadows","hexamod:ExtraCrispy+1"],"picked":"hexamod:GhostOfSpirePresent+1","floor":22.0},{"not_picked":["hexamod:ThirdSeal","hexamod:InspiringFlames","hexamod:CatchUp+1"],"picked":"SKIP","floor":23.0},{"not_picked":["hexamod:SwordOfDarkness","hexamod:BacktrackSmack+1"],"picked":"hexamod:Rewind+1","floor":25.0},{"not_picked":["hexamod:RecurringNightmare","hexamod:ShieldOfDarkness+1"],"picked":"hexamod:FifthSeal","floor":27.0},{"not_picked":["hexamod:FirstSeal","hexamod:FourthSeal"],"picked":"hexamod:SixthSeal","floor":31.0},{"not_picked":["hexamod:HeatCrush","hexamod:InspiringFlames"],"picked":"hexamod:Hexaguard","floor":31.0},{"not_picked":["hexamod:FourthSeal","hexamod:FirstSeal"],"picked":"hexamod:SecondSeal","floor":32.0},{"not_picked":["hexamod:Again","hexamod:Hexaguard"],"picked":"hexamod:GhostLash+1","floor":32.0},{"not_picked":["hexamod:SearingWound","hexamod:EmpoweringStance+1"],"picked":"hexamod:GiftsFromTheDead+1","floor":33.0},{"not_picked":["hexamod:SixthSeal","hexamod:FirstSeal"],"picked":"hexamod:ThirdSeal","floor":36.0},{"not_picked":["hexamod:NecessarySacrifice","hexamod:StepThrough"],"picked":"hexamod:SwordOfDarkness+1","floor":36.0},{"not_picked":["hexamod:CatchUp","hexamod:UnleashSpirits"],"picked":"hexamod:Hexaguard+1","floor":37.0},{"not_picked":["hexamod:ThirdSeal","hexamod:FirstSeal","hexamod:SecondSeal"],"picked":"SKIP","floor":37.0},{"not_picked":["hexamod:GhostflameInferno","hexamod:Firestarter+1","hexamod:FirstSeal"],"picked":"SKIP","floor":37.0},{"not_picked":["expansioncontent:PolyBeam","expansioncontent:FaceSlap"],"picked":"expansioncontent:DonusPower","floor":38.0},{"not_picked":["expansioncontent:Flail","expansioncontent:FaceSlap","expansioncontent:HyperBeam"],"picked":"Singing Bowl","floor":38.0},{"not_picked":["expansioncontent:PolyBeam","expansioncontent:Chronoboost+1"],"picked":"expansioncontent:DefensiveStance+1","floor":38.0},{"not_picked":["hexamod:DynamicBlow+1","hexamod:FirstSeal","hexamod:NightmareStrike+1"],"picked":"Singing Bowl","floor":39.0},{"not_picked":["hexamod:NightmareStrike","hexamod:GhostShield","hexamod:AdvancingGuard+1"],"picked":"Singing Bowl","floor":39.0}],"player_experience":603454,"relics_obtained":[{"floor":8.0,"key":"Frozen Egg 2"},{"floor":14.0,"key":"Ice Cream"},{"floor":19.0,"key":"Toy Ornithopter"},{"floor":23.0,"key":"Gambling Chip"},{"floor":24.0,"key":"Smiling Mask"},{"floor":31.0,"key":"Centennial Puzzle"}],"event_choices":[{"damage_healed":0.0,"max_hp_gain":0.0,"max_hp_loss":0.0,"gold_gain":0.0,"event_name":"NoteForYourself","player_choice":"Ignored","floor":5.0,"gold_loss":0.0,"damage_taken":0.0},{"damage_healed":0.0,"max_hp_gain":0.0,"max_hp_loss":0.0,"gold_gain":0.0,"event_name":"Lab","player_choice":"Got Potions","floor":12.0,"gold_loss":0.0,"damage_taken":0.0},{"damage_healed":0.0,"max_hp_gain":0.0,"max_hp_loss":24.0,"gold_gain":0.0,"event_name":"Vampires","player_choice":"Became a vampire","floor":28.0,"gold_loss":0.0,"damage_taken":0.0,"cards_obtained":["Bite","Bite","Bite","Bite","Bite"]}],"is_beta":false,"boss_relics":[{"not_picked":["Pandora\u0027s Box","Calling Bell"],"picked":"Snecko Eye"},{"not_picked":["Runic Pyramid","SlaversCollar"],"picked":"Fusion Hammer"}],"items_purged_floors":[22],"is_endless":false,"potions_floor_spawned":[8,14,15,21,25,31,32,33,39],"killed_by":"Nemesis","ascension_level":0}}