{"host":"ch74xfb1n85e86fc","time":1609766955,"event":{"mods":["AchievementEnabler","BaseMod","Colored Map","DeckTracker","Minty Spire (QoL Compilation)","Relic Stats","StSLib","SuperFastMode","everything is the same but u backflip on backflip"],"gold_per_floor":[368,381,78,96,111,111,125,154,205,28,48,62,62,90,90,194,194,205,222,239,114,114,124,134,164,164,192,35,35,48,59,59,160,160,160],"floor_reached":34,"playtime":1137,"items_purged":["Strike_R","Strike_R","Strike_R"],"score":453,"play_id":"2ff2f335-3dd5-4e4e-9380-64b4810e9cd2","local_time":"20210104222915","is_ascension_mode":true,"campfire_choices":[{"data":"Inflame","floor":6,"key":"SMITH"},{"floor":15,"key":"REST"},{"data":"Pommel Strike","floor":29,"key":"SMITH"},{"floor":32,"key":"REST"}],"circlet_count":0,"master_deck":["Defend_R","Defend_R","Bash","Anger","Cleave","Inflame+1","Pommel Strike+1","Twin Strike","Shockwave","Offering","Flame Barrier","Shrug It Off","Dropkick","Feed","Armaments+1","Second Wind","Pummel","Seeing Red+1","Pommel Strike+1","Sword Boomerang+1","Body Slam+1","Corruption","Rage+1","Armaments+1","Bludgeon+1"],"relics":["Burning Blood","Bronze Scales","Omamori","Boot","Question Card","Philosopher\u0027s Stone","Blood Vial","Paper Frog","Letter Opener","Orrery","Astrolabe"],"acts_visited":["Exordium","TheCity","TheBeyond"],"potions_floor_usage":[16,27,27,27,33,33,33,33],"damage_taken":[{"damage":5,"enemies":"Cultist","floor":1,"turns":4},{"damage":3,"enemies":"Small Slimes","floor":2,"turns":3},{"damage":6,"enemies":"Jaw Worm","floor":4,"turns":2},{"damage":8,"enemies":"2 Fungi Beasts","floor":5,"turns":3},{"damage":16,"enemies":"Exordium Thugs","floor":7,"turns":4},{"damage":16,"enemies":"Lagavulin","floor":8,"turns":5},{"damage":14,"enemies":"Large Slime","floor":11,"turns":2},{"damage":6,"enemies":"Looter","floor":12,"turns":2},{"damage":17,"enemies":"3 Sentries","floor":14,"turns":6},{"damage":23,"enemies":"Hexaghost","floor":16,"turns":5},{"damage":8,"enemies":"2 Thieves","floor":18,"turns":2},{"damage":11,"enemies":"3 Byrds","floor":19,"turns":3},{"damage":6,"enemies":"3 Cultists","floor":20,"turns":4},{"damage":8,"enemies":"Chosen and Byrds","floor":23,"turns":3},{"damage":14,"enemies":"Centurion and Healer","floor":24,"turns":4},{"damage":13,"enemies":"Book of Stabbing","floor":25,"turns":4},{"damage":22,"enemies":"Slavers","floor":27,"turns":3},{"damage":13,"enemies":"Snecko","floor":30,"turns":3},{"damage":16,"enemies":"Snake Plant","floor":31,"turns":2},{"damage":30,"enemies":"Collector","floor":33,"turns":6}],"seed_played":"7034585641769817537","potions_obtained":[{"floor":1,"key":"SneckoOil"},{"floor":4,"key":"LiquidBronze"},{"floor":11,"key":"Explosive Potion"},{"floor":12,"key":"Swift Potion"},{"floor":16,"key":"EntropicBrew"},{"floor":19,"key":"Energy Potion"},{"floor":33,"key":"Swift Potion"}],"is_trial":false,"path_per_floor":["M","M","$","M","M","R","M","E","T","$","M","M","?","E","R","B",null,"M","M","M","$","?","M","M","E","T","E","$","R","M","M","R","B",null],"character_chosen":"IRONCLAD","items_purchased":["Inflame","Bronze Scales","Flame Barrier","Orrery"],"campfire_rested":2,"item_purchase_floors":[3,3,10,28],"current_hp_per_floor":[57,60,60,60,58,58,48,38,38,38,30,30,23,12,36,19,80,78,76,76,76,60,61,56,49,49,38,38,38,33,25,54,32,97,97],"gold":160,"neow_bonus":"TWO_FIFTY_GOLD","is_daily":false,"chose_seed":false,"campfire_upgraded":2,"win_rate":0.0,"timestamp":1609766955,"path_taken":["M","M","$","M","?","R","?","E","T","$","M","M","?","E","R","BOSS","M","M","M","$","?","M","M","E","T","E","$","R","M","M","R","BOSS"],"items_purchased_type":["Card","Relic","Card","Relic"],"build_version":"2020-12-22","purchased_purges":3,"victory":false,"max_hp_per_floor":[80,80,80,80,80,80,80,80,80,80,80,80,80,80,80,80,80,80,83,83,83,88,91,94,94,94,97,97,97,97,97,97,97,97,97],"relic_stats":{"Blood Vial":8,"counters":[20,70],"Bronze Scales":[199],"Astrolabe":["Rage","Armaments","Bludgeon"],"Letter Opener":[20],"Boot":[8],"Question Card":16,"obtain_stats":[{"Blood Vial":25,"Bronze Scales":3,"Astrolabe":34,"Orrery":28,"Philosopher\u0027s Stone":17,"Omamori":8,"Letter Opener":27,"Boot":9,"Question Card":14,"Burning Blood":0,"Paper Frog":26},{"Blood Vial":16,"Bronze Scales":2,"Astrolabe":20,"Orrery":17,"Philosopher\u0027s Stone":10,"Omamori":6,"Letter Opener":17,"Boot":6,"Question Card":9,"Burning Blood":0,"Paper Frog":16},{"Blood Vial":56,"Bronze Scales":7,"Astrolabe":70,"Orrery":59,"Philosopher\u0027s Stone":36,"Omamori":21,"Letter Opener":59,"Boot":21,"Question Card":31,"Burning Blood":0,"Paper Frog":56}],"Burning Blood":120},"card_choices":[{"not_picked":["Reckless Charge","Sword Boomerang"],"picked":"Anger","floor":1},{"not_picked":["Shrug It Off","Flex"],"picked":"Cleave","floor":2},{"not_picked":["Clothesline","Iron Wave"],"picked":"Pommel Strike","floor":4},{"not_picked":["Armaments","Flex"],"picked":"Twin Strike","floor":5},{"not_picked":["Clash","Body Slam"],"picked":"Shockwave","floor":7},{"not_picked":["Entrench","Perfected Strike"],"picked":"Offering","floor":8},{"not_picked":["Warcry","Cleave","Headbutt"],"picked":"SKIP","floor":11},{"not_picked":["Iron Wave","Flame Barrier"],"picked":"Shrug It Off","floor":12},{"not_picked":["Sever Soul","Bloodletting"],"picked":"Dropkick","floor":14},{"not_picked":["Corruption","Barricade","Bludgeon"],"picked":"Feed","floor":16},{"not_picked":["Pommel Strike","Flame Barrier","Shrug It Off","Sever Soul"],"picked":"SKIP","floor":18},{"not_picked":["Wild Strike","Anger","Warcry"],"picked":"Armaments+1","floor":19},{"not_picked":["Spot Weakness","Rage","Perfected Strike"],"picked":"Second Wind","floor":20},{"not_picked":["Twin Strike+1","Clothesline+1","Perfected Strike","Rampage"],"picked":"SKIP","floor":23},{"not_picked":["Spot Weakness","Brutality","Warcry"],"picked":"Pummel","floor":24},{"not_picked":["Flame Barrier+1","Fire Breathing","Clash","Twin Strike+1"],"picked":"SKIP","floor":25},{"not_picked":["Warcry","Headbutt","Iron Wave","Clash"],"picked":"SKIP","floor":27},{"not_picked":["Pommel Strike","Flex","Twin Strike"],"picked":"Seeing Red+1","floor":28},{"not_picked":["Flame Barrier+1","Berserk","Twin Strike"],"picked":"Pommel Strike+1","floor":28},{"not_picked":["Flex","Cleave","Combust"],"picked":"Sword Boomerang+1","floor":28},{"not_picked":["Immolate","Headbutt","Entrench"],"picked":"Body Slam+1","floor":30},{"not_picked":["Flex","Iron Wave+1","Anger+1","Twin Strike+1"],"picked":"SKIP","floor":31},{"not_picked":["Double Tap","Impervious","Fiend Fire"],"picked":"Corruption","floor":33}],"player_experience":26601,"relics_obtained":[{"floor":8,"key":"Omamori"},{"floor":9,"key":"Boot"},{"floor":14,"key":"Question Card"},{"floor":25,"key":"Blood Vial"},{"floor":26,"key":"Paper Frog"},{"floor":27,"key":"Letter Opener"}],"event_choices":[{"cards_removed":["Strike_R"],"damage_healed":0,"gold_gain":0,"player_choice":"Card Removal","damage_taken":7,"max_hp_gain":0,"max_hp_loss":0,"event_name":"Golden Wing","floor":13,"gold_loss":0},{"damage_healed":0,"gold_gain":0,"player_choice":"Shed Blood","damage_taken":21,"max_hp_gain":5,"max_hp_loss":0,"event_name":"Forgotten Altar","floor":22,"gold_loss":0}],"is_beta":false,"boss_relics":[{"not_picked":["Runic Pyramid","Black Star"],"picked":"Philosopher\u0027s Stone"},{"not_picked":["Sozu","SlaversCollar"],"picked":"Astrolabe"}],"items_purged_floors":[3,10,21],"is_endless":false,"potions_floor_spawned":[1,4,11,12,14,16,19,23,24,25,33],"ascension_level":1}}