{"host":"lhth1efayex2023z","time":1609719919,"event":{"mods":["BaseMod","Colored Map","Googly Eyes","Minty Spire (QoL Compilation)","StSLib"],"gold_per_floor":[113,12,26,41,41,69,69,101,101,101,145,145,161,45,45,138,138,151,151,164,164,19,19,19,19],"floor_reached":24,"playtime":831,"items_purged":["Strike_R","Strike_R"],"score":350,"play_id":"bbc3e00e-bff5-46fb-919e-65e8ccccc515","local_time":"20210103172519","is_ascension_mode":true,"campfire_choices":[{"floor":12,"key":"REST"},{"data":"Dark Embrace","floor":15,"key":"SMITH"},{"data":"RitualDagger","floor":23,"key":"SMITH"}],"circlet_count":0,"master_deck":["AscendersBane","Strike_R+1","Strike_R+1","Defend_R","Defend_R","Bash","Carnage","True Grit","Havoc","Rage","Body Slam","Double Tap","Dark Embrace+1","Feel No Pain","Sentinel","Immolate","Second Wind","Juggernaut","Immolate","Ghostly Armor+1","RitualDagger+1","True Grit"],"relics":["Burning Blood","Whetstone","Bag of Marbles","Peace Pipe","Bronze Scales","Paper Frog","Golden Idol","Mercury Hourglass","Runic Dome"],"acts_visited":["Exordium","TheCity"],"potions_floor_usage":[11,16,24],"damage_taken":[{"damage":9,"enemies":"2 Louse","floor":1,"turns":3},{"damage":5,"enemies":"Small Slimes","floor":3,"turns":4},{"damage":2,"enemies":"Jaw Worm","floor":4,"turns":4},{"damage":21,"enemies":"Gremlin Nob","floor":6,"turns":4},{"damage":24,"enemies":"3 Sentries","floor":8,"turns":10},{"damage":20,"enemies":"Lagavulin","floor":11,"turns":5},{"damage":15,"enemies":"Looter","floor":13,"turns":3},{"damage":17,"enemies":"Slime Boss","floor":16,"turns":5},{"damage":25,"enemies":"2 Thieves","floor":18,"turns":3},{"damage":5,"enemies":"Spheric Guardian","floor":20,"turns":3},{"damage":37,"enemies":"Book of Stabbing","floor":24,"turns":4}],"seed_played":"4395159956794212462","potions_obtained":[{"floor":8,"key":"ColorlessPotion"},{"floor":13,"key":"LiquidMemories"},{"floor":18,"key":"PowerPotion"}],"is_trial":false,"path_per_floor":["M","$","M","M","?","E","?","E","T","?","E","R","M","$","R","B",null,"M","?","M","?","$","R","E"],"character_chosen":"IRONCLAD","items_purchased":["True Grit","Feel No Pain","Sentinel","True Grit"],"campfire_rested":1,"item_purchase_floors":[2,14,14,22],"current_hp_per_floor":[69,69,70,74,67,52,45,27,27,27,13,35,26,26,26,15,59,40,40,41,35,35,35,0,0],"gold":19,"neow_bonus":"RANDOM_COMMON_RELIC","is_daily":false,"chose_seed":false,"campfire_upgraded":2,"win_rate":0.0,"timestamp":1609719919,"path_taken":["M","$","M","M","?","E","?","E","T","?","E","R","M","$","R","BOSS","M","?","M","?","?","R","E"],"items_purchased_type":["Card","Card","Card","Card"],"build_version":"2020-12-22","purchased_purges":2,"victory":false,"max_hp_per_floor":[80,80,80,80,80,80,80,80,80,74,74,74,74,74,74,74,74,74,74,74,74,74,74,74,74],"card_choices":[{"not_picked":["Wild Strike","Clothesline"],"picked":"Carnage","floor":1},{"not_picked":["Intimidate","Fire Breathing"],"picked":"Havoc","floor":3},{"not_picked":["Twin Strike","Sword Boomerang"],"picked":"Rage","floor":4},{"not_picked":["Wild Strike","Blood for Blood"],"picked":"Body Slam","floor":6},{"not_picked":["Dropkick","Second Wind"],"picked":"Double Tap","floor":8},{"not_picked":["Exhume","Armaments"],"picked":"Dark Embrace","floor":11},{"not_picked":["Flame Barrier","Burning Pact","Anger"],"picked":"SKIP","floor":13},{"not_picked":["Impervious","Juggernaut"],"picked":"Immolate","floor":16},{"not_picked":["Whirlwind","Infernal Blade"],"picked":"Second Wind","floor":18},{"not_picked":["Heavy Blade","Shrug It Off"],"picked":"Ghostly Armor+1","floor":20}],"player_experience":452025,"relics_obtained":[{"floor":6,"key":"Bag of Marbles"},{"floor":8,"key":"Bronze Scales"},{"floor":9,"key":"Paper Frog"},{"floor":11,"key":"Mercury Hourglass"}],"event_choices":[{"cards_removed":["Defend_R"],"damage_healed":0,"gold_gain":0,"player_choice":"Card Removal","damage_taken":7,"max_hp_gain":0,"max_hp_loss":0,"event_name":"Golden Wing","floor":5,"gold_loss":0},{"damage_healed":0,"gold_gain":0,"player_choice":"Success","damage_taken":7,"relics_obtained":["Peace Pipe"],"max_hp_gain":0,"max_hp_loss":0,"event_name":"Scrap Ooze","floor":7,"gold_loss":0},{"damage_healed":0,"gold_gain":0,"player_choice":"Lose Max HP","damage_taken":0,"relics_obtained":["Golden Idol"],"max_hp_gain":0,"max_hp_loss":6,"event_name":"Golden Idol","floor":10,"gold_loss":0},{"damage_healed":0,"gold_gain":0,"cards_transformed":["Strike_R","Defend_R"],"player_choice":"Became Test Subject","damage_taken":0,"max_hp_gain":0,"max_hp_loss":0,"event_name":"Drug Dealer","floor":19,"gold_loss":0,"cards_obtained":["Juggernaut","Immolate"]},{"damage_healed":0,"gold_gain":0,"player_choice":"Joined the Cult","damage_taken":6,"max_hp_gain":0,"max_hp_loss":0,"event_name":"Nest","floor":21,"gold_loss":0,"cards_obtained":["RitualDagger"]}],"is_beta":false,"boss_relics":[{"not_picked":["Tiny House","SlaversCollar"],"picked":"Runic Dome"}],"items_purged_floors":[2,22],"is_endless":false,"potions_floor_spawned":[8,13,18],"killed_by":"Book of Stabbing","ascension_level":13}}