{"host":"k7udt7atmcuzf6l0","time":1609743364,"event":{"mods":["AchievementEnabler","BaseMod","Colored Map","Colored Powertips","Highlight Path","Minty Spire (QoL Compilation)","Quick Restart","Rare Cards Sparkle","StSLib","UnlockEverythingMod"],"gold_per_floor":[109,12,27,27,37,37,56,56,56,73,73,248,29,55,55,153,153,168,168,186,205,205,205,16,16,16,16,41,41,51,65,65,65,65],"floor_reached":33,"playtime":969,"items_purged":["Doubt"],"score":290,"play_id":"127e31fc-d0dd-45f7-b45a-b0bc547dd82f","local_time":"20210104145604","is_ascension_mode":false,"campfire_choices":[{"data":"Flex","floor":6.0,"key":"SMITH"},{"data":"Body Slam","floor":8.0,"key":"SMITH"},{"data":"Dual Wield","floor":11.0,"key":"SMITH"},{"data":"Pommel Strike","floor":15.0,"key":"SMITH"},{"data":"Feed","floor":23.0,"key":"SMITH"},{"data":"Apotheosis","floor":25.0,"key":"SMITH"},{"data":"Pummel","floor":27.0,"key":"SMITH"},{"data":"Headbutt","floor":29.0,"key":"SMITH"},{"data":"Bash","floor":32.0,"key":"SMITH"}],"circlet_count":0,"master_deck":["Strike_R","Strike_R","Strike_R","Strike_R+1","Strike_R","Defend_R","Defend_R","Bash+1","Headbutt+1","Pummel+1","Pommel Strike+1","Dual Wield+1","Flex+1","Body Slam+1","Feed+1","Reaper+1","Ghostly Armor","Thunderclap+1","Pommel Strike+1","Apotheosis+1","Clash+1","Sword Boomerang+1","Shrug It Off"],"relics":["Burning Blood","NeowsBlessing","Pantograph","Orichalcum","Meat on the Bone","Sozu","MutagenicStrength","Whetstone","Du-Vu Doll"],"acts_visited":["Exordium","TheCity"],"potions_floor_usage":[],"damage_taken":[{"damage":0.0,"enemies":"Jaw Worm","floor":1.0,"turns":1.0},{"damage":0.0,"enemies":"2 Louse","floor":3.0,"turns":1.0},{"damage":0.0,"enemies":"Cultist","floor":5.0,"turns":1.0},{"damage":16.0,"enemies":"Large Slime","floor":7.0,"turns":2.0},{"damage":0.0,"enemies":"Exordium Wildlife","floor":10.0,"turns":2.0},{"damage":19.0,"enemies":"3 Sentries","floor":14.0,"turns":6.0},{"damage":25.0,"enemies":"Slime Boss","floor":16.0,"turns":12.0},{"damage":0.0,"enemies":"Shell Parasite","floor":18.0,"turns":1.0},{"damage":9.0,"enemies":"2 Thieves","floor":20.0,"turns":3.0},{"damage":10.0,"enemies":"Cultist and Chosen","floor":21.0,"turns":5.0},{"damage":42.0,"enemies":"Slavers","floor":28.0,"turns":4.0},{"damage":0.0,"enemies":"Snake Plant","floor":30.0,"turns":2.0},{"damage":28.0,"enemies":"Centurion and Healer","floor":31.0,"turns":4.0},{"damage":126,"enemies":"Collector","floor":33,"turns":6}],"seed_played":"1203832679383187297","potions_obtained":[{"floor":1.0,"key":"GamblersBrew"},{"floor":5.0,"key":"LiquidMemories"},{"floor":7.0,"key":"CultistPotion"},{"floor":14.0,"key":"LiquidBronze"},{"floor":16.0,"key":"SpeedPotion"}],"is_trial":false,"path_per_floor":["M","$","M","?","M","R","M","R","T","M","R","?","$","E","R","B",null,"M","?","M","M","?","R","$","R","T","R","E","R","M","M","R","B"],"character_chosen":"IRONCLAD","items_purchased":["Pummel","Pommel Strike","Orichalcum","Apotheosis"],"campfire_rested":0,"item_purchase_floors":[2,2,13,24],"current_hp_per_floor":[80,80,80,73,79,79,69,69,69,75,75,75,75,62,62,70,89,89,89,86,92,92,92,92,92,92,92,60,60,70,60,60,0,0],"gold":65,"neow_bonus":"THREE_ENEMY_KILL","is_daily":false,"chose_seed":false,"campfire_upgraded":9,"win_rate":0.0,"timestamp":1609743364,"path_taken":["M","$","M","?","M","R","M","R","T","M","R","?","$","E","R","BOSS","M","?","?","M","?","R","$","R","T","R","E","R","M","M","R","BOSS"],"items_purchased_type":["Card","Card","Relic","Card"],"build_version":"2020-12-22","purchased_purges":1,"victory":false,"max_hp_per_floor":[80,80,80,80,80,80,80,80,80,80,80,80,80,80,80,89,89,89,89,89,92,92,92,92,92,92,92,96,96,100,104,104,104,104],"card_choices":[{"not_picked":["Rampage","Armaments"],"picked":"Headbutt","floor":1.0},{"not_picked":["True Grit","Hemokinesis"],"picked":"Dual Wield","floor":3.0},{"not_picked":["Whirlwind","Wild Strike"],"picked":"Flex","floor":5.0},{"not_picked":["Clash","Cleave"],"picked":"Body Slam","floor":7.0},{"not_picked":["Uppercut","Anger","Intimidate"],"picked":"SKIP","floor":10.0},{"not_picked":["Wild Strike","Searing Blow"],"picked":"Feed","floor":14.0},{"not_picked":["Brutality","Fiend Fire"],"picked":"Reaper","floor":16.0},{"not_picked":["Twin Strike","Anger"],"picked":"Ghostly Armor","floor":18.0},{"not_picked":["Flex","Perfected Strike"],"picked":"Thunderclap+1","floor":20.0},{"not_picked":["Heavy Blade","Twin Strike"],"picked":"Pommel Strike+1","floor":21.0},{"not_picked":["Headbutt+1","Sentinel"],"picked":"Clash+1","floor":28.0},{"not_picked":["Intimidate","Second Wind"],"picked":"Sword Boomerang+1","floor":30.0},{"not_picked":["Body Slam+1","True Grit"],"picked":"Shrug It Off","floor":31.0}],"player_experience":42045,"relics_obtained":[{"floor":9.0,"key":"Pantograph"},{"floor":14.0,"key":"Meat on the Bone"},{"floor":26.0,"key":"Whetstone"},{"floor":28.0,"key":"Du-Vu Doll"}],"event_choices":[{"cards_removed":["Defend_R"],"damage_healed":0.0,"max_hp_gain":0.0,"max_hp_loss":0.0,"gold_gain":0.0,"event_name":"Golden Wing","player_choice":"Card Removal","floor":4.0,"gold_loss":0.0,"damage_taken":7.0},{"damage_healed":0.0,"max_hp_gain":0.0,"max_hp_loss":0.0,"gold_gain":175.0,"event_name":"Liars Game","player_choice":"AGREE","floor":12.0,"gold_loss":0.0,"damage_taken":0.0,"cards_obtained":["Doubt"]},{"cards_removed":["Defend_R"],"damage_healed":0.0,"max_hp_gain":0.0,"max_hp_loss":0.0,"gold_gain":0.0,"event_name":"Bonfire Elementals","player_choice":"Offered Basic","floor":19.0,"gold_loss":0.0,"damage_taken":0.0},{"damage_healed":0.0,"max_hp_gain":0.0,"max_hp_loss":0.0,"gold_gain":0.0,"event_name":"Drug Dealer","player_choice":"Inject Mutagens","floor":22.0,"gold_loss":0.0,"damage_taken":0.0,"relics_obtained":["MutagenicStrength"]}],"is_beta":false,"boss_relics":[{"not_picked":["Pandora\u0027s Box","SlaversCollar"],"picked":"Sozu"}],"items_purged_floors":[13],"is_endless":false,"potions_floor_spawned":[1,5,7,14,16,28,31],"killed_by":"Collector","ascension_level":0}}