{"host":"g01l53quoe6lrer0","time":1609774837,"event":{"mods":["2.2 Compatiblity","AchievementEnabler","BaseMod","Colored Map","Highlight Path","Keyboard Shortcuts","Minty Spire (QoL Compilation)","Permanent Neow","Quick Restart","StSLib","SuperFastMode","everything is the same but u backflip on backflip"],"gold_per_floor":[17,28,41,52,52,52,77,91,91,91,104,104,119,130,130,232,232,249,249,249,260,84,114,114,139,139,139,139,174,174,187,187,282,282,296,306,306,306,319,319,338,338,338,338,338,41,56,72,72,72],"floor_reached":51,"playtime":1520,"items_purged":["Strike_R","Strike_R"],"score":924,"play_id":"5dad206a-cba7-4ffc-9a0f-88d869ee44da","local_time":"20210105004037","is_ascension_mode":true,"campfire_choices":[{"data":"Body Slam","floor":6.0,"key":"SMITH"},{"data":"1","floor":10.0,"key":"LIFT"},{"data":"2","floor":12.0,"key":"LIFT"},{"data":"3","floor":15.0,"key":"LIFT"},{"data":"Sword Boomerang","floor":24.0,"key":"SMITH"},{"data":"Shockwave","floor":28.0,"key":"SMITH"},{"data":"Wild Strike","floor":32.0,"key":"SMITH"},{"data":"Corruption","floor":40.0,"key":"SMITH"},{"data":"Trip","floor":42.0,"key":"SMITH"},{"data":"Evolve","floor":44.0,"key":"SMITH"},{"floor":49.0,"key":"REST"}],"circlet_count":0,"master_deck":["Strike_R","Strike_R","Strike_R","Defend_R","Defend_R","Defend_R","Defend_R","Bash","Feed","Uppercut","Shrug It Off","Clash","Body Slam+1","Evolve+1","Shrug It Off","Second Wind","Fiend Fire","Battle Trance","Pummel","Sword Boomerang+1","Shockwave+1","Wild Strike+1","Decay","Corruption+1","CurseOfTheBell","Sword Boomerang","Trip+1","Bloodletting+1","Sword Boomerang+1","Wild Strike","Impatience","Heavy Blade+1","Armaments+1"],"relics":["Burning Blood","Girya","Eternal Feather","Sozu","The Courier","Red Skull","Regal Pillow","Turnip","Ice Cream","FossilizedHelix","Calling Bell","Vajra","Pantograph","TungstenRod","Sundial","Oddly Smooth Stone"],"acts_visited":["Exordium","TheCity","TheBeyond"],"potions_floor_usage":[],"damage_taken":[{"damage":2.0,"enemies":"Jaw Worm","floor":1.0,"turns":3.0},{"damage":4.0,"enemies":"Cultist","floor":2.0,"turns":5.0},{"damage":0.0,"enemies":"2 Louse","floor":3.0,"turns":3.0},{"damage":9.0,"enemies":"Exordium Thugs","floor":4.0,"turns":4.0},{"damage":24.0,"enemies":"Gremlin Nob","floor":7.0,"turns":4.0},{"damage":6.0,"enemies":"2 Fungi Beasts","floor":8.0,"turns":4.0},{"damage":10.0,"enemies":"Large Slime","floor":11.0,"turns":8.0},{"damage":31.0,"enemies":"Gremlin Gang","floor":13.0,"turns":4.0},{"damage":9.0,"enemies":"2 Fungi Beasts","floor":14.0,"turns":3.0},{"damage":33.0,"enemies":"Hexaghost","floor":16.0,"turns":9.0},{"damage":20.0,"enemies":"Shell Parasite","floor":18.0,"turns":5.0},{"damage":6.0,"enemies":"3 Byrds","floor":21.0,"turns":5.0},{"damage":30.0,"enemies":"Slavers","floor":23.0,"turns":4.0},{"damage":17.0,"enemies":"Gremlin Leader","floor":25.0,"turns":5.0},{"damage":14.0,"enemies":"Slavers","floor":29.0,"turns":2.0},{"damage":0.0,"enemies":"Snake Plant","floor":31.0,"turns":1.0},{"damage":57.0,"enemies":"Champ","floor":33.0,"turns":6.0},{"damage":34.0,"enemies":"3 Darklings","floor":35.0,"turns":4.0},{"damage":0.0,"enemies":"3 Shapes","floor":36.0,"turns":3.0},{"damage":37.0,"enemies":"Transient","floor":39.0,"turns":5.0},{"damage":2.0,"enemies":"Spire Growth","floor":41.0,"turns":3.0},{"damage":57.0,"enemies":"4 Shapes","floor":47.0,"turns":4.0},{"damage":0.0,"enemies":"3 Darklings","floor":48.0,"turns":3.0},{"damage":96,"enemies":"Donu and Deca","floor":50,"turns":7}],"seed_played":"-3918204413780077632","potions_obtained":[{"floor":1.0,"key":"PowerPotion"},{"floor":3.0,"key":"CultistPotion"},{"floor":4.0,"key":"EntropicBrew"},{"floor":11.0,"key":"Energy Potion"},{"floor":16.0,"key":"AttackPotion"}],"is_trial":false,"path_per_floor":["M","M","M","M","?","R","E","M","T","R","M","R","M","M","R","B",null,"M","?","T","M","$","E","R","E","T","?","R","E","?","M","R","B",null,"M","M","?","?","M","R","M","R","T","R","?","$","M","M","R","B",null],"character_chosen":"IRONCLAD","items_purchased":["Red Skull","Wild Strike","Oddly Smooth Stone","Impatience"],"campfire_rested":1,"item_purchase_floors":[22,46,46,46],"current_hp_per_floor":[83,86,89,89,80,80,62,65,65,74,73,82,60,60,69,42,89,78,56,56,59,59,38,50,39,39,39,51,46,46,52,64,13,94,66,72,72,72,41,56,63,81,81,99,88,88,40,46,117,40],"gold":72,"neow_bonus":"THREE_RARE_CARDS","is_daily":false,"chose_seed":false,"campfire_upgraded":7,"win_rate":0.0,"timestamp":1609774837,"path_taken":["M","M","M","M","?","R","E","M","T","R","?","R","M","M","R","BOSS","M","?","?","M","$","E","R","E","T","?","R","E","?","M","R","BOSS","M","?","?","?","?","R","M","R","T","R","?","$","?","M","R","BOSS"],"items_purchased_type":["Relic","Card","Relic","Card"],"build_version":"2020-12-22","purchased_purges":2,"victory":true,"max_hp_per_floor":[83,86,89,92,92,92,92,95,95,95,98,98,101,104,104,104,104,107,112,112,115,115,118,118,118,118,118,118,121,121,121,121,121,121,121,121,121,121,121,121,124,124,124,124,124,124,127,127,127,130],"card_choices":[{"not_picked":["Fiend Fire","Double Tap"],"picked":"Feed","floor":0.0},{"not_picked":["Dual Wield","Flame Barrier"],"picked":"Uppercut","floor":1.0},{"not_picked":["Thunderclap","Pommel Strike"],"picked":"Shrug It Off","floor":2.0},{"not_picked":["Warcry","Rage"],"picked":"Clash","floor":3.0},{"not_picked":["Rampage","Clothesline"],"picked":"Body Slam","floor":4.0},{"not_picked":["Clothesline","Shrug It Off","Warcry"],"picked":"SKIP","floor":7.0},{"not_picked":["Disarm","Warcry","Clash"],"picked":"SKIP","floor":8.0},{"not_picked":["Thunderclap","Iron Wave"],"picked":"Evolve","floor":11.0},{"not_picked":["Iron Wave","Headbutt"],"picked":"Shrug It Off","floor":13.0},{"not_picked":["True Grit","Twin Strike"],"picked":"Second Wind","floor":14.0},{"not_picked":["Barricade","Demon Form"],"picked":"Fiend Fire","floor":16.0},{"not_picked":["Iron Wave+1","Armaments"],"picked":"Battle Trance","floor":18.0},{"not_picked":["Rage+1","Headbutt"],"picked":"Pummel","floor":21.0},{"not_picked":["Shockwave","Flex"],"picked":"Sword Boomerang","floor":23.0},{"not_picked":["Intimidate","Armaments"],"picked":"Shockwave","floor":25.0},{"not_picked":["Warcry","Blood for Blood"],"picked":"Wild Strike","floor":29.0},{"not_picked":["Iron Wave","Body Slam","Shrug It Off"],"picked":"SKIP","floor":31.0},{"not_picked":["Barricade","Offering"],"picked":"Corruption","floor":33.0},{"not_picked":["Rampage+1","Twin Strike+1"],"picked":"Sword Boomerang","floor":35.0},{"not_picked":["Entrench","Clothesline","Perfected Strike"],"picked":"SKIP","floor":36.0},{"not_picked":["Dark Shackles","Good Instincts"],"picked":"Trip","floor":37.0},{"not_picked":["Pommel Strike+1","Infernal Blade"],"picked":"Bloodletting+1","floor":39.0},{"not_picked":["Thunderclap","Flex+1"],"picked":"Sword Boomerang+1","floor":41.0},{"not_picked":["Warcry","Reckless Charge"],"picked":"Heavy Blade+1","floor":47.0},{"not_picked":["Burning Pact","Warcry"],"picked":"Armaments+1","floor":48.0}],"player_experience":54135,"relics_obtained":[{"floor":7.0,"key":"Girya"},{"floor":9.0,"key":"Eternal Feather"},{"floor":20.0,"key":"The Courier"},{"floor":23.0,"key":"Regal Pillow"},{"floor":25.0,"key":"Turnip"},{"floor":26.0,"key":"Ice Cream"},{"floor":29.0,"key":"FossilizedHelix"},{"floor":34.0,"key":"Vajra"},{"floor":34.0,"key":"Pantograph"},{"floor":34.0,"key":"TungstenRod"},{"floor":43.0,"key":"Sundial"}],"event_choices":[{"damage_healed":0.0,"max_hp_gain":0.0,"max_hp_loss":0.0,"gold_gain":0.0,"event_name":"Wheel of Change","player_choice":"Damaged","floor":5.0,"gold_loss":0.0,"damage_taken":9.0},{"damage_healed":0.0,"max_hp_gain":5.0,"max_hp_loss":0.0,"gold_gain":0.0,"event_name":"Forgotten Altar","player_choice":"Shed Blood","floor":19.0,"gold_loss":0.0,"damage_taken":27.0},{"damage_healed":0.0,"max_hp_gain":0.0,"max_hp_loss":0.0,"gold_gain":0.0,"event_name":"Cursed Tome","player_choice":"Ignored","floor":27.0,"gold_loss":0.0,"damage_taken":0.0},{"damage_healed":0.0,"max_hp_gain":0.0,"max_hp_loss":0.0,"gold_gain":0.0,"event_name":"Wheel of Change","player_choice":"Cursed","floor":30.0,"gold_loss":0.0,"damage_taken":0.0,"cards_obtained":["Decay"]},{"damage_healed":0.0,"max_hp_gain":0.0,"max_hp_loss":0.0,"gold_gain":0.0,"event_name":"SensoryStone","player_choice":"Memory 1","floor":37.0,"gold_loss":0.0,"damage_taken":0.0},{"damage_healed":0.0,"max_hp_gain":0.0,"max_hp_loss":0.0,"gold_gain":0.0,"event_name":"SecretPortal","player_choice":"Ignored","floor":38.0,"gold_loss":0.0,"damage_taken":0.0},{"damage_healed":0.0,"max_hp_gain":0.0,"max_hp_loss":0.0,"gold_gain":0.0,"event_name":"Wheel of Change","player_choice":"Damaged","floor":45.0,"gold_loss":0.0,"damage_taken":12.0}],"is_beta":false,"boss_relics":[{"not_picked":["Pandora\u0027s Box","Mark of Pain"],"picked":"Sozu"},{"not_picked":["Tiny House","Philosopher\u0027s Stone"],"picked":"Calling Bell"}],"items_purged_floors":[22,46],"is_endless":false,"potions_floor_spawned":[1,3,4,11,16,18,23,31,35,41],"ascension_level":5}}