{"host":"1vlnbhbo7cfp1mi8","time":1609793764,"event":{"mods":["BaseMod","Bestiary","Better Third Choice","BetterRewards","Googly Eyes","Minty Spire (QoL Compilation)","Replay The Spire","StSLib","The Jungle","The Marked","The Mystic","The Runesmith"],"gold_per_floor":[114,114,114,126,126,126,161,161,161,195,4,30,46,77,77,181,181,196,213,232,19,29,58,58,92,116,116,147,180,180,180,180,283,283,294,312,323,323,139,168,168,203,230,256,256,256,272,87,87,87],"floor_reached":51,"playtime":7507,"items_purged":["Strike_P","Defend_P","Strike_P","Strike_P+1"],"score":857,"play_id":"92b3139f-4d75-46c3-b1e3-08c951e77a3b","local_time":"20210104225604","is_ascension_mode":true,"campfire_choices":[{"data":"Eruption","floor":6.0,"key":"SMITH"},{"data":"FollowUp","floor":8.0,"key":"SMITH"},{"data":"TalkToTheHand","floor":15.0,"key":"SMITH"},{"floor":32.0,"key":"REST"},{"floor":41.0,"key":"REST"},{"floor":46,"key":"REST"}],"circlet_count":0,"master_deck":["Defend_P+1","Eruption+1","Vigilance+1","ForeignInfluence+1","Steam+1","FollowUp+1","TalkToTheHand+1","Vengeance+1","InnerPeace+1","Adaptation+1","LessonLearned+1","Swivel+1","Replay:LoomingThreat+1","FearNoEvil","Swivel+1","SandsOfTime+1","CrushJoints+1","Crescendo","LikeWater+1","FearNoEvil+1","ClearTheMind","Protect+1","Protect+1","J.A.X.","DevaForm","Crescendo+1","CrushJoints","Madness","Madness+1","Wallop+1","Trip+1","Collect","Crescendo+1","FollowUp","Replay:AtTheReady+1","Replay:AtTheReady+1","Replay:Anticipation","FearNoEvil"],"relics":["PureWater","PreservedInsect","Omamori","Kunai","Replay:Bottled Snecko","Pantograph","Ginger","Calling Bell","Smiling Mask","Letter Opener","Replay:Multitool","Toy Ornithopter","Juzu Bracelet","Anchor","Sundial","Red Mask","Cursed Key","Peace Pipe","Replay:Purple Gloves","Vajra","Dream Catcher"],"acts_visited":[],"potions_floor_usage":[42,50],"damage_taken":[{"damage":0.0,"enemies":"Cultist","floor":1.0,"turns":3.0},{"damage":0.0,"enemies":"Small Slimes","floor":4.0,"turns":2.0},{"damage":0.0,"enemies":"3 Sentries","floor":7.0,"turns":3.0},{"damage":10.0,"enemies":"Lagavulin","floor":10.0,"turns":4.0},{"damage":0.0,"enemies":"3 Sentries","floor":12.0,"turns":4.0},{"damage":0.0,"enemies":"2 Louse","floor":13.0,"turns":2.0},{"damage":11.0,"enemies":"Gremlin Nob","floor":14.0,"turns":3.0},{"damage":0.0,"enemies":"Slime Boss","floor":16.0,"turns":5.0},{"damage":15.0,"enemies":"2 Thieves","floor":18.0,"turns":4.0},{"damage":5.0,"enemies":"Chosen","floor":19.0,"turns":3.0},{"damage":0.0,"enemies":"Snake Plant","floor":20.0,"turns":4.0},{"damage":0.0,"enemies":"Snecko","floor":22.0,"turns":2.0},{"damage":2.0,"enemies":"Replay:Snechameleon","floor":23.0,"turns":8.0},{"damage":27.0,"enemies":"Slavers","floor":25.0,"turns":2.0},{"damage":7.0,"enemies":"Gremlin Leader","floor":28.0,"turns":3.0},{"damage":43.0,"enemies":"Masked Bandits","floor":29.0,"turns":4.0},{"damage":56.0,"enemies":"Collector","floor":33.0,"turns":6.0},{"damage":11.0,"enemies":"3 Darklings","floor":35.0,"turns":5.0},{"damage":11.0,"enemies":"3 Shapes","floor":36.0,"turns":4.0},{"damage":6.0,"enemies":"Transient","floor":37.0,"turns":5.0},{"damage":3.0,"enemies":"Giant Head","floor":40.0,"turns":5.0},{"damage":3,"enemies":"R_Hoarder","floor":42,"turns":5},{"damage":18,"enemies":"Giant Head","floor":44,"turns":5},{"damage":3,"enemies":"Sphere and 2 Shapes","floor":47,"turns":3},{"damage":6,"enemies":"Replay:Hell Engine","floor":50,"turns":6}],"seed_played":"-8365283943374672372","potions_obtained":[{"floor":4.0,"key":"Languid Potion"},{"floor":7.0,"key":"LifebloodPotion"},{"floor":12.0,"key":"SneckoOil"},{"floor":14.0,"key":"LifebloodPotion"},{"floor":19.0,"key":"DistilledChaos"},{"floor":22.0,"key":"SkillPotion"},{"floor":23.0,"key":"SmokeBomb"},{"floor":29.0,"key":"AttackPotion"},{"floor":33.0,"key":"Languid Potion"},{"floor":35.0,"key":"Energy Potion"},{"floor":40.0,"key":"Milkshake"}],"is_trial":false,"path_per_floor":["M","?","?","M","?","R","E","R","T","E","$","E","M","E","R","B",null,"M","M","M","$","M","E","R","E","T","R","E","?","?","?","R","B",null,"M","M","M","?","$","E","R","E","T","E","?","R","M","$","R","B",null],"character_chosen":"WATCHER","items_purchased":["InnerPeace","Adaptation","CrushJoints+1","Crescendo","LikeWater","Wallop+1","Trip","Replay:Anticipation","FearNoEvil"],"campfire_rested":3,"item_purchase_floors":[11,11,21,21,21,39,39,48,48],"current_hp_per_floor":[72,72,77,77,62,62,62,62,62,52,52,52,52,41,41,66,77,62,57,57,57,57,55,77,50,50,73,66,23,9,9,33,7,82,71,60,54,44,44,41,65,71,71,53,53,77,74,74,82,79],"gold":87,"neow_bonus":"RANDOM_COMMON_RELIC","is_daily":false,"chose_seed":false,"campfire_upgraded":3,"win_rate":0.0,"timestamp":1609793764,"path_taken":["M","?","?","M","?","R","E","R","T","E","$","E","M","E","R","BOSS","M","M","M","$","M","E","R","E","T","R","E","?","?","?","R","BOSS","M","M","M","?","$","E","R","E","T","E","?","R","M","$","R","BOSS"],"items_purchased_type":["Card","Card","Card","Card","Card","Card","Card","Card","Card"],"build_version":"2020-12-22","purchased_purges":4,"victory":true,"max_hp_per_floor":[72,72,77,77,77,77,77,77,77,77,77,77,77,77,77,77,77,77,77,77,77,77,77,77,77,77,77,77,77,82,82,82,82,82,82,82,82,82,82,82,82,82,82,82,82,82,82,82,82,82],"card_choices":[{"not_picked":["ThirdEye","Consecrate","CrushJoints"],"picked":"SKIP","floor":1.0},{"not_picked":["SashWhip","Replay:ManipulateFuture"],"picked":"FollowUp","floor":4.0},{"not_picked":["Nirvana","SignatureMove"],"picked":"TalkToTheHand","floor":7.0},{"not_picked":["ReachHeaven","MasterReality"],"picked":"Vengeance","floor":10.0},{"not_picked":["Protect","ReachHeaven"],"picked":"LessonLearned","floor":12.0},{"not_picked":["FlyingSleeves","FollowUp","Replay:BluntJabs"],"picked":"SKIP","floor":13.0},{"not_picked":["Blasphemy","Consecrate"],"picked":"Swivel","floor":14.0},{"not_picked":["Scrawl","Omniscience"],"picked":"Replay:LoomingThreat","floor":16.0},{"not_picked":["Adaptation","Conclude"],"picked":"FearNoEvil","floor":18.0},{"not_picked":["Evaluate","FlyingSleeves"],"picked":"Swivel","floor":19.0},{"not_picked":["Prostrate","EmptyFist+1"],"picked":"SandsOfTime+1","floor":20.0},{"not_picked":["Prostrate","FlyingSleeves","JustLucky"],"picked":"SKIP","floor":22.0},{"not_picked":["Omniscience","CrushJoints"],"picked":"FearNoEvil+1","floor":23.0},{"not_picked":["Adaptation","EmptyBody"],"picked":"ClearTheMind","floor":25.0},{"not_picked":["SashWhip","PathToVictory"],"picked":"Protect","floor":28.0},{"not_picked":["Replay:ManipulateFuture","Study"],"picked":"Protect+1","floor":29.0},{"not_picked":["Vault","Establishment"],"picked":"DevaForm","floor":33.0},{"not_picked":["CutThroughFate","Halt","WreathOfFlame"],"picked":"SKIP","floor":35.0},{"not_picked":["Evaluate+1","Consecrate+1"],"picked":"Crescendo+1","floor":36.0},{"not_picked":["JustLucky","Weave+1"],"picked":"CrushJoints","floor":37.0},{"not_picked":["DevaForm","EmptyFist+1"],"picked":"Collect","floor":40.0},{"not_picked":["Conclude+1","ForeignInfluence"],"picked":"Crescendo+1","floor":42},{"not_picked":["Crescendo","ThirdEye"],"picked":"FollowUp","floor":44},{"not_picked":["JustLucky+1","Consecrate"],"picked":"Replay:AtTheReady+1","floor":46},{"not_picked":["Adaptation+1","Swivel+1"],"picked":"Replay:AtTheReady+1","floor":47}],"player_experience":105097,"relics_obtained":[{"floor":7.0,"key":"Omamori"},{"floor":9.0,"key":"Kunai"},{"floor":10.0,"key":"Replay:Bottled Snecko"},{"floor":12.0,"key":"Pantograph"},{"floor":14.0,"key":"Ginger"},{"floor":17.0,"key":"Smiling Mask"},{"floor":17.0,"key":"Letter Opener"},{"floor":17.0,"key":"Replay:Multitool"},{"floor":23.0,"key":"Toy Ornithopter"},{"floor":25.0,"key":"Juzu Bracelet"},{"floor":26.0,"key":"Anchor"},{"floor":28.0,"key":"Sundial"},{"floor":29.0,"key":"Red Mask"},{"floor":40.0,"key":"Peace Pipe"},{"floor":42,"key":"Replay:Purple Gloves"},{"floor":43,"key":"Vajra"},{"floor":44,"key":"Dream Catcher"}],"event_choices":[{"damage_healed":0.0,"max_hp_gain":5.0,"max_hp_loss":0.0,"gold_gain":0.0,"event_name":"Big Fish","player_choice":"Donut","floor":3.0,"gold_loss":0.0,"damage_taken":0.0},{"damage_healed":77.0,"max_hp_gain":0.0,"max_hp_loss":77.0,"gold_gain":0.0,"event_name":"betterThird:BetterShining","player_choice":"Upgrade","floor":5.0,"gold_loss":0.0,"damage_taken":15.0,"cards_upgraded":["ForeignInfluence","Defend_P"]},{"damage_healed":0.0,"max_hp_gain":0.0,"max_hp_loss":0.0,"gold_gain":0.0,"event_name":"Masked Bandits","player_choice":"Fought Bandits","floor":29.0,"gold_loss":0.0,"damage_taken":0.0},{"damage_healed":0.0,"max_hp_gain":5.0,"max_hp_loss":0.0,"gold_gain":0.0,"event_name":"Forgotten Altar","player_choice":"Shed Blood","floor":30.0,"gold_loss":0.0,"damage_taken":19.0},{"damage_healed":0.0,"max_hp_gain":0.0,"max_hp_loss":0.0,"gold_gain":0.0,"event_name":"Drug Dealer","player_choice":"Obtain J.A.X.","floor":31.0,"gold_loss":0.0,"damage_taken":0.0,"cards_obtained":["J.A.X."]},{"damage_healed":0.0,"max_hp_gain":0.0,"max_hp_loss":0.0,"gold_gain":0.0,"event_name":"Winding Halls","player_choice":"Embrace Madness","floor":38.0,"gold_loss":0.0,"damage_taken":10.0,"cards_obtained":["Madness","Madness"]},{"cards_removed":["Defend_P"],"damage_healed":0,"gold_gain":0,"player_choice":"Purged","damage_taken":0,"max_hp_gain":0,"max_hp_loss":0,"event_name":"Purifier","floor":45,"gold_loss":0}],"is_beta":false,"boss_relics":[{"not_picked":["Replay:Drink Me","Snecko Eye"],"picked":"Calling Bell"},{"not_picked":["Kintsugi","Runic Pyramid"],"picked":"Cursed Key"}],"items_purged_floors":[11,21,39,48],"is_endless":false,"potions_floor_spawned":[4,7,12,14,19,22,23,29,33,35,40],"ascension_level":1}}