{"host":"9ndbo4kgsfoemf7y","time":1609778210,"event":{"mods":["AchievementEnabler","BaseMod","Colored Map","DeckTracker","Keyboard Shortcuts","Minty Spire (QoL Compilation)","Permanent Neow","Quick Restart","Relic Stats","StSLib","SuperFastMode"],"gold_per_floor":[112,131,142,159,10,10,36,36,36,62,24,36,76,88,100,216,228,180,37,54,69,69,69,69,69,69,82,82,82,82,82],"floor_reached":30,"playtime":811,"items_purged":["Strike_B"],"score":298,"play_id":"fb657e81-08a7-4eea-95cd-5723d94858ea","local_time":"20210105013650","is_ascension_mode":true,"campfire_choices":[{"data":"Chaos","floor":6.0,"key":"SMITH"},{"data":"Loop","floor":8.0,"key":"SMITH"},{"floor":12.0,"key":"REST"},{"data":"Buffer","floor":15.0,"key":"SMITH"},{"data":"Meteor Strike","floor":23.0,"key":"SMITH"}],"circlet_count":0,"master_deck":["Strike_B+1","Defend_B+1","Defend_B+1","Defend_B+1","Defend_B+1","Zap","Dualcast","Echo Form","Loop+1","Chaos+1","Sweeping Beam","BootSequence","Self Repair","Skim","Glacier","Capacitor","Buffer+1","Meteor Strike+1","Lockon","Stack","Conserve Battery","Hologram"],"relics":["Cracked Core","Tiny Chest","MawBank","Mercury Hourglass","Inserter","Medical Kit","Dead Branch","Nunchaku"],"acts_visited":["Exordium","TheCity"],"potions_floor_usage":[28],"damage_taken":[{"damage":10.0,"enemies":"Small Slimes","floor":1.0,"turns":3.0},{"damage":8.0,"enemies":"Jaw Worm","floor":2.0,"turns":4.0},{"damage":11.0,"enemies":"2 Louse","floor":3.0,"turns":3.0},{"damage":9.0,"enemies":"Exordium Wildlife","floor":4.0,"turns":2.0},{"damage":7.0,"enemies":"3 Sentries","floor":7.0,"turns":7.0},{"damage":8.0,"enemies":"Blue Slaver","floor":10.0,"turns":3.0},{"damage":10.0,"enemies":"Gremlin Nob","floor":13.0,"turns":3.0},{"damage":36.0,"enemies":"The Guardian","floor":16.0,"turns":10.0},{"damage":12.0,"enemies":"2 Thieves","floor":18.0,"turns":4.0},{"damage":15.0,"enemies":"Spheric Guardian","floor":20.0,"turns":9.0},{"damage":20.0,"enemies":"Chosen and Byrds","floor":21.0,"turns":8.0},{"damage":21.0,"enemies":"Sentry and Sphere","floor":27.0,"turns":4.0},{"damage":0,"enemies":"Shelled Parasite and Fungi","floor":28,"turns":1},{"damage":13,"enemies":"3 Cultists","floor":30,"turns":5}],"seed_played":"-408480312293950321","potions_obtained":[{"floor":1.0,"key":"AttackPotion"},{"floor":2.0,"key":"Block Potion"},{"floor":4.0,"key":"SmokeBomb"},{"floor":10.0,"key":"PowerPotion"}],"is_trial":false,"path_per_floor":["M","M","M","M","$","R","E","R","T","M","?","R","E","?","R","B",null,"M","$","M","M","?","R","T","?","T","M","M","$","M"],"character_chosen":"DEFECT","items_purchased":["Self Repair","Medical Kit"],"campfire_rested":1,"item_purchase_floors":[5,19],"current_hp_per_floor":[65,57,46,37,37,37,37,37,37,29,29,51,48,48,48,19,61,49,49,41,35,35,35,35,29,29,8,8,8,0,0],"gold":82,"neow_bonus":"ONE_RANDOM_RARE_CARD","is_daily":false,"chose_seed":false,"campfire_upgraded":4,"win_rate":0.0,"timestamp":1609778210,"path_taken":["M","M","M","M","$","R","E","R","T","M","?","R","E","?","R","BOSS","M","$","M","M","?","R","?","?","T","M","?","$","?"],"items_purchased_type":["Card","Relic"],"build_version":"2020-12-22","purchased_purges":1,"victory":false,"max_hp_per_floor":[75,75,75,75,75,75,75,75,75,75,75,75,75,75,75,75,75,75,75,75,75,75,75,75,75,75,75,75,75,75,75],"relic_stats":{"Nunchaku":[0],"Inserter":[14],"counters":[14,65],"Dead Branch":[0],"Tiny Chest":1,"MawBank":120,"Medical Kit":[1],"obtain_stats":[{"Nunchaku":26,"Inserter":17,"Dead Branch":24,"Tiny Chest":7,"Cracked Core":0,"MawBank":9,"Medical Kit":19,"Mercury Hourglass":13},{"Nunchaku":11,"Inserter":8,"Dead Branch":11,"Tiny Chest":5,"Cracked Core":0,"MawBank":5,"Medical Kit":9,"Mercury Hourglass":7},{"Nunchaku":55,"Inserter":35,"Dead Branch":55,"Tiny Chest":19,"Cracked Core":0,"MawBank":19,"Medical Kit":39,"Mercury Hourglass":25}],"Mercury Hourglass":[132]},"card_choices":[{"not_picked":["Go for the Eyes","Scrape"],"picked":"Loop","floor":1.0},{"not_picked":["Cold Snap","Loop"],"picked":"Chaos","floor":2.0},{"not_picked":["Tempest","Steam Power"],"picked":"Sweeping Beam","floor":3.0},{"not_picked":["Lockon","Rebound"],"picked":"BootSequence","floor":4.0},{"not_picked":["White Noise","Sweeping Beam"],"picked":"Skim","floor":7.0},{"not_picked":["Leap","Reprogram"],"picked":"Glacier","floor":10.0},{"not_picked":["Consume","Ball Lightning"],"picked":"Capacitor","floor":13.0},{"not_picked":["Amplify","Echo Form"],"picked":"Meteor Strike","floor":16.0},{"not_picked":["Stack","Ball Lightning"],"picked":"Lockon","floor":18.0},{"not_picked":["BootSequence","Ball Lightning"],"picked":"Stack","floor":20.0},{"not_picked":["Sweeping Beam","Reprogram"],"picked":"Conserve Battery","floor":21.0},{"not_picked":["Blizzard","Streamline+1"],"picked":"Hologram","floor":27.0}],"player_experience":776967,"relics_obtained":[{"floor":7.0,"key":"Tiny Chest"},{"floor":9.0,"key":"MawBank"},{"floor":13.0,"key":"Mercury Hourglass"},{"floor":24.0,"key":"Dead Branch"},{"floor":26.0,"key":"Nunchaku"}],"event_choices":[{"cards_removed":["Strike_B"],"damage_healed":0.0,"max_hp_gain":0.0,"max_hp_loss":0.0,"gold_gain":0.0,"event_name":"The Cleric","player_choice":"Card Removal","floor":11.0,"gold_loss":50.0,"damage_taken":0.0},{"damage_healed":0.0,"max_hp_gain":0.0,"max_hp_loss":0.0,"gold_gain":0.0,"cards_transformed":["Strike_B"],"event_name":"Living Wall","player_choice":"Change","floor":14.0,"gold_loss":0.0,"damage_taken":0.0,"cards_obtained":["Buffer"]},{"damage_healed":0.0,"max_hp_gain":0.0,"max_hp_loss":0.0,"gold_gain":0.0,"event_name":"Back to Basics","player_choice":"Simplicity","floor":22.0,"gold_loss":0.0,"damage_taken":0.0,"cards_upgraded":["Strike_B","Defend_B","Defend_B","Defend_B","Defend_B"]},{"damage_healed":0.0,"max_hp_gain":0.0,"max_hp_loss":0.0,"gold_gain":0.0,"event_name":"Knowing Skull","player_choice":"","floor":25.0,"potions_obtained":[],"gold_loss":0.0,"damage_taken":6.0,"cards_obtained":[]}],"is_beta":false,"boss_relics":[{"not_picked":["Fusion Hammer","Sozu"],"picked":"Inserter"}],"items_purged_floors":[5],"is_endless":false,"potions_floor_spawned":[1,2,4,10,28],"killed_by":"3 Cultists","ascension_level":5}}