{"host":"9n9nzkokhxe59gmc","time":1609795414,"event":{"mods":["Act Like it!","BaseMod","Elementarium","Hallownest","Hermit","Hubris","Infinite Spire","Menagerie","Minty Spire (QoL Compilation)","Replay The Spire","Shade Mod","StSLib","The Marked","The Servant 0.9.4"],"gold_per_floor":[116,41,61,75,91,91,91,102,127,137,137,166,180,180,180],"floor_reached":14,"playtime":584,"items_purged":["Regret"],"score":94,"play_id":"49350311-edc5-4fe9-9a0a-7b1114efe044","local_time":"20210104132334","is_ascension_mode":false,"campfire_choices":[{"data":"theMarked:Aftermath","floor":6,"key":"SMITH"}],"circlet_count":0,"master_deck":["theMarked:Strike","theMarked:Strike","theMarked:Strike","theMarked:Strike","theMarked:Strike","theMarked:Defend","theMarked:Defend","theMarked:Defend","theMarked:Defend","theMarked:SoldierOfQuellstein","theMarked:HeightenedSenses","theMarked:Aftermath+1","theMarked:BanishingStrike","theMarked:ElectricStrings","Power Through","theMarked:StartUp","theMarked:BanishingStrike"],"relics":["theMarked:ArtifactOfAir","infinitespire:PuzzleCube","Orichalcum","hubris:Zylophone"],"acts_visited":["Exordium"],"potions_floor_usage":[5,10,10],"damage_taken":[{"damage":12,"enemies":"2 Louse","floor":1,"turns":3},{"damage":1,"enemies":"Jaw Worm","floor":3,"turns":4},{"damage":1,"enemies":"Cultist","floor":4,"turns":3},{"damage":2,"enemies":"2 Fungi Beasts","floor":5,"turns":3},{"damage":30,"enemies":"Gremlin Gang","floor":8,"turns":5},{"damage":1,"enemies":"Red Slaver","floor":10,"turns":3},{"damage":10,"enemies":"Gremlin Nob","floor":12,"turns":5},{"damage":8,"enemies":"Lots of Slimes","floor":13,"turns":3},{"damage":20,"enemies":"Lagavulin","floor":14,"turns":5}],"seed_played":"-8150773250835785903","potions_obtained":[{"floor":3,"key":"Explosive Potion"},{"floor":5,"key":"Regen Potion"},{"floor":8,"key":"Weak Potion"}],"is_trial":false,"path_per_floor":["M","$","M","M","M","R","?","M","T","M","?","E","M","E"],"character_chosen":"THE_DEFAULT","items_purchased":[],"campfire_rested":0,"item_purchase_floors":[],"current_hp_per_floor":[58,58,57,56,54,54,54,24,24,32,32,22,14,0,0],"gold":180,"neow_bonus":"RANDOM_EVENT","is_daily":false,"chose_seed":false,"campfire_upgraded":1,"win_rate":0.0,"timestamp":1609795414,"path_taken":["M","$","M","M","M","R","?","M","T","M","?","E","?","E"],"items_purchased_type":[],"build_version":"2020-12-22","purchased_purges":1,"victory":false,"max_hp_per_floor":[70,70,70,70,70,70,70,70,70,70,70,70,70,70,70],"card_choices":[{"not_picked":["theMarked:WastefulAttack","theMarked:Static"],"picked":"theMarked:HeightenedSenses","floor":1},{"not_picked":["theMarked:Seal","theMarked:DeterminationOfTheMarked"],"picked":"theMarked:Aftermath","floor":3},{"not_picked":["theMarked:Parkour","theMarked:Static","theMarked:EnhanceMovement"],"picked":"SKIP","floor":4},{"not_picked":["theMarked:DeterminationOfTheMarked","theMarked:Electrocute"],"picked":"theMarked:BanishingStrike","floor":5},{"not_picked":["theMarked:Static","theMarked:HeightenedSenses"],"picked":"theMarked:ElectricStrings","floor":8},{"not_picked":["theMarked:WastefulAttack","theMarked:Electrify"],"picked":"theMarked:HeightenedSenses","floor":10},{"not_picked":["theMarked:PowerFlow","theMarked:Seal"],"picked":"theMarked:StartUp","floor":12},{"not_picked":["theMarked:HeightenedSenses","theMarked:Static"],"picked":"theMarked:BanishingStrike","floor":13}],"player_experience":727118,"relics_obtained":[{"floor":9,"key":"Orichalcum"},{"floor":12,"key":"hubris:Zylophone"}],"event_choices":[{"damage_healed":0,"gold_gain":0,"player_choice":"Box","damage_taken":0,"relics_obtained":["infinitespire:PuzzleCube"],"max_hp_gain":0,"max_hp_loss":0,"event_name":"Big Fish","floor":0,"gold_loss":0,"cards_obtained":["Regret"]},{"cards_removed":["theMarked:HeightenedSenses"],"damage_healed":0,"gold_gain":0,"player_choice":"Took Card","damage_taken":0,"max_hp_gain":0,"max_hp_loss":0,"event_name":"NoteForYourself","floor":11,"gold_loss":0,"cards_obtained":["Power Through"]}],"is_beta":false,"boss_relics":[],"items_purged_floors":[2],"is_endless":false,"potions_floor_spawned":[3,5,8],"killed_by":"Lagavulin","ascension_level":0}}