{"host":"ormi09wwzv7sq47a","time":1609782816,"event":{"mods":["2.2 Compatiblity","AchievementEnabler","Act Like it!","BaseMod","Bestiary","Better Altar","Better Note","Better Sensory Stone","Better Skull","Better Third Choice","Better Vampires","BetterRewards","Block Reminder","Card Forge","Colored Map","Colored Powertips","Curses Come First","DeckTracker","Downfall","Highlight Path","Minty Spire (QoL Compilation)","Permanent Neow","Quick Restart","Rare Cards Sparkle","Relic Stats","Shop Mod","StSLib","The Jungle"],"gold_per_floor":[115,126,126,26,43,78,78,93,143,143,143,143,172,172,172,277,277,295,295,220,202,117,117,117,137,137,137,137,137,148,177,177,277,277,297,297,309,46,66,66,66,66,134,160,206,226,226,242,242,242],"floor_reached":51,"playtime":2370,"items_purged":["Strike_B","Strike_B","Defend_B"],"score":1406,"play_id":"d3cd3c33-d533-4611-b7f9-5c3542095aa4","local_time":"20210104155336","is_ascension_mode":true,"campfire_choices":[{"data":"expansioncontent:DashGenerateEvil","floor":7.0,"key":"SMITH"},{"data":"Zap","floor":10.0,"key":"SMITH"},{"data":"Dualcast","floor":12.0,"key":"SMITH"},{"floor":15.0,"key":"REST"},{"data":"Buffer","floor":23.0,"key":"SMITH"},{"data":"Gash","floor":27.0,"key":"SMITH"},{"data":"expansioncontent:HyperBeam","floor":29.0,"key":"SMITH"},{"data":"Recycle","floor":32.0,"key":"SMITH"},{"data":"Seek","floor":40.0,"key":"SMITH"},{"data":"Defragment","floor":42.0,"key":"SMITH"},{"data":"Defend_B","floor":49,"key":"PURGE"}],"circlet_count":0,"master_deck":["Defend_B+1","Zap+1","Dualcast+1","expansioncontent:DashGenerateEvil+1","Gash+1","Turbo","Gash+1","Recycle+1","Leap","Buffer+1","Gash+1","Steam","Sunder+1","expansioncontent:HyperBeam+1","Leap","Leap+1","Seek+1","Gash+1","Scrape","Defragment+1","Go for the Eyes","Hologram","Conserve Battery+1","expansioncontent:DashGenerateEvil+1","Static Discharge+1"],"relics":["FrozenCore","Hammer of Thor","Seething Fire","Anvil of the Gods","Sundial","Nunchaku","Ancient Tea Set","Pocketwatch","Philosopher\u0027s Stone","InkBottle","Kunai","Torii","DataDisk","Symbiotic Virus","Happy Flower","Peace Pipe"],"acts_visited":["Exordium","TheCity","TheBeyond"],"potions_floor_usage":[45,50,50],"damage_taken":[{"damage":0.0,"enemies":"Cultist","floor":1.0,"turns":3.0},{"damage":0.0,"enemies":"Small Slimes","floor":2.0,"turns":2.0},{"damage":0.0,"enemies":"Jaw Worm","floor":5.0,"turns":2.0},{"damage":20.0,"enemies":"Lagavulin","floor":6.0,"turns":6.0},{"damage":0.0,"enemies":"Lots of Slimes","floor":8.0,"turns":1.0},{"damage":21.0,"enemies":"Gremlin Nob","floor":13.0,"turns":4.0},{"damage":32.0,"enemies":"Hexaghost","floor":16.0,"turns":11.0},{"damage":0.0,"enemies":"Chosen","floor":18.0,"turns":4.0},{"damage":6.0,"enemies":"2 Thieves","floor":21.0,"turns":4.0},{"damage":5.0,"enemies":"Centurion and Healer","floor":25.0,"turns":8.0},{"damage":0.0,"enemies":"Chosen and Byrds","floor":30.0,"turns":4.0},{"damage":0.0,"enemies":"Book of Stabbing","floor":31.0,"turns":3.0},{"damage":35.0,"enemies":"Collector","floor":33.0,"turns":12.0},{"damage":0.0,"enemies":"3 Shapes","floor":35.0,"turns":3.0},{"damage":0.0,"enemies":"3 Darklings","floor":37.0,"turns":5.0},{"damage":0.0,"enemies":"Spire Growth","floor":39.0,"turns":5.0},{"damage":0,"enemies":"Reptomancer","floor":44,"turns":5},{"damage":1,"enemies":"2 Orb Walkers","floor":45,"turns":4},{"damage":0,"enemies":"Transient","floor":46,"turns":5},{"damage":0,"enemies":"Maw","floor":48,"turns":7},{"damage":13,"enemies":"Donu and Deca","floor":50,"turns":10}],"seed_played":"2338628496736346986","potions_obtained":[{"floor":1.0,"key":"Explosive Potion"},{"floor":5.0,"key":"Block Potion"},{"floor":18.0,"key":"Weak Potion"},{"floor":25.0,"key":"EssenceOfDarkness"},{"floor":30.0,"key":"SneckoOil"},{"floor":35.0,"key":"Weak Potion"},{"floor":39.0,"key":"Weak Potion"},{"floor":44,"key":"champ:CounterPotion"},{"floor":48,"key":"PotionOfCapacity"}],"is_trial":false,"path_per_floor":["M","M","T","$","M","E","R","M","T","R","?","R","E","?","R","B",null,"M","?","?","M","?","R","T","M","T","R","?","R","M","E","R","B",null,"M","?","M","$","M","R","?","R","T","E","?","M","?","M","R","B",null],"character_chosen":"DEFECT","items_purchased":["Scrape","Defragment"],"campfire_rested":1,"item_purchase_floors":[38,38],"current_hp_per_floor":[68,68,68,68,68,48,48,48,48,48,33,33,12,12,34,12,59,59,59,59,53,53,53,53,48,48,48,48,48,48,48,48,13,60,60,60,60,60,60,60,60,60,60,60,59,59,59,59,59,46],"gold":242,"neow_bonus":"","is_daily":false,"chose_seed":false,"campfire_upgraded":9,"win_rate":0.0,"timestamp":1609782816,"path_taken":["M","M","?","$","M","E","R","M","T","R","?","R","E","?","R","BOSS","M","?","?","M","?","R","?","?","T","R","?","R","M","E","R","BOSS","M","?","?","$","M","R","?","R","T","E","?","M","?","?","R","BOSS"],"items_purchased_type":["Card","Card"],"build_version":"2020-12-22","purchased_purges":3,"victory":true,"max_hp_per_floor":[75,75,75,75,75,75,75,75,75,75,75,75,75,75,75,75,75,75,75,75,75,75,75,75,75,75,75,75,75,75,75,75,75,75,75,75,75,75,75,75,71,71,71,71,71,71,71,71,71,71],"relic_stats":{"Peace Pipe":1,"Nunchaku":[19],"Torii":3,"Happy Flower":[8],"counters":[111,483],"Sundial":[20],"Kunai":[24],"obtain_stats":[{"Calipers":0,"Gremlin Horn":45,"Vajra":9,"Hammer of Thor":0,"Runic Capacitor":14,"Whetstone":9,"Old Coin":36,"FrozenCore":34,"Sozu":17,"Blood Vial":0,"Centennial Puzzle":6,"Lizard Tail":0,"FaceOfCleric":12,"DollysMirror":38,"Sundial":3,"Strawberry":28,"Prayer Wheel":14,"Philosopher\u0027s Stone":17,"Kunai":24,"Toxic Egg 2":26,"betterAltar:BloodRelic":20,"Happy Flower":44,"Blue Candle":20,"Oddly Smooth Stone":44,"Question Card":30,"Du-Vu Doll":42,"Bottled Flame":40,"Shuriken":31,"Anvil of the Gods":0,"Bronze Scales":42,"Snecko Eye":34,"Molten Egg 2":26,"Symbiotic Virus":14,"Pocketwatch":0,"Regal Pillow":7,"Singing Bowl":0,"Torii":26,"Bag of Preparation":0,"Cursed Key":17,"Empty Cage":34,"Smiling Mask":8,"Ancient Tea Set":9,"Emotion Chip":26,"Nunchaku":6,"Mummified Hand":13,"Cracked Core":0,"InkBottle":22,"Thread and Needle":22,"PreservedInsect":40,"Omamori":38,"Seething Fire":0,"Orichalcum":5,"MawBank":6,"Medical Kit":0,"Mercury Hourglass":12,"Peace Pipe":45,"DataDisk":8,"Anchor":54,"Ornamental Fan":26,"Art of War":14,"Coffee Dripper":17,"Bottled Lightning":43,"Toy Ornithopter":27},{"Calipers":39,"Gremlin Horn":61,"Vajra":18,"Hammer of Thor":0,"Runic Capacitor":44,"Whetstone":3,"Old Coin":30,"FrozenCore":103,"Sozu":22,"Blood Vial":39,"Centennial Puzzle":41,"Lizard Tail":64,"FaceOfCleric":19,"DollysMirror":31,"Sundial":92,"Strawberry":26,"Prayer Wheel":88,"Philosopher\u0027s Stone":97,"Kunai":99,"Toxic Egg 2":12,"betterAltar:BloodRelic":47,"Happy Flower":107,"Blue Candle":73,"Oddly Smooth Stone":35,"Question Card":12,"Du-Vu Doll":34,"Bottled Flame":59,"Shuriken":12,"Anvil of the Gods":0,"Bronze Scales":60,"Snecko Eye":29,"Molten Egg 2":26,"Symbiotic Virus":71,"Pocketwatch":81,"Regal Pillow":86,"Singing Bowl":64,"Torii":100,"Bag of Preparation":0,"Cursed Key":6,"Empty Cage":54,"Smiling Mask":69,"Ancient Tea Set":95,"Emotion Chip":49,"Nunchaku":94,"Mummified Hand":44,"Cracked Core":0,"InkBottle":99,"Thread and Needle":48,"PreservedInsect":33,"Omamori":31,"Seething Fire":0,"Orichalcum":40,"MawBank":17,"Medical Kit":39,"Mercury Hourglass":4,"Peace Pipe":108,"DataDisk":42,"Anchor":63,"Ornamental Fan":76,"Art of War":5,"Coffee Dripper":45,"Bottled Lightning":34,"Toy Ornithopter":77},{"Calipers":153,"Gremlin Horn":255,"Vajra":67,"Hammer of Thor":0,"Runic Capacitor":174,"Whetstone":8,"Old Coin":116,"FrozenCore":439,"Sozu":80,"Blood Vial":153,"Centennial Puzzle":159,"Lizard Tail":263,"FaceOfCleric":70,"DollysMirror":120,"Sundial":380,"Strawberry":95,"Prayer Wheel":363,"Philosopher\u0027s Stone":404,"Kunai":412,"Toxic Egg 2":46,"betterAltar:BloodRelic":193,"Happy Flower":457,"Blue Candle":305,"Oddly Smooth Stone":138,"Question Card":46,"Du-Vu Doll":135,"Bottled Flame":248,"Shuriken":46,"Anvil of the Gods":0,"Bronze Scales":252,"Snecko Eye":113,"Molten Egg 2":95,"Symbiotic Virus":293,"Pocketwatch":346,"Regal Pillow":358,"Singing Bowl":263,"Torii":420,"Bag of Preparation":0,"Cursed Key":23,"Empty Cage":231,"Smiling Mask":280,"Ancient Tea Set":389,"Emotion Chip":205,"Nunchaku":388,"Mummified Hand":174,"Cracked Core":0,"InkBottle":412,"Thread and Needle":198,"PreservedInsect":132,"Omamori":120,"Seething Fire":0,"Orichalcum":155,"MawBank":64,"Medical Kit":153,"Mercury Hourglass":10,"Peace Pipe":461,"DataDisk":168,"Anchor":261,"Ornamental Fan":319,"Art of War":14,"Coffee Dripper":186,"Bottled Lightning":135,"Toy Ornithopter":326}],"InkBottle":[33],"FrozenCore":[23],"Pocketwatch":[51]},"card_choices":[{"not_picked":["Ball Lightning","Stack"],"picked":"Gash","floor":1.0},{"not_picked":["White Noise","Sweeping Beam"],"picked":"Turbo","floor":2.0},{"not_picked":["Coolheaded","Sweeping Beam"],"picked":"Gash","floor":5.0},{"not_picked":["Double Energy","Chaos"],"picked":"Recycle","floor":6.0},{"not_picked":["Rebound","Coolheaded"],"picked":"Leap","floor":8.0},{"not_picked":["Compile Driver","Fission","Storm"],"picked":"SKIP","floor":13.0},{"not_picked":["All For One","Creative AI"],"picked":"Buffer","floor":16.0},{"not_picked":["Beam Cell","Leap"],"picked":"Gash+1","floor":18.0},{"not_picked":["Cold Snap","Lockon"],"picked":"Steam","floor":21.0},{"not_picked":["Sweeping Beam+1","Conserve Battery+1"],"picked":"Sunder+1","floor":25.0},{"not_picked":["expansioncontent:PrepareCrush","Purity"],"picked":"expansioncontent:HyperBeam","floor":28.0},{"not_picked":["Genetic Algorithm","FTL+1"],"picked":"Leap","floor":30.0},{"not_picked":["Redo","Sweeping Beam+1"],"picked":"Leap+1","floor":31.0},{"not_picked":["Fission","Thunder Strike"],"picked":"Seek","floor":33.0},{"not_picked":["Redo","Cold Snap"],"picked":"Gash+1","floor":35.0},{"not_picked":["Darkness","Stack","Streamline"],"picked":"SKIP","floor":37.0},{"not_picked":["Hello World+1","Streamline+1"],"picked":"Go for the Eyes","floor":39.0},{"not_picked":["Auto Shields","Rebound"],"picked":"Hologram","floor":44},{"not_picked":["Rebound","Hologram+1"],"picked":"Conserve Battery+1","floor":45},{"not_picked":["Cold Snap+1","Coolheaded","Chaos"],"picked":"SKIP","floor":46},{"not_picked":["Buffer","Turbo+1"],"picked":"Static Discharge+1","floor":48}],"player_experience":862369,"relics_obtained":[{"floor":3.0,"key":"Sundial"},{"floor":6.0,"key":"Nunchaku"},{"floor":9.0,"key":"Ancient Tea Set"},{"floor":13.0,"key":"Pocketwatch"},{"floor":24.0,"key":"Kunai"},{"floor":26.0,"key":"Torii"},{"floor":31.0,"key":"DataDisk"},{"floor":43.0,"key":"Symbiotic Virus"},{"floor":44,"key":"Happy Flower"},{"floor":45,"key":"Peace Pipe"}],"event_choices":[{"damage_healed":48.0,"max_hp_gain":0.0,"max_hp_loss":75.0,"gold_gain":0.0,"event_name":"betterThird:BetterShining","player_choice":"Upgrade","floor":11.0,"gold_loss":0.0,"damage_taken":15.0,"cards_upgraded":["Defend_B","Gash"]},{"cards_removed":["Strike_B"],"damage_healed":0.0,"max_hp_gain":0.0,"max_hp_loss":0.0,"gold_gain":0.0,"event_name":"Living Wall","player_choice":"Forget","floor":14.0,"gold_loss":0.0,"damage_taken":0.0},{"cards_removed":["expansioncontent:DashGenerateEvil"],"damage_healed":0.0,"max_hp_gain":0.0,"max_hp_loss":0.0,"gold_gain":0.0,"event_name":"betterNote:BetterNote","player_choice":"Give","floor":19.0,"gold_loss":0.0,"damage_taken":0.0,"cards_obtained":["Guardian:Strike_Guardian"]},{"cards_removed":["Strike_B"],"damage_healed":0.0,"max_hp_gain":0.0,"max_hp_loss":0.0,"gold_gain":0.0,"event_name":"Beggar","player_choice":"Gave Gold","floor":20.0,"gold_loss":75.0,"damage_taken":0.0},{"damage_healed":0.0,"max_hp_gain":0.0,"max_hp_loss":0.0,"gold_gain":0.0,"event_name":"Addict","player_choice":"Obtained Relic","floor":22.0,"gold_loss":85.0,"damage_taken":0.0,"relics_obtained":["InkBottle"]},{"damage_healed":0.0,"max_hp_gain":0.0,"max_hp_loss":0.0,"gold_gain":2.0,"event_name":"betterStone:BetterStone","player_choice":"1","floor":28.0,"gold_loss":0.0,"damage_taken":0.0},{"cards_removed":["Defend_B"],"damage_healed":0.0,"max_hp_gain":0.0,"max_hp_loss":0.0,"gold_gain":0.0,"event_name":"Wheel of Change","player_choice":"Card Removal","floor":36.0,"gold_loss":0.0,"damage_taken":0.0},{"damage_healed":0.0,"max_hp_gain":0.0,"max_hp_loss":4.0,"gold_gain":0.0,"event_name":"Winding Halls","player_choice":"Max HP","floor":41.0,"gold_loss":0.0,"damage_taken":0.0},{"damage_healed":0,"gold_gain":0,"player_choice":"Fight","damage_taken":0,"max_hp_gain":0,"max_hp_loss":0,"event_name":"Mysterious Sphere","floor":45,"gold_loss":0},{"damage_healed":0,"gold_gain":0,"player_choice":"Copied","damage_taken":0,"max_hp_gain":0,"max_hp_loss":0,"event_name":"Duplicator","floor":47,"gold_loss":0,"cards_obtained":["expansioncontent:DashGenerateEvil"]}],"is_beta":false,"boss_relics":[{"not_picked":["Fusion Hammer","Pandora\u0027s Box"],"picked":"Philosopher\u0027s Stone"},{"not_picked":["Snecko Eye","Nuclear Battery"],"picked":"FrozenCore"}],"items_purged_floors":[0,4,38],"is_endless":false,"potions_floor_spawned":[1,5,18,25,30,35,39,44,48],"ascension_level":9}}