{"host":"hqvh779b89tfrjxy","time":1609786829,"event":{"mods":["Act Like it!","BaseMod","Better Third Choice","Downfall","Elementarium","Filter the Spire","GifTheSpireLib","Minty Spire (QoL Compilation)","Replay The Spire","Spicy Shops","StSLib"],"gold_per_floor":[116,135,135,151,166,166,191,191,216,70,83,42,42,69,69,69,69],"floor_reached":16,"playtime":771,"items_purged":["Pain"],"score":189,"play_id":"400e3ac8-7bc7-4056-93db-0ddf34aa75a6","local_time":"20210104200029","is_ascension_mode":true,"campfire_choices":[{"data":"Flechettes","floor":6,"key":"SMITH"},{"data":"ReplayTheSpireMod:Tripwire","floor":8,"key":"SMITH"},{"floor":13,"key":"REST"},{"data":"Draining Mist","floor":15,"key":"SMITH"}],"circlet_count":0,"master_deck":["Strike_G","Strike_G","Strike_G","Strike_G","Strike_G","Defend_G","Defend_G","Defend_G","Defend_G","Defend_G","Survivor","Neutralize","Flechettes+1","ReplayTheSpireMod:Tripwire+1","Caltrops","Draining Mist+1","Burst"],"relics":["Snecko Eye","WarpedTongs","Regal Pillow","ReplayTheSpireMod:Lightbulb","betterThird:SlimedRelic","Dream Catcher"],"acts_visited":["Exordium"],"potions_floor_usage":[7,14,16],"damage_taken":[{"damage":0,"enemies":"Small Slimes","floor":1,"turns":3},{"damage":0,"enemies":"Cultist","floor":2,"turns":4},{"damage":7,"enemies":"Jaw Worm","floor":4,"turns":6},{"damage":5,"enemies":"Blue Slaver","floor":5,"turns":5},{"damage":11,"enemies":"Gremlin Nob","floor":7,"turns":3},{"damage":14,"enemies":"Exordium Thugs","floor":11,"turns":7},{"damage":0,"enemies":"Lagavulin","floor":14,"turns":5},{"damage":40,"enemies":"Slime Boss","floor":16,"turns":9}],"seed_played":"-1298860876254043411","potions_obtained":[{"floor":2,"key":"DuplicationPotion"},{"floor":5,"key":"FearPotion"},{"floor":7,"key":"ColorlessPotion"},{"floor":14,"key":"Explosive Potion"}],"is_trial":false,"path_per_floor":["M","M","?","M","M","R","E","R","T","$","M","?","R","E","R","B"],"character_chosen":"THE_SILENT","items_purchased":["Caltrops"],"campfire_rested":1,"item_purchase_floors":[10],"current_hp_per_floor":[63,63,63,56,51,51,40,40,40,40,26,15,51,51,51,11,11],"gold":69,"neow_bonus":"BOSS_RELIC","is_daily":false,"chose_seed":false,"campfire_upgraded":3,"win_rate":0.0,"timestamp":1609786829,"path_taken":["M","M","?","M","?","R","E","R","T","$","M","?","R","E","R","BOSS"],"items_purchased_type":["Card"],"build_version":"2020-12-22","purchased_purges":1,"victory":false,"max_hp_per_floor":[70,70,70,70,70,70,70,70,70,70,70,70,70,70,70,70,70],"card_choices":[{"not_picked":["Quick Slash","Hidden Blade","Cloak And Dagger"],"picked":"SKIP","floor":1},{"not_picked":["Infinite Blades","Outmaneuver","Reflex"],"picked":"SKIP","floor":2},{"not_picked":["Acrobatics","Accuracy"],"picked":"Flechettes","floor":4},{"not_picked":["Distraction","Draining Mist"],"picked":"ReplayTheSpireMod:Tripwire","floor":5},{"not_picked":["Poisoned Stab","Masterful Stab","Deflect"],"picked":"SKIP","floor":7},{"not_picked":["Accuracy","Acrobatics"],"picked":"Draining Mist","floor":11},{"not_picked":["Bane","Sucker Punch"],"picked":"Burst","floor":14}],"player_experience":211101,"relics_obtained":[{"floor":7,"key":"Regal Pillow"},{"floor":9,"key":"ReplayTheSpireMod:Lightbulb"},{"floor":14,"key":"Dream Catcher"}],"event_choices":[{"damage_healed":0,"gold_gain":0,"player_choice":"Rummage","damage_taken":0,"relics_obtained":["WarpedTongs"],"max_hp_gain":0,"max_hp_loss":0,"event_name":"Accursed Blacksmith","floor":3,"gold_loss":0,"cards_obtained":["Pain"]},{"damage_healed":0,"gold_gain":0,"player_choice":"Slimed","damage_taken":11,"max_hp_gain":0,"max_hp_loss":0,"event_name":"betterThird:BetterGoop","floor":12,"gold_loss":41}],"is_beta":false,"boss_relics":[],"items_purged_floors":[10],"is_endless":false,"potions_floor_spawned":[2,5,7,14],"killed_by":"Slime Boss","ascension_level":8}}