{"host":"z9grmtg2w0nmz8n1","time":1609738065,"event":{"mods":["Aspiration","Bard","BaseMod","Beaked The Cultist","Better Altar","Better Match","Better Note","Better Sensory Stone","Better Skull","Better Third Choice","BetterRewards","CCEM","Colored Map","Conspire","Downfall","GifTheSpireLib","Googly Eyes","Halation","Hermit","Highlight Path","Hubris","Hunter ??","Jedi Mod","Jorbs\u0027s Wanderer Trilogy","Mad Scientist","Marisa????????","Minty Spire (QoL Compilation)","Permanent Neow","Replay The Spire","Shade Mod","Shop Mod","Spicy Shops","StSLib","Stuff the Spire","The Bug Knight","The Construct","The Necromancer","The Runesmith","The Witch"],"gold_per_floor":[109,34,34,48,62,62,62,62,62,93,108,108,108],"floor_reached":12,"playtime":372,"items_purged":["Strike_G"],"score":82,"play_id":"189227aa-2dfd-47e2-8164-432a3bb17add","local_time":"20210104032745","is_ascension_mode":true,"campfire_choices":[{"floor":6,"key":"RECALL"},{"data":"jedi:collectorvenom","floor":8,"key":"SMITH"}],"circlet_count":0,"master_deck":["Strike_G","Strike_G","Strike_G","Strike_G","Defend_G","Defend_G","Defend_G","Defend_G","Defend_G","Survivor","Neutralize","jedi:collectorvenom+1","jedi:pocketpoison","Deadly Poison"],"relics":["Ring of the Snake","Akabeko","StoneCalendar","halation:EternalFortune","halation:KoshaPiece"],"acts_visited":["Exordium"],"potions_floor_usage":[10,12],"damage_taken":[{"damage":0,"enemies":"Jaw Worm","floor":1,"turns":3},{"damage":0,"enemies":"Cultist","floor":4,"turns":4},{"damage":0,"enemies":"2 Louse","floor":5,"turns":3},{"damage":45,"enemies":"Gremlin Nob","floor":10,"turns":6},{"damage":6,"enemies":"Exordium Thugs","floor":11,"turns":6},{"damage":23,"enemies":"Lagavulin","floor":12,"turns":5}],"seed_played":"-656663666508201529","potions_obtained":[{"floor":4,"key":"Weak Potion"},{"floor":10,"key":"Fire Potion"}],"is_trial":false,"path_per_floor":["M","$","?","M","M","R","?","R","T","E","M","E"],"character_chosen":"THE_SILENT","items_purchased":[],"campfire_rested":0,"item_purchase_floors":[],"current_hp_per_floor":[70,70,70,70,70,70,73,73,73,28,22,0,0],"gold":108,"neow_bonus":"RANDOM_COMMON_RELIC","is_daily":false,"chose_seed":false,"campfire_upgraded":1,"win_rate":0.0,"timestamp":1609738065,"path_taken":["M","$","?","M","?","R","?","R","T","E","M","E"],"items_purchased_type":[],"build_version":"2020-12-22","purchased_purges":1,"victory":false,"max_hp_per_floor":[70,70,70,70,70,70,73,73,73,73,73,73,73],"card_choices":[{"not_picked":["Bane","Deflect"],"picked":"Cloak And Dagger","floor":1},{"not_picked":["Acrobatics","hubris:Counter"],"picked":"jedi:collectorvenom","floor":4},{"not_picked":["PiercingWail","Underhanded Strike"],"picked":"jedi:pocketpoison","floor":5},{"not_picked":["Hidden Blade","Quick Slash"],"picked":"jedi:collectorvenom+1","floor":10},{"not_picked":["All Out Attack","StuffTheSpire:Python"],"picked":"Deadly Poison","floor":11}],"player_experience":773930,"relics_obtained":[{"floor":10,"key":"halation:KoshaPiece"}],"event_choices":[{"cards_removed":["Cloak And Dagger"],"damage_healed":0,"gold_gain":0,"player_choice":"Gave Card","damage_taken":0,"relics_obtained":["StoneCalendar"],"max_hp_gain":0,"max_hp_loss":0,"event_name":"WeMeetAgain","floor":3,"gold_loss":0}],"is_beta":false,"boss_relics":[],"items_purged_floors":[2],"is_endless":false,"potions_floor_spawned":[4,10],"killed_by":"Lagavulin","ascension_level":1}}