{"host":"7koe0iw0zllko92h","time":1609760214,"event":{"mods":["BaseMod","Colored Powertips","Hubris","Infinite Spire","Minty Spire (QoL Compilation)","Replay The Spire","StSLib"],"gold_per_floor":[112,129,129,143,68,68,102,277,323,350,382,393,406,420,420,516,616,631,642,642,519,530,555,555,565,589,606,606,606],"floor_reached":28,"playtime":2419,"items_purged":["Doubt"],"score":252,"play_id":"953a4fd3-cb3d-4f98-a2ad-ee6e6e631cb9","local_time":"20210104063654","is_ascension_mode":false,"campfire_choices":[{"data":"Defragment","floor":6,"key":"SMITH"},{"floor":15,"key":"REST"},{"floor":24,"key":"REST"}],"circlet_count":0,"master_deck":["Strike_B","Strike_B","Defend_B","Defend_B+1","Defend_B","Defend_B","Zap","Dualcast","Hello World","Redo","Cold Snap","BootSequence+1","Gash","Defragment+1","Skim","FIFO Queue","Go for the Eyes","Rebound","hubris:Ukulele","Machine Learning","Gash+1","Cold Snap","Storm","Creative AI","Cold Snap+1","Glacier"],"relics":["Cracked Core","Lantern","hubris:ToyBattleship","Ancient Tea Set","Replay:Wanted Poster","hubris:Towel","hubris:BallOfYels","War Paint"],"acts_visited":["Exordium","TheCity"],"potions_floor_usage":[7,11,16,16,19,23,23,27],"damage_taken":[{"damage":3,"enemies":"Small Slimes","floor":1,"turns":3},{"damage":0,"enemies":"Cultist","floor":2,"turns":3},{"damage":0,"enemies":"Jaw Worm","floor":4,"turns":4},{"damage":7,"enemies":"Lagavulin","floor":7,"turns":6},{"damage":9,"enemies":"Gremlin Nob","floor":11,"turns":5},{"damage":5,"enemies":"Exordium Wildlife","floor":12,"turns":4},{"damage":0,"enemies":"Looter","floor":13,"turns":4},{"damage":16,"enemies":"3 Louse","floor":14,"turns":3},{"damage":25,"enemies":"The Guardian","floor":16,"turns":6},{"damage":11,"enemies":"Spheric Guardian","floor":18,"turns":4},{"damage":18,"enemies":"3 Byrds","floor":19,"turns":4},{"damage":5,"enemies":"Centurion and Healer","floor":22,"turns":7},{"damage":21,"enemies":"Gremlin Leader","floor":23,"turns":9},{"damage":22,"enemies":"Snake Plant","floor":25,"turns":5},{"damage":11,"enemies":"Snecko","floor":27,"turns":4},{"damage":14,"enemies":"3 Cultists","floor":28,"turns":2}],"seed_played":"-8845772472406822666","potions_obtained":[{"floor":1,"key":"FocusPotion"},{"floor":7,"key":"LifebloodPotion"},{"floor":13,"key":"AttackPotion"},{"floor":14,"key":"Weak Potion"},{"floor":18,"key":"SkillPotion"},{"floor":19,"key":"SpeedPotion"},{"floor":25,"key":"PowerPotion"}],"is_trial":false,"path_per_floor":["M","M","?","M","$","R","E","?","T","T","E","M","M","M","R","B",null,"M","M","?","$","M","E","R","M","T","M","M"],"character_chosen":"DEFECT","items_purchased":["Defragment","FocusPotion"],"campfire_rested":2,"item_purchase_floors":[5,21],"current_hp_per_floor":[72,72,72,72,72,72,65,65,65,65,56,51,51,35,57,32,75,64,46,46,46,41,20,42,20,20,9,0,0],"gold":606,"neow_bonus":"TRANSFORM_CARD","is_daily":false,"chose_seed":false,"campfire_upgraded":1,"win_rate":0.0,"timestamp":1609760214,"path_taken":["M","M","?","?","$","R","E","?","T","?","E","M","M","M","R","BOSS","M","M","?","$","M","E","R","M","T","M","M"],"items_purchased_type":["Card","Potion"],"build_version":"2020-12-22","purchased_purges":1,"victory":false,"max_hp_per_floor":[75,75,75,75,75,75,75,75,75,75,75,75,75,75,75,75,75,75,75,75,75,75,75,75,75,75,75,75,75],"card_choices":[{"not_picked":["Rebound","Panic Button"],"picked":"Redo","floor":1},{"not_picked":["Panic Button","BasicCrystalCard"],"picked":"Cold Snap","floor":2},{"not_picked":["Beam Cell","Steam"],"picked":"Gash","floor":4},{"not_picked":["ReplaySort","Redo"],"picked":"Skim","floor":7},{"not_picked":["Panic Button","Crystallizer"],"picked":"FIFO Queue","floor":11},{"not_picked":["Force Field","Doom and Gloom"],"picked":"Go for the Eyes","floor":12},{"not_picked":["Cold Snap","ReplaySort"],"picked":"Rebound","floor":13},{"not_picked":["Go for the Eyes","Sweeping Beam"],"picked":"hubris:Ukulele","floor":14},{"not_picked":["ReplayTheSpireMod:Fabricate Wheel","hubris:SpecializedCircuitry"],"picked":"Machine Learning","floor":16},{"not_picked":["Panic Button","Turbo"],"picked":"Gash+1","floor":18},{"not_picked":["Conserve Battery","Turbo"],"picked":"Cold Snap","floor":19},{"not_picked":["Static Discharge","Heatsinks"],"picked":"Storm","floor":22},{"not_picked":["Panic Button","Conserve Battery"],"picked":"Creative AI","floor":23},{"not_picked":["Skim","Go for the Eyes"],"picked":"Cold Snap+1","floor":25},{"not_picked":["Fusion","Coolheaded"],"picked":"Glacier","floor":27}],"player_experience":659404,"relics_obtained":[{"floor":7,"key":"Lantern"},{"floor":10,"key":"hubris:ToyBattleship"},{"floor":11,"key":"Ancient Tea Set"},{"floor":23,"key":"hubris:BallOfYels"},{"floor":26,"key":"War Paint"}],"event_choices":[{"damage_healed":0,"gold_gain":0,"cards_transformed":["Strike_B"],"player_choice":"Transformed","damage_taken":0,"max_hp_gain":0,"max_hp_loss":0,"event_name":"Transmorgrifier","floor":3,"gold_loss":0,"cards_obtained":["BootSequence"]},{"damage_healed":0,"gold_gain":175,"player_choice":"AGREE","damage_taken":0,"max_hp_gain":0,"max_hp_loss":0,"event_name":"Liars Game","floor":8,"gold_loss":0,"cards_obtained":["Doubt"]}],"is_beta":false,"boss_relics":[{"not_picked":["ReplayTheSpireMod:DimensionalGlitch","Snecko Eye"],"picked":"Replay:Wanted Poster"}],"items_purged_floors":[21],"is_endless":false,"potions_floor_spawned":[1,7,13,14,18,19,25],"killed_by":"3 Cultists","ascension_level":0}}