{"host":"kw4o7b3ro2ktmmbe","time":1609760899,"event":{"mods":["BaseMod","Evolution","Minty Spire (QoL Compilation)","StSLib","TheBandit","Wandering Minibosses"],"gold_per_floor":[112,112,127,139,121,121,138,138,138,157,157,157,175,192,192,292,292,309,584,599,73,92,92,124,143,197,214,214,226,226,226,226],"floor_reached":30,"playtime":14339,"items_purged":["Regret"],"score":248,"play_id":"9c14acce-b5a5-43a5-a3ce-4b7cc457552c","local_time":"20210105004819","is_ascension_mode":false,"campfire_choices":[{"data":"wariomod:Step","floor":8.0,"key":"SMITH"},{"data":"wariomod:TrekTime","floor":11.0,"key":"SMITH"},{"data":"wariomod:ImFeelingLucky","floor":15.0,"key":"SMITH"},{"data":"wariomod:BoomForm","floor":23.0,"key":"SMITH"},{"floor":28,"key":"REST"}],"circlet_count":0,"master_deck":["wariomod:Strike","wariomod:Strike","wariomod:Strike","wariomod:Strike","wariomod:Defend","wariomod:Defend","wariomod:Defend","wariomod:Step+1","wariomod:Leap","wariomod:TrekTime+1","wariomod:FabulousPrizes","wariomod:DoubleDip","wariomod:RacingSpeed","wariomod:BigUpgrade","wariomod:WhirlwindBurst","wariomod:ImFeelingLucky+1","wariomod:BoomForm+1","wariomod:GreaterGuard+1","wariomod:HappyHit","wariomod:BodyBlock","wariomod:WhirlwindBurst+1","wariomod:Purify"],"relics":["EVO:Axolotl","Black Star","Gremlin Horn","Philosopher\u0027s Stone","Blood Vial","Akabeko","Lee\u0027s Waffle","Pocketwatch","Question Card","Art of War"],"acts_visited":["Exordium","TheCity"],"potions_floor_usage":[25,30,30],"damage_taken":[{"damage":0.0,"enemies":"Cultist","floor":1.0,"turns":3.0},{"damage":5.0,"enemies":"2 Louse","floor":3.0,"turns":3.0},{"damage":7.0,"enemies":"Small Slimes","floor":4.0,"turns":3.0},{"damage":4.0,"enemies":"Exordium Thugs","floor":5.0,"turns":4.0},{"damage":0.0,"enemies":"2 Fungi Beasts","floor":7.0,"turns":4.0},{"damage":5.0,"enemies":"Looter","floor":10.0,"turns":3.0},{"damage":2.0,"enemies":"3 Louse","floor":13.0,"turns":2.0},{"damage":0.0,"enemies":"Exordium Wildlife","floor":14.0,"turns":3.0},{"damage":34.0,"enemies":"The Guardian","floor":16.0,"turns":9.0},{"damage":11.0,"enemies":"Spheric Guardian","floor":18.0,"turns":5.0},{"damage":8.0,"enemies":"3 Byrds","floor":20.0,"turns":4.0},{"damage":24.0,"enemies":"Snake Plant","floor":22.0,"turns":5.0},{"damage":13.0,"enemies":"Gremlin Leader","floor":24.0,"turns":5.0},{"damage":17,"enemies":"Snecko","floor":25,"turns":8},{"damage":14,"enemies":"Chosen and Byrds","floor":27,"turns":8},{"damage":13,"enemies":"Cultist and Chosen","floor":29,"turns":6},{"damage":47,"enemies":"Slavers","floor":30,"turns":2}],"seed_played":"4454041409092041323","potions_obtained":[{"floor":5.0,"key":"Fire Potion"},{"floor":7.0,"key":"Strength Potion"},{"floor":10.0,"key":"Fire Potion"},{"floor":13.0,"key":"Strength Potion"},{"floor":16.0,"key":"SkillPotion"},{"floor":18.0,"key":"DuplicationPotion"},{"floor":27,"key":"DistilledChaos"}],"is_trial":false,"path_per_floor":["M","?","M","M","M","$","M","R","T","M","R","?","M","M","R","B",null,"M","?","M","$","M","R","E","M","T","M","R","M","E"],"character_chosen":"THE_BANDIT","items_purchased":["Blood Vial","Akabeko","Lee\u0027s Waffle"],"campfire_rested":1,"item_purchase_floors":[21,21,21],"current_hp_per_floor":[80,80,75,68,64,64,64,64,64,59,59,59,57,57,57,23,80,69,69,61,87,63,63,52,37,37,25,51,40,0,0,0],"gold":226,"neow_bonus":"BOSS_RELIC","is_daily":false,"chose_seed":false,"campfire_upgraded":4,"win_rate":0.0,"timestamp":1609760899,"path_taken":["M","?","M","M","?","?","M","R","T","M","R","?","?","M","R","BOSS","M","?","M","$","M","R","E","M","T","?","R","M","E"],"items_purchased_type":["Relic","Relic","Relic"],"build_version":"2020-12-22","purchased_purges":1,"victory":false,"max_hp_per_floor":[80,80,80,80,80,80,80,80,80,80,80,80,80,80,80,80,80,80,80,80,87,87,87,87,87,87,87,87,87,87,87,87],"card_choices":[{"not_picked":["wariomod:Bombshield","wariomod:Game"],"picked":"wariomod:TrekTime","floor":1.0},{"not_picked":["wariomod:ChargeForth","wariomod:Game"],"picked":"wariomod:DoubleDip","floor":3.0},{"not_picked":["wariomod:CursedSpaces","wariomod:DiceyMove"],"picked":"wariomod:RacingSpeed","floor":4.0},{"not_picked":["wariomod:TreasureDig","wariomod:BodyBlock","wariomod:SelfImprison"],"picked":"SKIP","floor":5.0},{"not_picked":["wariomod:AwfulLook","wariomod:DoubleDash"],"picked":"wariomod:BigUpgrade","floor":7.0},{"not_picked":["wariomod:BodyBlock","wariomod:DoubleDash"],"picked":"wariomod:WhirlwindBurst","floor":10.0},{"not_picked":["wariomod:Game","wariomod:FabulousPrizes","wariomod:SpikeSlash"],"picked":"SKIP","floor":13.0},{"not_picked":["wariomod:ThatsNotAll","wariomod:DamnedStrength"],"picked":"wariomod:ImFeelingLucky","floor":14.0},{"not_picked":["wariomod:AbandonGame","wariomod:BoomAndDoom"],"picked":"wariomod:BoomForm","floor":16.0},{"not_picked":["wariomod:Bomblaster","wariomod:Leapslam"],"picked":"wariomod:GreaterGuard+1","floor":18.0},{"not_picked":["wariomod:GreaterGuard","wariomod:DisarmingMoves+1"],"picked":"wariomod:HappyHit","floor":20.0},{"not_picked":["wariomod:SmackSlam","wariomod:SpikeSlash"],"picked":"wariomod:BodyBlock","floor":22.0},{"not_picked":["wariomod:Smackflip","wariomod:Enshrine"],"picked":"wariomod:WhirlwindBurst+1","floor":24.0},{"not_picked":["wariomod:SimpleShield","wariomod:TreasureDig","wariomod:Hopshield","wariomod:Smackflip"],"picked":"SKIP","floor":25},{"not_picked":["wariomod:DropBash","wariomod:SmackSlam","wariomod:Bombshield","wariomod:ChargeForth"],"picked":"SKIP","floor":27},{"not_picked":["wariomod:TempestBlasts","wariomod:DiceyMove","wariomod:Game"],"picked":"wariomod:Purify","floor":29}],"player_experience":1788450,"relics_obtained":[{"floor":9.0,"key":"Gremlin Horn"},{"floor":24.0,"key":"Pocketwatch"},{"floor":24.0,"key":"Question Card"},{"floor":26,"key":"Art of War"}],"event_choices":[{"damage_healed":0.0,"max_hp_gain":0.0,"max_hp_loss":0.0,"gold_gain":0.0,"event_name":"Match and Keep!","player_choice":"1 cards matched","floor":2.0,"gold_loss":0.0,"damage_taken":0.0,"cards_obtained":["wariomod:FabulousPrizes"]},{"cards_removed":["wariomod:Defend"],"damage_healed":0.0,"max_hp_gain":0.0,"max_hp_loss":0.0,"gold_gain":0.0,"event_name":"Purifier","player_choice":"Purged","floor":12.0,"gold_loss":0.0,"damage_taken":0.0},{"damage_healed":0.0,"max_hp_gain":0.0,"max_hp_loss":0.0,"gold_gain":275.0,"event_name":"Golden Shrine","player_choice":"Desecrate","floor":19.0,"gold_loss":0.0,"damage_taken":0.0,"cards_obtained":["Regret"]}],"is_beta":false,"boss_relics":[{"not_picked":["Cursed Key","Busted Crown"],"picked":"Philosopher\u0027s Stone"}],"items_purged_floors":[21],"is_endless":false,"potions_floor_spawned":[5,7,10,13,16,18,27],"killed_by":"Slavers","ascension_level":0}}