{"host":"1eo5f82aifdzd7pr","time":1609771532,"event":{"mods":["AchievementEnabler","BaseMod","Colored Map","Colored Powertips","DeckTracker","Marisa????????","Minty Spire (QoL Compilation)","StSLib","SuperFastMode"],"gold_per_floor":[118,135,147,147,72,72,98,114,163,183,203,153,153,183,183,284,284,302,302,320,335,235,235,264,284,339,339,339,339,439,469,469,571,571,593,209,266,285,80,80,99,133,133,133,0,0,20,37,37,37,37,37,37,64,64],"floor_reached":56,"playtime":4845,"items_purged":["Strike_P","Strike_P","Writhe","Defend_P"],"score":1275,"play_id":"97d1f23f-be72-4686-ac2a-d0db54b18470","local_time":"20210104164532","is_ascension_mode":false,"campfire_choices":[{"data":"Eruption","floor":6.0,"key":"SMITH"},{"data":"Wallop","floor":13,"key":"SMITH"},{"data":"Adaptation","floor":15,"key":"SMITH"},{"data":"Devotion","floor":23,"key":"SMITH"},{"data":"EmptyMind","floor":27,"key":"SMITH"},{"data":"Vigilance","floor":29,"key":"SMITH"},{"floor":32,"key":"RECALL"},{"data":"Strike_P","floor":40,"key":"PURGE"},{"data":"Defend_P","floor":44,"key":"PURGE"},{"data":"Defend_P","floor":46,"key":"PURGE"},{"data":"InnerPeace","floor":49,"key":"SMITH"},{"floor":52,"key":"REST"}],"circlet_count":0,"master_deck":["Eruption+1","Vigilance+1","InnerPeace+1","Wallop+1","Adaptation+1","EmptyMind+1","CutThroughFate+1","Devotion+1","Protect+1","Wallop+1","CutThroughFate+1","ThirdEye+1","TalkToTheHand+1","Wireheading+1","FlurryOfBlows+1","FlurryOfBlows+1","Tantrum+1","TalkToTheHand+1"],"relics":["HolyWater","Juzu Bracelet","Molten Egg 2","PreservedInsect","Cursed Key","Akabeko","Regal Pillow","CeramicFish","Membership Card","Ginger","Peace Pipe","Mummified Hand","Vajra","Red Mask","Bag of Preparation"],"acts_visited":["Exordium","TheCity","TheBeyond","TheEnding"],"potions_floor_usage":[14,31,37],"damage_taken":[{"damage":0.0,"enemies":"Small Slimes","floor":1.0,"turns":2.0},{"damage":1.0,"enemies":"Cultist","floor":2.0,"turns":4.0},{"damage":1.0,"enemies":"Jaw Worm","floor":3.0,"turns":3.0},{"damage":9.0,"enemies":"3 Sentries","floor":7.0,"turns":9.0},{"damage":0.0,"enemies":"3 Louse","floor":8.0,"turns":3.0},{"damage":0.0,"enemies":"Red Slaver","floor":10.0,"turns":3.0},{"damage":16,"enemies":"Large Slime","floor":11,"turns":4},{"damage":0,"enemies":"Lagavulin","floor":14,"turns":4},{"damage":3,"enemies":"Hexaghost","floor":16,"turns":8},{"damage":0,"enemies":"Chosen","floor":18,"turns":4},{"damage":0,"enemies":"Shell Parasite","floor":20,"turns":4},{"damage":0,"enemies":"Shelled Parasite and Fungi","floor":21,"turns":6},{"damage":0,"enemies":"Book of Stabbing","floor":24,"turns":3},{"damage":2,"enemies":"Sentry and Sphere","floor":25,"turns":5},{"damage":5,"enemies":"Gremlin Leader","floor":31,"turns":3},{"damage":2,"enemies":"Automaton","floor":33,"turns":9},{"damage":0,"enemies":"3 Shapes","floor":35,"turns":5},{"damage":0,"enemies":"2 Orb Walkers","floor":37,"turns":4},{"damage":0,"enemies":"Orb Walker","floor":38,"turns":3},{"damage":0,"enemies":"Spire Growth","floor":41,"turns":3},{"damage":0,"enemies":"Giant Head","floor":42,"turns":5},{"damage":0,"enemies":"4 Shapes","floor":47,"turns":4},{"damage":4,"enemies":"Writhing Mass","floor":48,"turns":3},{"damage":0,"enemies":"Awakened One","floor":50,"turns":9},{"damage":12,"enemies":"Shield and Spear","floor":54,"turns":5},{"damage":13,"enemies":"The Heart","floor":55,"turns":8}],"seed_played":"553846508665664353","potions_obtained":[{"floor":7.0,"key":"SneckoOil"},{"floor":10.0,"key":"PowerPotion"},{"floor":11,"key":"Swift Potion"},{"floor":16,"key":"Block Potion"},{"floor":24,"key":"Explosive Potion"},{"floor":33,"key":"FearPotion"},{"floor":37,"key":"SpeedPotion"}],"is_trial":false,"path_per_floor":["M","M","M","?","$","R","E","M","T","M","M","?","R","E","R","B",null,"M","?","M","M","$","R","E","M","T","R","?","R","?","E","R","B",null,"M","$","?","M","$","R","M","E","T","R","?","R","M","M","R","B",null,"R","$","E","B",null],"character_chosen":"WATCHER","items_purchased":["Membership Card","TalkToTheHand+1","Ginger","Mummified Hand"],"campfire_rested":1,"item_purchase_floors":[36,36,36,39],"current_hp_per_floor":[72,71,70,72,72,72,63,63,63,63,47,47,47,47,47,44,72,72,72,72,72,72,72,72,70,70,70,70,70,70,65,65,63,72,72,72,72,72,72,72,72,72,72,72,72,72,72,68,68,68,72,72,72,60,47],"gold":64,"neow_bonus":"RANDOM_COMMON_RELIC","is_daily":false,"chose_seed":false,"campfire_upgraded":7,"win_rate":0.0,"timestamp":1609771532,"path_taken":["M","M","M","?","$","R","E","M","T","M","M","?","R","E","R","BOSS","M","?","M","M","$","R","E","M","T","R","?","R","?","E","R","BOSS","M","$","?","M","$","R","M","E","T","R","?","R","M","M","R","BOSS","R","$","E","BOSS"],"items_purchased_type":["Relic","Card","Relic","Relic"],"build_version":"2020-12-22","purchased_purges":4,"victory":true,"max_hp_per_floor":[72,72,72,72,72,72,72,72,72,72,72,72,72,72,72,72,72,72,72,72,72,72,72,72,72,72,72,72,72,72,72,72,72,72,72,72,72,72,72,72,72,72,72,72,72,72,72,72,72,72,72,72,72,72,72],"card_choices":[{"not_picked":["FollowUp","ThirdEye"],"picked":"InnerPeace","floor":1.0},{"not_picked":["InnerPeace","JustLucky","Consecrate"],"picked":"SKIP","floor":2.0},{"not_picked":["ThirdEye","WindmillStrike"],"picked":"Wallop","floor":3.0},{"not_picked":["ClearTheMind","FollowUp+1"],"picked":"Adaptation","floor":7.0},{"not_picked":["Study","JustLucky+1"],"picked":"EmptyMind","floor":8.0},{"not_picked":["Halt","WreathOfFlame","Sanctity"],"picked":"SKIP","floor":10.0},{"not_picked":["Brilliance+1","JustLucky+1","Crescendo"],"picked":"SKIP","floor":11},{"not_picked":["ThirdEye","Indignation"],"picked":"CutThroughFate+1","floor":14},{"not_picked":["ConjureBlade","Judgement"],"picked":"Devotion","floor":16},{"not_picked":["Collect","CrushJoints+1"],"picked":"Protect+1","floor":18},{"not_picked":["ThirdEye","JustLucky+1"],"picked":"Wallop+1","floor":20},{"not_picked":["FlyingSleeves+1","ClearTheMind"],"picked":"CutThroughFate+1","floor":21},{"not_picked":["Collect","ReachHeaven+1","Weave+1"],"picked":"SKIP","floor":24},{"not_picked":["JustLucky+1","Study","Consecrate+1"],"picked":"SKIP","floor":25},{"not_picked":["Sanctity","Pray+1","Conclude+1"],"picked":"SKIP","floor":31},{"not_picked":["ClearTheMind","Protect"],"picked":"ThirdEye+1","floor":35},{"not_picked":["Conclude+1","PathToVictory"],"picked":"Wireheading+1","floor":37},{"not_picked":["EmptyBody+1","ClearTheMind+1"],"picked":"FlurryOfBlows+1","floor":38},{"not_picked":["Wireheading","ClearTheMind+1"],"picked":"FlurryOfBlows+1","floor":41},{"not_picked":["FlurryOfBlows+1","SandsOfTime+1"],"picked":"Tantrum+1","floor":42},{"not_picked":["Halt+1","Prostrate+1"],"picked":"TalkToTheHand+1","floor":47},{"not_picked":["Blasphemy","FlyingSleeves+1","JustLucky+1"],"picked":"SKIP","floor":48},{"not_picked":["Nirvana+1","Blasphemy","BattleHymn"],"picked":"SKIP","floor":54}],"player_experience":788938,"relics_obtained":[{"floor":7.0,"key":"Molten Egg 2"},{"floor":14,"key":"PreservedInsect"},{"floor":24,"key":"Akabeko"},{"floor":26,"key":"Regal Pillow"},{"floor":31,"key":"CeramicFish"},{"floor":37,"key":"Peace Pipe"},{"floor":42,"key":"Vajra"},{"floor":54,"key":"Bag of Preparation"}],"event_choices":[{"damage_healed":2.0,"max_hp_gain":0.0,"max_hp_loss":0.0,"gold_gain":0.0,"event_name":"Wheel of Change","player_choice":"Full Heal","floor":4.0,"gold_loss":0.0,"damage_taken":0.0},{"cards_removed":["Defend_P"],"damage_healed":0,"gold_gain":0,"player_choice":"Card Removal","damage_taken":0,"max_hp_gain":0,"max_hp_loss":0,"event_name":"The Cleric","floor":12,"gold_loss":50},{"cards_removed":["Strike_P"],"damage_healed":0,"gold_gain":0,"player_choice":"Elegance","damage_taken":0,"max_hp_gain":0,"max_hp_loss":0,"event_name":"Back to Basics","floor":19,"gold_loss":0},{"damage_healed":0,"gold_gain":0,"player_choice":"Ignored","damage_taken":0,"max_hp_gain":0,"max_hp_loss":0,"event_name":"Ghosts","floor":28,"gold_loss":0},{"damage_healed":0,"gold_gain":100,"player_choice":"Pray","damage_taken":0,"max_hp_gain":0,"max_hp_loss":0,"event_name":"Golden Shrine","floor":30,"gold_loss":0},{"damage_healed":0,"gold_gain":0,"player_choice":"Fight","damage_taken":0,"max_hp_gain":0,"max_hp_loss":0,"event_name":"Mysterious Sphere","floor":37,"gold_loss":0},{"damage_healed":0,"gold_gain":0,"player_choice":"Paid","damage_taken":0,"relics_obtained":["Red Mask"],"max_hp_gain":0,"max_hp_loss":0,"event_name":"Tomb of Lord Red Mask","floor":45,"gold_loss":133}],"is_beta":false,"boss_relics":[{"not_picked":["Sozu","Tiny House"],"picked":"Cursed Key"},{"not_picked":["SacredBark","VioletLotus"],"picked":"HolyWater"}],"items_purged_floors":[5,22,36,39],"is_endless":false,"potions_floor_spawned":[7,10,11,16,20,24,33,37,38,47],"ascension_level":0}}