{"host":"w3x3n9s6mrz4xpf0","time":1609754003,"event":{"mods":["BaseMod","Minty Spire (QoL Compilation)","StSLib","SuperFastMode"],"gold_per_floor":[111,111,81,102,123,123,141,176,176,176,176,176,209,228,228,317,317,332,355,355,355,270,270,270,270,294,308,321,321,354,145,145,236,236,256,256,271,298,298,298,341,122,174,220,250,262,292,304,316,328],"floor_reached":51,"playtime":1479,"items_purged":["Body Slam","Sword Boomerang"],"score":1566,"play_id":"14a17f46-a7db-489b-a273-c22ed9f5d6ea","local_time":"20210104185323","is_ascension_mode":true,"campfire_choices":[{"data":"Barricade","floor":6.0,"key":"SMITH"},{"floor":12.0,"key":"REST"},{"data":"Shrug It Off","floor":15.0,"key":"SMITH"},{"data":"Fiend Fire","floor":23.0,"key":"SMITH"},{"data":"Ghostly","floor":25.0,"key":"SMITH"},{"data":"Feel No Pain","floor":29.0,"key":"SMITH"},{"data":"Ghostly","floor":32,"key":"SMITH"},{"data":"Impervious","floor":40,"key":"SMITH"},{"data":"Ghostly","floor":49,"key":"SMITH"}],"circlet_count":0,"master_deck":["AscendersBane","Strike_R+1","Strike_R+1","Strike_R+1","Strike_R+1","Strike_R+1","Defend_R+1","Defend_R+1","Defend_R+1","Defend_R+1","Bash","Barricade+1","Ghostly Armor+1","Evolve+1","Shrug It Off+1","Juggernaut+1","Fiend Fire+1","Body Slam+1","Ghostly+1","Ghostly+1","Ghostly+1","Feel No Pain+1","Impervious+1","Shrug It Off+1","Finesse"],"relics":["Burning Blood","Golden Idol","Red Skull","Darkstone Periapt","Du-Vu Doll","Runic Pyramid","Tiny Chest","Pantograph","Ancient Tea Set","Magic Flower","Membership Card","Coffee Dripper","Pen Nib","FossilizedHelix","TheAbacus","Oddly Smooth Stone","MawBank","Bag of Marbles","Dream Catcher","Gremlin Horn"],"acts_visited":["Exordium","TheCity","TheBeyond"],"potions_floor_usage":[33,33],"damage_taken":[{"damage":7.0,"enemies":"Small Slimes","floor":1.0,"turns":4.0},{"damage":2.0,"enemies":"2 Louse","floor":4.0,"turns":3.0},{"damage":6.0,"enemies":"Cultist","floor":5.0,"turns":4.0},{"damage":20.0,"enemies":"2 Fungi Beasts","floor":7.0,"turns":7.0},{"damage":22.0,"enemies":"Lagavulin","floor":8.0,"turns":11.0},{"damage":22.0,"enemies":"3 Sentries","floor":13.0,"turns":8.0},{"damage":3.0,"enemies":"Exordium Wildlife","floor":14.0,"turns":4.0},{"damage":21.0,"enemies":"The Guardian","floor":16.0,"turns":12.0},{"damage":5.0,"enemies":"Spheric Guardian","floor":18.0,"turns":4.0},{"damage":56.0,"enemies":"3 Byrds","floor":19.0,"turns":5.0},{"damage":5.0,"enemies":"Shelled Parasite and Fungi","floor":27.0,"turns":5.0},{"damage":0.0,"enemies":"Chosen and Byrds","floor":28.0,"turns":5.0},{"damage":16,"enemies":"Slavers","floor":30,"turns":7},{"damage":13,"enemies":"Automaton","floor":33,"turns":12},{"damage":9,"enemies":"3 Shapes","floor":35,"turns":7},{"damage":0,"enemies":"3 Darklings","floor":37,"turns":5},{"damage":0,"enemies":"Giant Head","floor":41,"turns":7},{"damage":0,"enemies":"Nemesis","floor":44,"turns":5},{"damage":0,"enemies":"Spire Growth","floor":45,"turns":5},{"damage":0,"enemies":"Sphere and 2 Shapes","floor":47,"turns":5},{"damage":0,"enemies":"Time Eater","floor":50,"turns":7}],"seed_played":"3720771519990222614","potions_obtained":[{"floor":1.0,"key":"SneckoOil"},{"floor":3.0,"key":"LiquidMemories"},{"floor":3.0,"key":"Block Potion"},{"floor":7.0,"key":"FairyPotion"},{"floor":8.0,"key":"Fruit Juice"},{"floor":14.0,"key":"Dexterity Potion"},{"floor":19.0,"key":"Dexterity Potion"},{"floor":27.0,"key":"Dexterity Potion"},{"floor":35,"key":"FairyPotion"},{"floor":44,"key":"SkillPotion"}],"is_trial":false,"path_per_floor":["M","?","?","M","M","R","M","E","T","?","?","R","E","M","R","B",null,"M","M","?","?","?","R","T","R","T","M","M","R","E","$","R","B",null,"M","?","M","T","?","R","E","$","T","E","M","T","M","T","R","B",null],"character_chosen":"IRONCLAD","items_purchased":["Membership Card","TheAbacus","Oddly Smooth Stone"],"campfire_rested":1,"item_purchase_floors":[31,42,42],"current_hp_per_floor":[49,49,49,53,53,53,39,28,28,6,6,27,11,14,14,27,62,63,13,13,13,13,13,13,13,13,14,20,20,10,10,10,32,35,35,35,36,36,26,26,35,35,35,36,36,36,36,36,36,36],"gold":340,"neow_bonus":"THREE_RARE_CARDS","is_daily":false,"chose_seed":false,"campfire_upgraded":8,"win_rate":0.0,"timestamp":1609754003,"path_taken":["M","?","?","?","M","R","M","E","T","?","?","R","E","M","R","BOSS","M","M","?","?","?","R","?","R","T","M","?","R","E","$","R","BOSS","M","?","M","?","?","R","E","$","T","E","M","?","?","?","R","BOSS"],"items_purchased_type":["Relic","Relic","Relic"],"build_version":"2020-12-22","purchased_purges":2,"victory":true,"max_hp_per_floor":[75,68,68,68,68,68,68,73,73,73,73,73,73,73,73,73,73,73,73,73,36,36,36,36,36,36,36,36,36,36,36,36,36,36,36,36,36,36,36,36,36,36,36,36,36,36,36,36,36,36],"card_choices":[{"not_picked":["Bludgeon","Reaper"],"picked":"Barricade","floor":0.0},{"not_picked":["Sword Boomerang","Thunderclap"],"picked":"Ghostly Armor","floor":1.0},{"not_picked":["Dual Wield","Perfected Strike","Reckless Charge"],"picked":"SKIP","floor":4.0},{"not_picked":["Pummel","Clothesline"],"picked":"Evolve","floor":5.0},{"not_picked":["Anger","Twin Strike"],"picked":"Shrug It Off","floor":7.0},{"not_picked":["Pummel","Disarm"],"picked":"Juggernaut","floor":8.0},{"not_picked":["Barricade","Second Wind","Headbutt"],"picked":"SKIP","floor":13.0},{"not_picked":["Perfected Strike","Clash"],"picked":"Sword Boomerang","floor":14.0},{"not_picked":["Berserk","Corruption"],"picked":"Fiend Fire","floor":16.0},{"not_picked":["Armaments","Perfected Strike"],"picked":"Body Slam","floor":18.0},{"not_picked":["Warcry","Infernal Blade"],"picked":"Body Slam+1","floor":19.0},{"not_picked":["Second Wind+1","Rampage"],"picked":"Feel No Pain","floor":27.0},{"not_picked":["Headbutt+1","Pommel Strike","Whirlwind"],"picked":"SKIP","floor":28.0},{"not_picked":["Havoc","Clothesline","Dual Wield"],"picked":"SKIP","floor":30},{"not_picked":["Corruption","Bludgeon"],"picked":"Impervious","floor":33},{"not_picked":["Twin Strike","Pommel Strike","Thunderclap+1"],"picked":"SKIP","floor":35},{"not_picked":["Heavy Blade","Thunderclap+1","Iron Wave"],"picked":"SKIP","floor":37},{"not_picked":["Dramatic Entrance","Bandage Up"],"picked":"Finesse","floor":39},{"not_picked":["Spot Weakness+1","Body Slam","Flame Barrier"],"picked":"SKIP","floor":41},{"not_picked":["Pommel Strike","True Grit+1","Combust"],"picked":"SKIP","floor":44},{"not_picked":["Flex","Twin Strike","Pummel"],"picked":"SKIP","floor":45},{"not_picked":["Uppercut","Dark Embrace","Offering"],"picked":"SKIP","floor":47}],"player_experience":91791,"relics_obtained":[{"floor":8.0,"key":"Red Skull"},{"floor":9.0,"key":"Darkstone Periapt"},{"floor":13.0,"key":"Du-Vu Doll"},{"floor":24.0,"key":"Pantograph"},{"floor":26.0,"key":"Ancient Tea Set"},{"floor":30,"key":"Magic Flower"},{"floor":38,"key":"Pen Nib"},{"floor":41,"key":"FossilizedHelix"},{"floor":43,"key":"MawBank"},{"floor":44,"key":"Bag of Marbles"},{"floor":46,"key":"Dream Catcher"},{"floor":48,"key":"Gremlin Horn"}],"event_choices":[{"damage_healed":0.0,"max_hp_gain":0.0,"max_hp_loss":7.0,"gold_gain":0.0,"event_name":"Golden Idol","player_choice":"Lose Max HP","floor":2.0,"gold_loss":0.0,"damage_taken":0.0,"relics_obtained":["Golden Idol"]},{"damage_healed":0.0,"max_hp_gain":0.0,"max_hp_loss":0.0,"gold_gain":0.0,"event_name":"The Woman in Blue","player_choice":"Bought 2 Potions","floor":3.0,"gold_loss":0.0,"damage_taken":0.0},{"damage_healed":0.0,"max_hp_gain":0.0,"max_hp_loss":0.0,"gold_gain":0.0,"event_name":"Shining Light","player_choice":"Entered Light","floor":10.0,"gold_loss":0.0,"damage_taken":22.0,"cards_upgraded":["Evolve","Ghostly Armor"]},{"damage_healed":0.0,"max_hp_gain":0.0,"max_hp_loss":0.0,"gold_gain":0.0,"event_name":"Living Wall","player_choice":"Grow","floor":11.0,"gold_loss":0.0,"damage_taken":0.0,"cards_upgraded":["Juggernaut"]},{"damage_healed":0.0,"max_hp_gain":0.0,"max_hp_loss":0.0,"gold_gain":0.0,"event_name":"Back to Basics","player_choice":"Simplicity","floor":20.0,"gold_loss":0.0,"damage_taken":0.0,"cards_upgraded":["Strike_R","Strike_R","Strike_R","Strike_R","Strike_R","Defend_R","Defend_R","Defend_R","Defend_R"]},{"damage_healed":0.0,"max_hp_gain":0.0,"max_hp_loss":37.0,"gold_gain":0.0,"event_name":"Ghosts","player_choice":"Became a Ghost","floor":21.0,"gold_loss":0.0,"damage_taken":0.0,"cards_obtained":["Ghostly","Ghostly","Ghostly"]},{"damage_healed":0.0,"max_hp_gain":0.0,"max_hp_loss":0.0,"gold_gain":0.0,"event_name":"Addict","player_choice":"Obtained Relic","floor":22.0,"gold_loss":85.0,"damage_taken":0.0,"relics_obtained":["Tiny Chest"]},{"damage_healed":0,"gold_gain":0,"player_choice":"Copied","damage_taken":0,"max_hp_gain":0,"max_hp_loss":0,"event_name":"Duplicator","floor":36,"gold_loss":0,"cards_obtained":["Shrug It Off"]},{"damage_healed":0,"gold_gain":0,"player_choice":"Memory 3","damage_taken":10,"max_hp_gain":0,"max_hp_loss":0,"event_name":"SensoryStone","floor":39,"gold_loss":0}],"is_beta":false,"boss_relics":[{"not_picked":["SlaversCollar","Philosopher\u0027s Stone"],"picked":"Runic Pyramid"},{"not_picked":["SacredBark","Fusion Hammer"],"picked":"Coffee Dripper"}],"items_purged_floors":[31,42],"is_endless":false,"potions_floor_spawned":[1,7,8,14,19,27,35,44],"ascension_level":17}}