{"host":"mzp3pvw1g1kyjyte","time":1609750286,"event":{"mods":["AchievementEnabler","Arknights The Spire","BaseMod","Colored Powertips","Highlight Path","Marisa£®ÏF”Í°°ƒß¿Ì…≥£©","Minty Spire (QoL Compilation)","Relic Stats","Remilia£®¿Ÿ√◊¿Ú—«£©","Shop Mod","StSLib","SuperFastMode","The Servant 0.9.4","UnlockEverythingMod","Youmu£®ªÍ∆«—˝√Œ£©","[IsaacMod]“‘»ˆº‚À˛"],"gold_per_floor":[115,115,131,131,306,306,319,319,373,387,387,418,47,62,62,164,164,174,99,129,140,157,171,171,270,270,270,270,286,286,297,297,297,297],"floor_reached":33,"playtime":1718,"items_purged":[],"score":247,"play_id":"8d17b030-e721-49b1-953e-4e047b174252","local_time":"20210104165126","is_ascension_mode":false,"campfire_choices":[{"floor":6,"key":"RECALL"},{"floor":11,"key":"REST"},{"floor":15,"key":"REST"},{"floor":24,"key":"DIG"},{"floor":28,"key":"DIG"},{"floor":32,"key":"DIG"}],"circlet_count":0,"master_deck":["ats:Strike C+1","ats:Strike G","ats:Strike S","ats:Strike V","ats:Armor Crushing Shot","ats:Defend","ats:Defend","ats:Defend","ats:Emotion Absorption","ats:Mental Burst","ats:Counter Healing Mode+1","ats:Sword Rain","ats:Healing Drone","ats:Closed Bolt Burst Fire","ats:Explosion Area Strengthen","ats:Beaten Up","Master of Strategy","ats:Directed Diagnosis","ats:Ambush","CurseOfTheBell","ats:Revitalization","ats:Assault Order","ats:Apocalypse","ats:Consecutive Shot Auto","ats:Shell Defense","ats:Poison Spread","BettingIsNotGood","ats:Revitalization+1"],"relics":["ats:Sanity","HushsDoor","SteamSale","NeowsBlessing","Leech","ats:Originium","Mercury Hourglass","ats:Lavender","Vajra","Calling Bell","Anchor","StrikeDummy","Shovel","Red Mask","Nunchaku","SatanicBible","MutagenicStrength","HowToJump","Singing Bowl"],"acts_visited":["Exordium","TheCity"],"potions_floor_usage":[],"damage_taken":[{"damage":0,"enemies":"Cultist","floor":1,"turns":1},{"damage":0,"enemies":"2 Louse","floor":3,"turns":1},{"damage":0,"enemies":"Jaw Worm","floor":7,"turns":1},{"damage":0,"enemies":"Looter","floor":10,"turns":2},{"damage":71,"enemies":"3 Sentries","floor":12,"turns":9},{"damage":0,"enemies":"3 Louse","floor":14,"turns":1},{"damage":17,"enemies":"Slime Boss","floor":16,"turns":7},{"damage":9,"enemies":"3 Byrds","floor":18,"turns":5},{"damage":9,"enemies":"Masked Bandits","floor":20,"turns":4},{"damage":19,"enemies":"Spheric Guardian","floor":21,"turns":4},{"damage":16,"enemies":"Chosen and Byrds","floor":22,"turns":5},{"damage":29,"enemies":"Snake Plant","floor":23,"turns":5},{"damage":10,"enemies":"Cultist and Chosen","floor":29,"turns":4},{"damage":2,"enemies":"3 Cultists","floor":31,"turns":4},{"damage":121,"enemies":"Champ","floor":33,"turns":10}],"seed_played":"8619593104871575649","potions_obtained":[{"floor":7,"key":"SteroidPotion"},{"floor":14,"key":"PowerPotion"},{"floor":16,"key":"Weak Potion"},{"floor":29,"key":"LiquidBronze"}],"is_trial":false,"path_per_floor":["M","?","M","?","?","R","M","?","T","M","R","E","$","M","R","B",null,"M","?","?","M","M","M","R","?","T","?","R","M","?","M","R","B"],"character_chosen":"DOCTOR_CLASS","items_purchased":["ats:Lavender","ats:Explosion Area Strengthen","ats:Beaten Up","Master of Strategy","Vajra","SpeedPotion"],"campfire_rested":2,"item_purchase_floors":[13,13,13,13,13,13],"current_hp_per_floor":[72,65,65,51,51,51,51,44,44,46,67,20,20,20,41,48,72,67,67,70,61,56,49,49,49,49,49,49,55,55,62,62,0,0],"gold":297,"neow_bonus":"THREE_ENEMY_KILL","is_daily":false,"chose_seed":false,"campfire_upgraded":0,"win_rate":0.0,"timestamp":1609750286,"path_taken":["M","?","?","?","?","R","?","?","T","M","R","E","$","M","R","BOSS","M","?","?","?","M","M","R","?","T","?","R","M","?","?","R","BOSS"],"items_purchased_type":["Relic","Card","Card","Card","Relic","Potion"],"build_version":"2020-12-22","purchased_purges":0,"victory":false,"max_hp_per_floor":[72,72,72,72,72,72,72,72,72,72,72,72,72,72,72,72,72,72,72,72,72,72,72,72,72,72,72,72,72,72,72,72,72,72],"relic_stats":{"Nunchaku":[2],"Shovel":3,"Singing Bowl":0,"counters":[15,62],"obtain_stats":[{"KeepersGift":0,"NeowsBlessing":0,"HowToJump":28,"Singing Bowl":32,"ats:Lavender":13,"Vajra":13,"SteamSale":0,"Leech":8,"Mercury Hourglass":12,"SatanicBible":26,"Calling Bell":17,"Anchor":17,"Nunchaku":24,"Shovel":17,"ats:Originium":12,"MutagenicStrength":27,"Red Mask":20,"ats:Sanity":0,"HushsDoor":0,"StrikeDummy":17},{"KeepersGift":0,"NeowsBlessing":0,"HowToJump":12,"Singing Bowl":14,"ats:Lavender":5,"Vajra":5,"SteamSale":0,"Leech":3,"Mercury Hourglass":5,"SatanicBible":12,"Calling Bell":7,"Anchor":7,"Nunchaku":12,"Shovel":7,"ats:Originium":5,"MutagenicStrength":12,"Red Mask":9,"ats:Sanity":0,"HushsDoor":0,"StrikeDummy":7},{"KeepersGift":0,"NeowsBlessing":0,"HowToJump":44,"Singing Bowl":52,"ats:Lavender":14,"Vajra":14,"SteamSale":0,"Leech":3,"Mercury Hourglass":14,"SatanicBible":44,"Calling Bell":22,"Anchor":22,"Nunchaku":44,"Shovel":22,"ats:Originium":14,"MutagenicStrength":44,"Red Mask":30,"ats:Sanity":0,"HushsDoor":0,"StrikeDummy":22}],"Mercury Hourglass":[189]},"card_choices":[{"not_picked":[],"picked":"SuicideKing","floor":0},{"not_picked":["ats:Support Order","ats:Healing Strengthening"],"picked":"ats:Mental Burst","floor":1},{"not_picked":["ats:Hook Shot","ats:Thermite Blade"],"picked":"ats:Counter Healing Mode","floor":3},{"not_picked":["Bomb","ats:Cat Scratch"],"picked":"ats:Sword Rain","floor":7},{"not_picked":["Bomb","ats:Powerful Strike"],"picked":"ats:Healing Drone","floor":10},{"not_picked":["ats:Directed Diagnosis","ats:Assault Order"],"picked":"ats:Closed Bolt Burst Fire","floor":12},{"not_picked":["ats:Poison Spread","ats:Demon Strength"],"picked":"ats:Directed Diagnosis","floor":14},{"not_picked":["ats:Echo Reverb","ats:Durian"],"picked":"ats:Ambush","floor":16},{"not_picked":["ats:Ignite","ats:Powerful Strike"],"picked":"ats:Revitalization","floor":18},{"not_picked":["ats:Steam Pump+1","ats:Neurotoxin"],"picked":"ats:Assault Order","floor":20},{"not_picked":["ats:Cat Scratch","ats:Childhood Dance"],"picked":"ats:Apocalypse","floor":21},{"not_picked":["ats:Demon Strength","ats:LN2 Cannon"],"picked":"ats:Consecutive Shot Auto","floor":22},{"not_picked":["ats:Assault Order+1","ats:Leaping Hammer"],"picked":"ats:Shell Defense","floor":23},{"not_picked":["ats:Flame Of Heaven","ats:Very Hot Blade+1"],"picked":"ats:Poison Spread","floor":29},{"not_picked":["ats:Assault Order","ats:Hook Shot+1"],"picked":"ats:Revitalization+1","floor":31}],"player_experience":21548,"relics_obtained":[{"floor":12,"key":"ats:Originium"},{"floor":12,"key":"Mercury Hourglass"},{"floor":17,"key":"Anchor"},{"floor":17,"key":"StrikeDummy"},{"floor":17,"key":"Shovel"},{"floor":20,"key":"Red Mask"},{"floor":24,"key":"Nunchaku"},{"floor":26,"key":"SatanicBible"},{"floor":28,"key":"HowToJump"},{"floor":32,"key":"Singing Bowl"}],"event_choices":[{"cards_removed":["ats:Defend"],"damage_healed":0,"gold_gain":0,"player_choice":"Card Removal","damage_taken":7,"max_hp_gain":0,"max_hp_loss":0,"event_name":"Golden Wing","floor":2,"gold_loss":0},{"damage_healed":0,"gold_gain":0,"player_choice":"Entered Light","damage_taken":14,"max_hp_gain":0,"max_hp_loss":0,"event_name":"Shining Light","floor":4,"gold_loss":0,"cards_upgraded":["ats:Counter Healing Mode","ats:Strike C"]},{"damage_healed":0,"gold_gain":175,"player_choice":"AGREE","damage_taken":0,"max_hp_gain":0,"max_hp_loss":0,"event_name":"Liars Game","floor":5,"gold_loss":0,"cards_obtained":["Doubt"]},{"damage_healed":0,"gold_gain":0,"player_choice":"Success","damage_taken":7,"relics_obtained":["Leech"],"max_hp_gain":0,"max_hp_loss":0,"event_name":"Scrap Ooze","floor":8,"gold_loss":0},{"cards_removed":["Doubt"],"damage_healed":0,"gold_gain":0,"player_choice":"Gave Gold","damage_taken":0,"max_hp_gain":0,"max_hp_loss":0,"event_name":"Beggar","floor":19,"gold_loss":75},{"damage_healed":0,"gold_gain":0,"player_choice":"Fought Bandits","damage_taken":0,"max_hp_gain":0,"max_hp_loss":0,"event_name":"Masked Bandits","floor":20,"gold_loss":0},{"damage_healed":0,"gold_gain":99,"player_choice":"Stole From Cult","damage_taken":0,"max_hp_gain":0,"max_hp_loss":0,"event_name":"Nest","floor":25,"gold_loss":0},{"damage_healed":0,"gold_gain":0,"player_choice":"Inject Mutagens","damage_taken":0,"relics_obtained":["MutagenicStrength"],"max_hp_gain":0,"max_hp_loss":0,"event_name":"Drug Dealer","floor":27,"gold_loss":0},{"damage_healed":0,"gold_gain":0,"cards_transformed":["SuicideKing"],"player_choice":"Transformed","damage_taken":0,"max_hp_gain":0,"max_hp_loss":0,"event_name":"Transmorgrifier","floor":30,"gold_loss":0,"cards_obtained":["BettingIsNotGood"]}],"is_beta":false,"boss_relics":[{"not_picked":["Runic Pyramid","Snecko Eye"],"picked":"Calling Bell"},{"not_picked":[]}],"items_purged_floors":[],"is_endless":false,"potions_floor_spawned":[7,14,16,18,20,29,31],"killed_by":"Champ","ascension_level":0}}