{"host":"2no1vwhhkhf0ohz3","time":1609741797,"event":{"mods":["AchievementEnabler","BaseMod","Colored Map","DeckTracker","Keyboard Shortcuts","Minty Spire (QoL Compilation)","Relic Stats","SuperFastMode"],"gold_per_floor":[113,123,123,142,142,169,179,179,251,251,251],"floor_reached":10,"playtime":257,"items_purged":[],"score":78,"play_id":"2078e268-3cb6-471a-a31a-c7f1133d63fe","local_time":"20210104152957","is_ascension_mode":true,"campfire_choices":[{"data":"Vigilance","floor":8,"key":"SMITH"}],"circlet_count":0,"master_deck":["Strike_P","Strike_P","Strike_P","Strike_P","Defend_P","Defend_P","Defend_P","Defend_P","Eruption+1","Vigilance+1","WreathOfFlame","InnerPeace"],"relics":["PureWater","NeowsBlessing","Gambling Chip","Akabeko","Frozen Egg 2"],"acts_visited":["Exordium"],"potions_floor_usage":[10,10],"damage_taken":[{"damage":0,"enemies":"Cultist","floor":1,"turns":1},{"damage":0,"enemies":"Jaw Worm","floor":2,"turns":1},{"damage":0,"enemies":"2 Louse","floor":4,"turns":1},{"damage":34,"enemies":"Gremlin Nob","floor":6,"turns":4},{"damage":15,"enemies":"Looter","floor":7,"turns":3},{"damage":40,"enemies":"Lagavulin","floor":10,"turns":2}],"seed_played":"2958663652025446000","potions_obtained":[{"floor":1,"key":"PowerPotion"},{"floor":2,"key":"ColorlessPotion"}],"is_trial":false,"path_per_floor":["M","M","?","M","?","E","M","R","T","E"],"character_chosen":"WATCHER","items_purchased":[],"campfire_rested":0,"item_purchase_floors":[],"current_hp_per_floor":[72,72,72,72,65,31,16,16,16,0,0],"gold":251,"neow_bonus":"THREE_ENEMY_KILL","is_daily":false,"chose_seed":false,"campfire_upgraded":1,"win_rate":0.0,"timestamp":1609741797,"path_taken":["M","?","?","M","?","E","M","R","T","E"],"items_purchased_type":[],"build_version":"2020-12-22","purchased_purges":0,"victory":false,"max_hp_per_floor":[72,72,72,72,72,72,72,72,72,72,72],"relic_stats":{"counters":[6,12],"Gambling Chip":[5],"obtain_stats":[{"NeowsBlessing":0,"Gambling Chip":5,"PureWater":0,"Frozen Egg 2":9,"Akabeko":6},{"NeowsBlessing":0,"Gambling Chip":3,"PureWater":0,"Frozen Egg 2":5,"Akabeko":4},{"NeowsBlessing":0,"Gambling Chip":3,"PureWater":0,"Frozen Egg 2":10,"Akabeko":7}]},"card_choices":[{"not_picked":["LikeWater","ReachHeaven"],"picked":"WreathOfFlame","floor":1},{"not_picked":["Fasting2","Crescendo","EmptyBody"],"picked":"SKIP","floor":2},{"not_picked":["BattleHymn","EmptyFist","SashWhip"],"picked":"SKIP","floor":4},{"not_picked":["CutThroughFate","Conclude"],"picked":"InnerPeace","floor":6},{"not_picked":["Study","Consecrate","WindmillStrike"],"picked":"SKIP","floor":7}],"player_experience":283679,"relics_obtained":[{"floor":6,"key":"Akabeko"},{"floor":9,"key":"Frozen Egg 2"}],"event_choices":[{"damage_healed":0,"gold_gain":0,"player_choice":"Grow","damage_taken":0,"max_hp_gain":0,"max_hp_loss":0,"event_name":"Living Wall","floor":3,"gold_loss":0,"cards_upgraded":["Eruption"]},{"damage_healed":0,"gold_gain":0,"player_choice":"Success","damage_taken":7,"relics_obtained":["Gambling Chip"],"max_hp_gain":0,"max_hp_loss":0,"event_name":"Scrap Ooze","floor":5,"gold_loss":0}],"is_beta":false,"boss_relics":[],"items_purged_floors":[],"is_endless":false,"potions_floor_spawned":[1,2],"killed_by":"Lagavulin","ascension_level":3}}