{"host":"206uhceyiubfocqu","time":1609800292,"event":{"mods":["Act Like it!","BaseMod","Gensokyo","Minty Spire (QoL Compilation)","StSLib","The Marked"],"gold_per_floor":[110,122,22,22,22,53,66,100,127,143,143,159,159,179,179,281,281,297,297,312,312,312,345,345,345,369,369,369,381,163,163,163,267,267,279,279,279,298,298,329,329,363,363,363,363],"floor_reached":44,"playtime":3052,"items_purged":["theMarked:Strike"],"score":667,"play_id":"f8d46137-8181-4ec7-a0e8-e6ea98deef74","local_time":"20210104234452","is_ascension_mode":true,"campfire_choices":[{"floor":11,"key":"REST"},{"data":"theMarked:MagicAdept","floor":15,"key":"SMITH"},{"floor":27,"key":"REST"},{"data":"theMarked:HeritageOfTheMarked","floor":32,"key":"SMITH"},{"data":"theMarked:Polarize","floor":41,"key":"SMITH"}],"circlet_count":0,"master_deck":["theMarked:Strike","theMarked:Defend","theMarked:Defend","theMarked:SoldierOfQuellstein","theMarked:Overcharge","theMarked:ParalyzingBlade","theMarked:MagicAdept+1","theMarked:Polarize+1","theMarked:RepellingDischarge","theMarked:Parkour","theMarked:EternalStudent","theMarked:Reabsorb+1","Gensokyo:AllTheWorldsEvil","theMarked:SwordAndMagic+1","theMarked:HeritageOfTheMarked+1","Gensokyo:FourOfAKind","Gensokyo:FourOfAKind","Gensokyo:FourOfAKind","Gensokyo:FourOfAKind","theMarked:Standoff+1","theMarked:Electrocute","theMarked:Levitate","theMarked:TwofoldDefense+1","theMarked:EnhanceMovement+1","theMarked:BindingBlade"],"relics":["theMarked:ArtifactOfAir","NeowsBlessing","theMarked:NailFile","Pen Nib","Dream Catcher","Mercury Hourglass","Bag of Preparation","theMarked:SpiritSword","theMarked:Gun","Blood Vial","Letter Opener","Lantern","Sundial","Regal Pillow","Molten Egg 2"],"acts_visited":["Gensokyo:Gensokyo","Gensokyo:Gensokyoer","Gensokyo:Gensokyoest"],"potions_floor_usage":[8,23,44],"damage_taken":[{"damage":0,"enemies":"Gensokyo:Python","floor":1,"turns":1},{"damage":0,"enemies":"Gensokyo:3_Fairies","floor":2,"turns":2},{"damage":0,"enemies":"Gensokyo:Cirno","floor":6,"turns":2},{"damage":1,"enemies":"Gensokyo:2_Kodama","floor":7,"turns":3},{"damage":58,"enemies":"Gensokyo:Aya","floor":8,"turns":6},{"damage":8,"enemies":"Gensokyo:VengefulSpirit","floor":10,"turns":5},{"damage":1,"enemies":"Gensokyo:2_Rabbits","floor":12,"turns":4},{"damage":0,"enemies":"Gensokyo:3_Kodama","floor":14,"turns":3},{"damage":18,"enemies":"Gensokyo:Kokoro","floor":16,"turns":11},{"damage":4,"enemies":"Gensokyo:Chomper","floor":18,"turns":3},{"damage":0,"enemies":"Gensokyo:AngelMirror","floor":20,"turns":2},{"damage":37,"enemies":"Gensokyo:Tenshi","floor":23,"turns":4},{"damage":16,"enemies":"Gensokyo:Chomper_and_Gloop","floor":29,"turns":5},{"damage":0,"enemies":"Gensokyo:Eternal_Rivals","floor":33,"turns":6},{"damage":0,"enemies":"Gensokyo:3_Boulders","floor":35,"turns":5},{"damage":1,"enemies":"Gensokyo:AncientGuardian","floor":38,"turns":2},{"damage":5,"enemies":"Gensokyo:Marisa","floor":40,"turns":2},{"damage":34,"enemies":"Gensokyo:Kasen","floor":42,"turns":5},{"damage":19,"enemies":"Gensokyo:3_Boulders","floor":44,"turns":5}],"seed_played":"-6023318681449501595","potions_obtained":[{"floor":2,"key":"ColorlessPotion"},{"floor":10,"key":"theMarked:SummonPotion"},{"floor":12,"key":"SteroidPotion"},{"floor":29,"key":"Weak Potion"},{"floor":35,"key":"Explosive Potion"}],"is_trial":false,"path_per_floor":["M","M","?","?","$","E","M","E","T","M","R","M","?","M","R","B",null,"M","?","M","?","?","E","?","?","T","R","T","M","$","?","R","B",null,"M","?","?","M","?","E","R","E","T","M"],"character_chosen":"THE_DEFAULT","items_purchased":["Lantern"],"campfire_rested":2,"item_purchase_floors":[30],"current_hp_per_floor":[70,70,70,70,70,70,69,11,11,3,24,23,23,23,23,5,70,66,66,66,66,49,12,12,12,12,25,25,21,21,21,21,23,46,46,46,40,41,41,38,38,6,6,0,0],"gold":363,"neow_bonus":"THREE_ENEMY_KILL","is_daily":false,"chose_seed":false,"campfire_upgraded":3,"win_rate":0.0,"timestamp":1609800292,"path_taken":["M","M","?","?","$","E","M","E","T","M","R","?","?","M","R","BOSS","M","?","M","?","?","E","?","?","T","R","?","?","$","?","R","BOSS","M","?","?","M","?","E","R","E","T","M"],"items_purchased_type":["Relic"],"build_version":"2020-12-22","purchased_purges":1,"victory":false,"max_hp_per_floor":[70,70,70,70,70,70,70,70,70,70,70,70,70,70,70,70,70,70,70,70,70,49,49,49,46,46,46,46,46,46,46,46,46,46,46,46,46,46,46,46,46,46,46,46,46],"card_choices":[{"not_picked":["theMarked:Frustration","theMarked:LightningStrikesTwice","theMarked:WastefulDefense"],"picked":"SKIP","floor":1},{"not_picked":["theMarked:WastefulAttack","theMarked:WardOff"],"picked":"theMarked:Overcharge","floor":2},{"not_picked":["theMarked:Snap","theMarked:ChainLightning"],"picked":"theMarked:ParalyzingBlade","floor":6},{"not_picked":["theMarked:ResourceFulStrike","theMarked:Static","theMarked:WastefulAttack"],"picked":"SKIP","floor":7},{"not_picked":["theMarked:EnhanceMovement","theMarked:Indomitable"],"picked":"theMarked:MagicAdept","floor":8},{"not_picked":["theMarked:DeterminationOfTheMarked","theMarked:TwofoldDefense"],"picked":"theMarked:Polarize","floor":10},{"not_picked":["theMarked:HeightenedSenses","theMarked:BanishingStrike"],"picked":"theMarked:RepellingDischarge","floor":11},{"not_picked":["theMarked:Overthink","theMarked:SwordAndMagic"],"picked":"theMarked:Parkour","floor":12},{"not_picked":["theMarked:Frustration","theMarked:Aftermath","theMarked:Overcharge"],"picked":"SKIP","floor":14},{"not_picked":["theMarked:ChannelForce","theMarked:TurnInvisible"],"picked":"theMarked:EternalStudent","floor":16},{"not_picked":["theMarked:MysticalArsenal","theMarked:LightningStrikesTwice"],"picked":"theMarked:Reabsorb+1","floor":18},{"not_picked":["theMarked:MaelstromOfLightning+1","theMarked:Static"],"picked":"theMarked:SwordAndMagic+1","floor":20},{"not_picked":["theMarked:Frustration","theMarked:Overthink"],"picked":"theMarked:Standoff+1","floor":23},{"not_picked":["theMarked:Parkour","theMarked:WastefulDefense"],"picked":"theMarked:Electrocute","floor":29},{"not_picked":["theMarked:SuspiciousRaven","theMarked:MagicAdept"],"picked":"theMarked:Levitate","floor":33},{"not_picked":["theMarked:ShockingTouch+1","theMarked:Improvise"],"picked":"theMarked:TwofoldDefense+1","floor":35},{"not_picked":["theMarked:Improvise","theMarked:DeterminationOfTheMarked"],"picked":"theMarked:EnhanceMovement+1","floor":38},{"not_picked":["theMarked:Electrify+1","theMarked:WardOff+1"],"picked":"theMarked:BindingBlade","floor":40},{"not_picked":["theMarked:WastefulAttack+1","theMarked:Reabsorb+1","theMarked:Static"],"picked":"SKIP","floor":42}],"player_experience":668465,"relics_obtained":[{"floor":6,"key":"Dream Catcher"},{"floor":8,"key":"Mercury Hourglass"},{"floor":9,"key":"Bag of Preparation"},{"floor":23,"key":"Toy Ornithopter"},{"floor":26,"key":"Blood Vial"},{"floor":28,"key":"Letter Opener"},{"floor":40,"key":"Sundial"},{"floor":42,"key":"Regal Pillow"},{"floor":43,"key":"Molten Egg 2"}],"event_choices":[],"is_beta":false,"boss_relics":[{"not_picked":["Velvet Choker","Runic Pyramid"],"picked":"theMarked:SpiritSword"},{"not_picked":["Snecko Eye","Busted Crown","Runic Dome"]}],"items_purged_floors":[30],"is_endless":false,"potions_floor_spawned":[2,10,12,29,35,38],"killed_by":"Gensokyo:3_Boulders","ascension_level":1}}