{"host":"sxnl403xm2xmiyj1","time":1609764452,"event":{"mods":["BaseMod","Colored Map","Keyboard Shortcuts","Lobotomy","Minty Spire (QoL Compilation)","Quick Restart","StSLib","SuperFastMode"],"gold_per_floor":[117,132,132,151,204,204,215,229,229,404,479,30,46,62,62,160,160,179,194,205,19,100,100,100,100],"floor_reached":24,"playtime":807,"items_purged":["Doubt"],"score":190,"play_id":"505c4b2b-c629-4496-8a14-8bad4a5a4495","local_time":"20210104214732","is_ascension_mode":false,"campfire_choices":[{"data":"Zap","floor":6.0,"key":"SMITH"},{"data":"Skim","floor":15,"key":"SMITH"},{"floor":23,"key":"REST"}],"circlet_count":0,"master_deck":["Strike_B","Strike_B","Defend_B","Defend_B","Defend_B","Defend_B","Zap+1","Dualcast","Compile Driver","BigBadWolf","VoidDream","Cold Snap","Murderer","PunishingBird","Blizzard","Skim+1","RedShoes","Gash","Stack+1","Hologram+1","BeautyBeast","Woodsman","Gash","SpiderBud","Core Surge","Beam Cell+1","CherryBlossoms","OSAHOGD","Coolheaded+1","Undo+1","CrumblingArmor","Self Repair"],"relics":["Cracked Core","CogitoBucket","Tiny Chest","Toxic Egg 2","Lizard Tail","BackwardClock","Inserter","TheAbacus"],"acts_visited":["Exordium","TheCity"],"potions_floor_usage":[16,19,19,20,24],"damage_taken":[{"damage":1.0,"enemies":"Jaw Worm","floor":1.0,"turns":3.0},{"damage":6.0,"enemies":"Cultist","floor":2.0,"turns":3.0},{"damage":0.0,"enemies":"Small Slimes","floor":4.0,"turns":3.0},{"damage":1.0,"enemies":"3 Louse","floor":7.0,"turns":3.0},{"damage":10.0,"enemies":"2 Fungi Beasts","floor":8.0,"turns":4.0},{"damage":34,"enemies":"Lots of Slimes","floor":13,"turns":6},{"damage":3,"enemies":"Large Slime","floor":14,"turns":5},{"damage":36,"enemies":"Hexaghost","floor":16,"turns":11},{"damage":8,"enemies":"Chosen","floor":18,"turns":6},{"damage":31,"enemies":"3 Byrds","floor":19,"turns":6},{"damage":54,"enemies":"Snake Plant","floor":20,"turns":8},{"damage":72,"enemies":"Gremlin Leader","floor":24,"turns":5}],"seed_played":"-5325827389029278305","potions_obtained":[{"floor":8.0,"key":"Dexterity Potion"},{"floor":13,"key":"SteroidPotion"},{"floor":14,"key":"LiquidMemories"},{"floor":16,"key":"SkillPotion"},{"floor":20,"key":"Swift Potion"}],"is_trial":false,"path_per_floor":["M","M","?","M","T","R","M","M","T","?","?","$","M","M","R","B",null,"M","M","M","$","T","R","E"],"character_chosen":"DEFECT","items_purchased":["Gash","Stack+1","Lizard Tail","Self Repair","TheAbacus"],"campfire_rested":1,"item_purchase_floors":[12,12,12,21,21],"current_hp_per_floor":[74,68,68,68,68,68,67,61,61,61,50,50,16,19,19,26,75,75,62,8,8,8,30,0,0],"gold":100,"neow_bonus":"","is_daily":false,"chose_seed":false,"campfire_upgraded":2,"win_rate":0.0,"timestamp":1609764452,"path_taken":["M","M","?","M","?","R","M","?","T","?","?","$","M","M","R","BOSS","M","M","M","$","?","R","E"],"items_purchased_type":["Card","Card","Relic","Card","Relic"],"build_version":"2020-12-22","purchased_purges":1,"victory":false,"max_hp_per_floor":[75,75,75,75,75,75,75,75,75,75,75,75,75,75,75,75,75,75,75,75,75,75,75,75,75],"card_choices":[{"not_picked":["Leap","Sunder"],"picked":"Compile Driver","floor":1.0},{"not_picked":["ShyLook","CherryBlossoms"],"picked":"BigBadWolf","floor":1.0},{"not_picked":["MeatLantern","Scorched"],"picked":"VoidDream","floor":2.0},{"not_picked":["Undo","Barrage"],"picked":"Cold Snap","floor":2.0},{"not_picked":["Lockon","Melter"],"picked":"Cold Snap","floor":4.0},{"not_picked":["Scorched","ShyLook"],"picked":"Murderer","floor":4.0},{"not_picked":["Variant","MHz"],"picked":"PunishingBird","floor":7.0},{"not_picked":["Consume","Hologram"],"picked":"Blizzard","floor":7.0},{"not_picked":["Aggregate","Ball Lightning"],"picked":"Skim","floor":8.0},{"not_picked":["HappyTeddy","OSAHOGD"],"picked":"RedShoes","floor":8.0},{"not_picked":["Compile Driver","Reprogram+1"],"picked":"Hologram+1","floor":13},{"not_picked":["MeatLantern","Bloodbath"],"picked":"BeautyBeast","floor":13},{"not_picked":["NakedNest","OSAHOGD"],"picked":"Woodsman","floor":14},{"not_picked":["Compile Driver","Beam Cell"],"picked":"Gash","floor":14},{"not_picked":["HeroicMonk","CherryBlossoms"],"picked":"SpiderBud","floor":16},{"not_picked":["Electrodynamics","Biased Cognition"],"picked":"Core Surge","floor":16},{"not_picked":["Redo+1","Sweeping Beam"],"picked":"Beam Cell+1","floor":18},{"not_picked":["MHz","UniverseFragment"],"picked":"CherryBlossoms","floor":18},{"not_picked":["WallGazer","Bloodbath"],"picked":"OSAHOGD","floor":19},{"not_picked":["Redo+1","Hello World"],"picked":"Coolheaded+1","floor":19},{"not_picked":["Turbo+1","Lockon+1"],"picked":"Undo+1","floor":20},{"not_picked":["OldLady","Wellcheers"],"picked":"CrumblingArmor","floor":20}],"player_experience":148997,"relics_obtained":[{"floor":5.0,"key":"Tiny Chest"},{"floor":9.0,"key":"Toxic Egg 2"}],"event_choices":[{"cards_removed":["Strike_B"],"damage_healed":0.0,"max_hp_gain":0.0,"max_hp_loss":0.0,"gold_gain":0.0,"event_name":"Living Wall","player_choice":"Forget","floor":3.0,"gold_loss":0.0,"damage_taken":0.0},{"damage_healed":0.0,"max_hp_gain":0.0,"max_hp_loss":0.0,"gold_gain":175.0,"event_name":"Liars Game","player_choice":"AGREE","floor":10.0,"gold_loss":0.0,"damage_taken":0.0,"cards_obtained":["Doubt"]},{"damage_healed":0.0,"max_hp_gain":0.0,"max_hp_loss":0.0,"gold_gain":75.0,"event_name":"World of Goop","player_choice":"Gather Gold","floor":11.0,"gold_loss":0.0,"damage_taken":11.0}],"is_beta":false,"boss_relics":[{"not_picked":["Coffee Dripper","Nuclear Battery"],"picked":"Inserter"}],"items_purged_floors":[12],"is_endless":false,"potions_floor_spawned":[8,13,14,16,20],"killed_by":"Gremlin Leader","ascension_level":0}}