{"host":"svjtl4dki9uqj609","time":1609750417,"event":{"mods":["BaseMod","Colored Map","Keyboard Shortcuts","Minty Spire (QoL Compilation)","StSLib","SuperFastMode"],"gold_per_floor":[109,109,109,109,124,124,139,170,195,270,298,331,331,116,116,219,219,235,111,210,10,20,20,20,45,45,45,45,45,45,78,78,176,176,204,216,228,258,282,294,80,1,1,13,13,46,46,60,60,60],"floor_reached":51,"playtime":1387,"items_purged":["Strike_B","Defend_B","Dualcast","Zap+1"],"score":800,"play_id":"f0de6ef1-7727-4f10-9979-8cf830682839","local_time":"20210104175337","is_ascension_mode":true,"campfire_choices":[{"data":"Zap","floor":6.0,"key":"SMITH"},{"floor":13.0,"key":"REST"},{"data":"Strike_B","floor":15.0,"key":"PURGE"},{"data":"Madness","floor":23.0,"key":"SMITH"},{"data":"Injury","floor":28.0,"key":"PURGE"},{"data":"Go for the Eyes","floor":30.0,"key":"SMITH"},{"data":"Reboot","floor":32.0,"key":"SMITH"},{"data":"Defend_B","floor":40.0,"key":"PURGE"},{"data":"Madness","floor":45.0,"key":"SMITH"},{"data":"Undo","floor":47.0,"key":"SMITH"},{"data":"Defend_B+1","floor":49.0,"key":"PURGE"}],"circlet_count":0,"master_deck":["Ball Lightning","Hologram","Undo+1","Gash","Go for the Eyes+1","Ball Lightning","Gash","Madness+1","Echo Form","Sweeping Beam","Reboot+1","Beam Cell","Echo Form","Machine Learning","Self Repair+1","CurseOfTheBell","Defragment+1","Madness","Madness+1","Reboot+1","Seek"],"relics":["Cracked Core","Peace Pipe","Potion Belt","Shuriken","Vajra","Odd Mushroom","Thread and Needle","Cursed Key","Strawberry","Ornamental Fan","Pear","Calling Bell","MawBank","Darkstone Periapt","CaptainsWheel","Membership Card","DollysMirror","TungstenRod"],"acts_visited":["Exordium","TheCity","TheBeyond"],"potions_floor_usage":[50,50,50],"damage_taken":[{"damage":1.0,"enemies":"Jaw Worm","floor":1.0,"turns":3.0},{"damage":0.0,"enemies":"2 Louse","floor":5.0,"turns":2.0},{"damage":0.0,"enemies":"Small Slimes","floor":7.0,"turns":2.0},{"damage":16.0,"enemies":"Gremlin Nob","floor":8.0,"turns":3.0},{"damage":0.0,"enemies":"The Mushroom Lair","floor":11.0,"turns":3.0},{"damage":4.0,"enemies":"3 Sentries","floor":12.0,"turns":6.0},{"damage":2.0,"enemies":"Slime Boss","floor":16.0,"turns":5.0},{"damage":3.0,"enemies":"3 Byrds","floor":18.0,"turns":4.0},{"damage":0.0,"enemies":"Spheric Guardian","floor":22.0,"turns":3.0},{"damage":22.0,"enemies":"Slavers","floor":25.0,"turns":3.0},{"damage":16.0,"enemies":"Gremlin Leader","floor":31.0,"turns":4.0},{"damage":6.0,"enemies":"Collector","floor":33.0,"turns":6.0},{"damage":0.0,"enemies":"Orb Walker","floor":35.0,"turns":2.0},{"damage":0.0,"enemies":"3 Darklings","floor":38.0,"turns":5.0},{"damage":14.0,"enemies":"Sphere and 2 Shapes","floor":39.0,"turns":4.0},{"damage":0.0,"enemies":"Spire Growth","floor":44.0,"turns":4.0},{"damage":0.0,"enemies":"Giant Head","floor":46.0,"turns":5.0},{"damage":0.0,"enemies":"Writhing Mass","floor":48.0,"turns":6.0},{"damage":69,"enemies":"Awakened One","floor":50,"turns":10}],"seed_played":"5703388554241334060","potions_obtained":[{"floor":5.0,"key":"SpeedPotion"},{"floor":7.0,"key":"Swift Potion"},{"floor":11.0,"key":"FearPotion"},{"floor":16.0,"key":"DistilledChaos"},{"floor":25.0,"key":"SteroidPotion"},{"floor":31.0,"key":"SkillPotion"},{"floor":44.0,"key":"Explosive Potion"},{"floor":46.0,"key":"FearPotion"},{"floor":48.0,"key":"SteroidPotion"}],"is_trial":false,"path_per_floor":["M","?","?","?","M","R","M","E","T","?","?","E","R","$","R","B",null,"M","$","?","$","M","R","?","E","T","T","R","?","R","E","R","B",null,"M","?","?","M","M","R","$","$","T","M","R","E","R","M","R","B",null],"character_chosen":"DEFECT","items_purchased":["Gash","Madness","Sweeping Beam","Reboot","Membership Card","DollysMirror"],"campfire_rested":1,"item_purchase_floors":[14,14,19,21,41,42],"current_hp_per_floor":[67,53,53,41,41,41,41,25,25,14,14,10,30,30,30,28,68,65,65,65,65,65,65,65,50,50,50,50,50,50,44,44,48,85,85,74,74,84,80,80,80,80,80,85,85,85,85,85,85,26],"gold":60,"neow_bonus":"ONE_RARE_RELIC","is_daily":false,"chose_seed":false,"campfire_upgraded":6,"win_rate":0.0,"timestamp":1609750417,"path_taken":["M","?","?","?","?","R","M","E","T","?","?","E","R","?","R","BOSS","M","?","?","$","M","R","?","E","T","?","R","?","R","E","R","BOSS","M","?","?","M","M","R","?","$","T","M","R","E","R","M","R","BOSS"],"items_purchased_type":["Card","Card","Card","Card","Relic","Relic"],"build_version":"2020-12-22","purchased_purges":4,"victory":true,"max_hp_per_floor":[68,68,68,68,68,68,68,68,68,68,68,68,68,68,68,68,68,68,68,68,68,68,68,68,75,75,75,75,75,75,85,85,85,85,85,85,85,85,85,85,85,85,85,85,85,85,85,85,85,85],"card_choices":[{"not_picked":["Rip and Tear","Undo"],"picked":"Ball Lightning","floor":1.0},{"not_picked":["Beam Cell","Barrage"],"picked":"Hologram","floor":5.0},{"not_picked":["Lockon","Melter"],"picked":"Undo","floor":7.0},{"not_picked":["Undo","Streamline"],"picked":"Gash","floor":8.0},{"not_picked":["Leap","Turbo"],"picked":"Go for the Eyes","floor":11.0},{"not_picked":["Force Field","Thunder Strike"],"picked":"Ball Lightning","floor":12.0},{"not_picked":["Reboot","Thunder Strike"],"picked":"Echo Form","floor":16.0},{"not_picked":["Sweeping Beam","Chill","Hello World"],"picked":"SKIP","floor":18.0},{"not_picked":["Sweeping Beam","Chill","Hello World"],"picked":"SKIP","floor":18.0},{"not_picked":["Redo","Compile Driver+1","Consume+1"],"picked":"SKIP","floor":22.0},{"not_picked":["Redo","Compile Driver+1","Consume+1"],"picked":"SKIP","floor":22.0},{"not_picked":["Beam Cell","Blizzard","Hologram"],"picked":"SKIP","floor":25.0},{"not_picked":["Blizzard","Hologram"],"picked":"Beam Cell","floor":25.0},{"not_picked":["Undo","Gash"],"picked":"Self Repair+1","floor":31.0},{"not_picked":["Double Energy","Steam"],"picked":"Defragment+1","floor":35.0},{"not_picked":["Conserve Battery","Streamline+1","Force Field+1"],"picked":"SKIP","floor":38.0},{"not_picked":["Redo","Rebound+1","Ball Lightning+1"],"picked":"SKIP","floor":39.0},{"not_picked":["Melter","Hello World","Reprogram+1"],"picked":"SKIP","floor":44.0},{"not_picked":["Sweeping Beam","Rebound+1"],"picked":"Seek","floor":46.0},{"not_picked":["Redo+1","Beam Cell+1","Sweeping Beam"],"picked":"SKIP","floor":48.0}],"player_experience":11319,"relics_obtained":[{"floor":8.0,"key":"Shuriken"},{"floor":9.0,"key":"Vajra"},{"floor":11.0,"key":"Odd Mushroom"},{"floor":12.0,"key":"Thread and Needle"},{"floor":25.0,"key":"Strawberry"},{"floor":26.0,"key":"Ornamental Fan"},{"floor":31.0,"key":"Pear"},{"floor":34.0,"key":"MawBank"},{"floor":34.0,"key":"Darkstone Periapt"},{"floor":34.0,"key":"CaptainsWheel"},{"floor":46.0,"key":"TungstenRod"}],"event_choices":[{"damage_healed":0.0,"max_hp_gain":0.0,"max_hp_loss":0.0,"gold_gain":0.0,"event_name":"Shining Light","player_choice":"Entered Light","floor":2.0,"gold_loss":0.0,"damage_taken":14.0,"cards_upgraded":["Strike_B","Defend_B"]},{"cards_removed":["Strike_B"],"damage_healed":0.0,"max_hp_gain":0.0,"max_hp_loss":0.0,"gold_gain":0.0,"event_name":"Living Wall","player_choice":"Forget","floor":3.0,"gold_loss":0.0,"damage_taken":0.0},{"damage_healed":0.0,"max_hp_gain":0.0,"max_hp_loss":0.0,"gold_gain":0.0,"event_name":"Scrap Ooze","player_choice":"Success","floor":4.0,"gold_loss":0.0,"damage_taken":12.0,"relics_obtained":["Potion Belt"]},{"damage_healed":0.0,"max_hp_gain":0.0,"max_hp_loss":0.0,"gold_gain":75.0,"event_name":"World of Goop","player_choice":"Gather Gold","floor":10.0,"gold_loss":0.0,"damage_taken":11.0},{"damage_healed":0.0,"max_hp_gain":0.0,"max_hp_loss":0.0,"gold_gain":0.0,"event_name":"Mushrooms","player_choice":"Fought Mushrooms","floor":11.0,"gold_loss":0.0,"damage_taken":0.0},{"damage_healed":0.0,"max_hp_gain":0.0,"max_hp_loss":0.0,"gold_gain":99.0,"event_name":"Nest","player_choice":"Stole From Cult","floor":20.0,"gold_loss":0.0,"damage_taken":0.0},{"damage_healed":0.0,"max_hp_gain":0.0,"max_hp_loss":0.0,"gold_gain":0.0,"event_name":"Ghosts","player_choice":"Ignored","floor":24.0,"gold_loss":0.0,"damage_taken":0.0},{"damage_healed":0.0,"max_hp_gain":0.0,"max_hp_loss":0.0,"gold_gain":0.0,"cards_transformed":["Strike_B","Defend_B"],"event_name":"Drug Dealer","player_choice":"Became Test Subject","floor":29.0,"gold_loss":0.0,"damage_taken":0.0,"cards_obtained":["Echo Form","Machine Learning"]},{"damage_healed":0.0,"max_hp_gain":0.0,"max_hp_loss":0.0,"gold_gain":0.0,"event_name":"Winding Halls","player_choice":"Embrace Madness","floor":36.0,"gold_loss":0.0,"damage_taken":11.0,"cards_obtained":["Madness","Madness"]},{"damage_healed":0.0,"max_hp_gain":0.0,"max_hp_loss":0.0,"gold_gain":0.0,"event_name":"Mysterious Sphere","player_choice":"Ignored","floor":37.0,"gold_loss":0.0,"damage_taken":0.0}],"is_beta":false,"boss_relics":[{"not_picked":["Sozu","Fusion Hammer"],"picked":"Cursed Key"},{"not_picked":["Runic Dome","Nuclear Battery"],"picked":"Calling Bell"}],"items_purged_floors":[14,19,21,41],"is_endless":false,"potions_floor_spawned":[5,7,11,16,25,31,44,46,48],"ascension_level":1}}