{"host":"5wznv0010959mrmz","time":1609789886,"event":{"mods":["BaseMod","Highlight Path","Minty Spire (QoL Compilation)","Relic Stats"],"gold_per_floor":[114,39,59,59,29,63,83,103,149,159,189,203,221,240,240,318,318,332,332,61,77,89,89,89,122,146,162,162,191,191,31,31,103,103,123,143,154,168,168,198,198,208,234,264,277,97,97,112,112,112,112,112],"floor_reached":51,"playtime":2544,"items_purged":["Shame","Strike_G"],"score":1601,"play_id":"4840a54f-9e31-439d-a50b-874be3dc04fb","local_time":"20210104135126","is_ascension_mode":true,"campfire_choices":[{"data":"Bouncing Flask","floor":15.0,"key":"SMITH"},{"data":"Wraith Form v2","floor":23.0,"key":"SMITH"},{"data":"Well Laid Plans","floor":30.0,"key":"SMITH"},{"data":"Noxious Fumes","floor":32.0,"key":"SMITH"},{"floor":47.0,"key":"RECALL"},{"data":"Neutralize","floor":49,"key":"SMITH"}],"circlet_count":0,"master_deck":["AscendersBane","Strike_G+1","Defend_G","Defend_G","Defend_G","Defend_G","Defend_G","Survivor","Neutralize+1","Dagger Spray+1","Bouncing Flask+1","Blade Dance+1","Blade Dance+1","Catalyst+1","Crippling Poison+1","Well Laid Plans+1","Deadly Poison+1","Dodge and Roll+1","Wraith Form v2+1","PiercingWail+1","Finisher","Calculated Gamble+1","Backflip+1","Ghostly+1","Ghostly+1","Ghostly+1","Outmaneuver+1","Noxious Fumes+1","Corpse Explosion+1","Deflect+1","Backflip+1","Footwork","Malaise+1","Catalyst+1","Escape Plan+1"],"relics":["Ring of the Snake","Blood Vial","Toxic Egg 2","Bag of Marbles","Centennial Puzzle","Cursed Key","Letter Opener","Bronze Scales","Omamori","Bottled Flame","Bottled Tornado","SacredBark","Pocketwatch","Meat on the Bone"],"acts_visited":["Exordium","TheCity","TheBeyond"],"potions_floor_usage":[],"damage_taken":[{"damage":0.0,"enemies":"2 Louse","floor":1.0,"turns":2.0},{"damage":3.0,"enemies":"Cultist","floor":3.0,"turns":4.0},{"damage":0.0,"enemies":"Lagavulin","floor":6.0,"turns":5.0},{"damage":2.0,"enemies":"Jaw Worm","floor":7.0,"turns":4.0},{"damage":0.0,"enemies":"Exordium Wildlife","floor":8.0,"turns":2.0},{"damage":0.0,"enemies":"Gremlin Gang","floor":10.0,"turns":1.0},{"damage":27.0,"enemies":"3 Sentries","floor":11.0,"turns":6.0},{"damage":0.0,"enemies":"2 Fungi Beasts","floor":12.0,"turns":1.0},{"damage":1.0,"enemies":"Large Slime","floor":13.0,"turns":6.0},{"damage":0.0,"enemies":"Red Slaver","floor":14.0,"turns":1.0},{"damage":18.0,"enemies":"Hexaghost","floor":16.0,"turns":5.0},{"damage":1.0,"enemies":"Chosen","floor":18.0,"turns":3.0},{"damage":0.0,"enemies":"3 Byrds","floor":21.0,"turns":2.0},{"damage":7.0,"enemies":"Snake Plant","floor":22.0,"turns":3.0},{"damage":2.0,"enemies":"Book of Stabbing","floor":25.0,"turns":4.0},{"damage":0.0,"enemies":"Centurion and Healer","floor":27.0,"turns":5.0},{"damage":3.0,"enemies":"Slavers","floor":29.0,"turns":4.0},{"damage":3.0,"enemies":"Collector","floor":33.0,"turns":6.0},{"damage":10.0,"enemies":"3 Darklings","floor":35.0,"turns":3.0},{"damage":1.0,"enemies":"Orb Walker","floor":36.0,"turns":4.0},{"damage":3.0,"enemies":"Writhing Mass","floor":37.0,"turns":4.0},{"damage":10.0,"enemies":"3 Darklings","floor":38.0,"turns":3.0},{"damage":1.0,"enemies":"Giant Head","floor":40.0,"turns":6.0},{"damage":0.0,"enemies":"4 Shapes","floor":42.0,"turns":6.0},{"damage":0.0,"enemies":"Reptomancer","floor":44.0,"turns":6.0},{"damage":0.0,"enemies":"Jaw Worm Horde","floor":45.0,"turns":3.0},{"damage":0.0,"enemies":"Maw","floor":48.0,"turns":6.0},{"damage":17,"enemies":"Time Eater","floor":50,"turns":7},{"damage":52,"enemies":"Awakened One","floor":51,"turns":8}],"seed_played":"7236658788337475932","potions_obtained":[{"floor":5.0,"key":"SmokeBomb"},{"floor":5.0,"key":"EntropicBrew"},{"floor":8.0,"key":"FearPotion"},{"floor":21.0,"key":"PowerPotion"},{"floor":22.0,"key":"Poison Potion"},{"floor":25.0,"key":"PowerPotion"},{"floor":29.0,"key":"Strength Potion"},{"floor":33.0,"key":"Fire Potion"},{"floor":36.0,"key":"Fire Potion"},{"floor":38.0,"key":"SpeedPotion"},{"floor":40.0,"key":"Strength Potion"},{"floor":42.0,"key":"Ancient Potion"}],"is_trial":false,"path_per_floor":["M","?","M","?","?","E","M","M","T","M","E","M","M","M","R","B",null,"M","?","$","M","M","R","?","E","T","M","T","E","R","$","R","B",null,"M","M","M","M","?","E","?","M","T","E","M","$","R","M","R","B","B"],"character_chosen":"THE_SILENT","items_purchased":["Letter Opener","Noxious Fumes","Escape Plan+1"],"campfire_rested":0,"item_purchase_floors":[20,31,46],"current_hp_per_floor":[61,61,60,40,40,42,42,44,44,46,21,23,24,26,26,10,52,53,53,53,55,50,50,33,31,31,33,33,30,30,30,30,29,32,23,24,23,15,15,16,16,18,18,20,22,22,22,24,24,21,0,0],"gold":112,"neow_bonus":"RANDOM_COMMON_RELIC","is_daily":false,"chose_seed":false,"campfire_upgraded":5,"win_rate":0.0,"timestamp":1609789886,"path_taken":["M","?","M","?","?","E","M","M","T","M","E","M","?","?","R","BOSS","M","?","?","?","M","R","?","E","T","M","?","E","R","$","R","BOSS","M","?","M","M","?","E","?","M","T","E","M","$","R","?","R","BOSS","BOSS"],"items_purchased_type":["Relic","Card","Card"],"build_version":"2020-12-22","purchased_purges":2,"victory":false,"max_hp_per_floor":[66,66,66,66,66,66,66,66,66,66,66,66,66,66,66,66,66,66,66,66,66,66,66,33,33,33,33,33,33,33,33,33,33,33,33,33,33,33,33,33,33,33,33,33,33,33,33,33,33,33,33,33],"relic_stats":{"Blood Vial":53,"Centennial Puzzle":[42],"counters":[29,120],"Bronze Scales":[225],"Letter Opener":[361],"Cursed Key":3,"obtain_stats":[{"SacredBark":34,"Omamori":26,"Letter Opener":20,"Bottled Tornado":29,"Cursed Key":17,"Blood Vial":0,"Centennial Puzzle":11,"Bottled Flame":28,"Bronze Scales":25,"Bag of Marbles":9,"Toxic Egg 2":6,"Ring of the Snake":0,"Pocketwatch":40,"Meat on the Bone":44},{"SacredBark":18,"Omamori":15,"Letter Opener":12,"Bottled Tornado":17,"Cursed Key":11,"Blood Vial":0,"Centennial Puzzle":7,"Bottled Flame":16,"Bronze Scales":15,"Bag of Marbles":5,"Toxic Egg 2":3,"Ring of the Snake":0,"Pocketwatch":23,"Meat on the Bone":25},{"SacredBark":64,"Omamori":49,"Letter Opener":40,"Bottled Tornado":58,"Cursed Key":37,"Blood Vial":0,"Centennial Puzzle":24,"Bottled Flame":54,"Bronze Scales":49,"Bag of Marbles":17,"Toxic Egg 2":11,"Ring of the Snake":0,"Pocketwatch":84,"Meat on the Bone":96}],"Ring of the Snake":[58],"Pocketwatch":[36],"Meat on the Bone":12},"card_choices":[{"not_picked":["Outmaneuver","Deadly Poison"],"picked":"Dagger Spray","floor":1.0},{"not_picked":["Outmaneuver","Quick Slash"],"picked":"Bouncing Flask","floor":3.0},{"not_picked":["Deflect+1","Finisher","Predator"],"picked":"SKIP","floor":6.0},{"not_picked":["Quick Slash","Blur+1"],"picked":"Blade Dance+1","floor":7.0},{"not_picked":["Bouncing Flask+1","Flechettes"],"picked":"Blade Dance+1","floor":8.0},{"not_picked":["Tactician+1","Caltrops"],"picked":"Catalyst+1","floor":10.0},{"not_picked":["Die Die Die","Bane"],"picked":"Crippling Poison+1","floor":11.0},{"not_picked":["Flying Knee","Eviscerate"],"picked":"Well Laid Plans","floor":12.0},{"not_picked":["Quick Slash","Dagger Spray"],"picked":"Deadly Poison+1","floor":13.0},{"not_picked":["Bane","Dagger Spray"],"picked":"Dodge and Roll+1","floor":14.0},{"not_picked":["Grand Finale","Glass Knife"],"picked":"Wraith Form v2","floor":16.0},{"not_picked":["Dagger Throw","Footwork"],"picked":"PiercingWail+1","floor":18.0},{"not_picked":["Poisoned Stab","Quick Slash"],"picked":"Calculated Gamble+1","floor":21.0},{"not_picked":["Flechettes","Flying Knee"],"picked":"Backflip+1","floor":22.0},{"not_picked":["Dagger Throw+1","Cloak And Dagger+1","Phantasmal Killer+1"],"picked":"SKIP","floor":25.0},{"not_picked":["Flying Knee","Expertise+1","Footwork"],"picked":"SKIP","floor":27.0},{"not_picked":["Flying Knee","Well Laid Plans+1"],"picked":"Outmaneuver+1","floor":29.0},{"not_picked":["Phantasmal Killer+1","Die Die Die"],"picked":"Corpse Explosion+1","floor":33.0},{"not_picked":["Skewer","Backstab","Dodge and Roll+1"],"picked":"SKIP","floor":35.0},{"not_picked":["Prepared+1","Footwork","Dagger Spray"],"picked":"SKIP","floor":36.0},{"not_picked":["Riddle With Holes","Sucker Punch"],"picked":"Deflect+1","floor":37.0},{"not_picked":["Glass Knife","Bane+1","Poisoned Stab"],"picked":"SKIP","floor":38.0},{"not_picked":["Finisher","Backstab"],"picked":"Backflip+1","floor":40.0},{"not_picked":["Deadly Poison+1","Acrobatics+1","Noxious Fumes"],"picked":"SKIP","floor":42.0},{"not_picked":["Quick Slash","Cloak And Dagger+1"],"picked":"Malaise+1","floor":44.0},{"not_picked":["Blade Dance+1","Choke+1"],"picked":"Catalyst+1","floor":45.0},{"not_picked":["Noxious Fumes","Flechettes","Eviscerate"],"picked":"SKIP","floor":48.0}],"player_experience":397480,"relics_obtained":[{"floor":6.0,"key":"Toxic Egg 2"},{"floor":9.0,"key":"Bag of Marbles"},{"floor":11.0,"key":"Centennial Puzzle"},{"floor":25.0,"key":"Bronze Scales"},{"floor":26.0,"key":"Omamori"},{"floor":28.0,"key":"Bottled Flame"},{"floor":29.0,"key":"Bottled Tornado"},{"floor":40.0,"key":"Pocketwatch"},{"floor":44.0,"key":"Meat on the Bone"}],"event_choices":[{"cards_removed":["Strike_G"],"damage_healed":0.0,"max_hp_gain":0.0,"max_hp_loss":0.0,"gold_gain":0.0,"event_name":"The Cleric","player_choice":"Card Removal","floor":2.0,"gold_loss":75.0,"damage_taken":0.0},{"damage_healed":0.0,"max_hp_gain":0.0,"max_hp_loss":0.0,"gold_gain":0.0,"event_name":"Shining Light","player_choice":"Entered Light","floor":4.0,"gold_loss":0.0,"damage_taken":20.0,"cards_upgraded":["Strike_G","Dagger Spray"]},{"damage_healed":0.0,"max_hp_gain":0.0,"max_hp_loss":0.0,"gold_gain":0.0,"event_name":"The Woman in Blue","player_choice":"Bought 2 Potions","floor":5.0,"gold_loss":0.0,"damage_taken":0.0},{"damage_healed":0.0,"max_hp_gain":0.0,"max_hp_loss":0.0,"gold_gain":0.0,"cards_transformed":["Strike_G"],"event_name":"Transmorgrifier","player_choice":"Transformed","floor":19.0,"gold_loss":0.0,"damage_taken":0.0,"cards_obtained":["Finisher"]},{"damage_healed":0.0,"max_hp_gain":0.0,"max_hp_loss":33.0,"gold_gain":0.0,"event_name":"Ghosts","player_choice":"Became a Ghost","floor":24.0,"gold_loss":0.0,"damage_taken":0.0,"cards_obtained":["Ghostly","Ghostly","Ghostly"]},{"damage_healed":0.0,"max_hp_gain":0.0,"max_hp_loss":0.0,"gold_gain":0.0,"event_name":"Tomb of Lord Red Mask","player_choice":"Ignored","floor":39.0,"gold_loss":0.0,"damage_taken":0.0},{"damage_healed":0.0,"max_hp_gain":0.0,"max_hp_loss":0.0,"gold_gain":0.0,"cards_transformed":["Strike_G"],"event_name":"Transmorgrifier","player_choice":"Transformed","floor":41.0,"gold_loss":0.0,"damage_taken":0.0,"cards_obtained":["Footwork"]}],"is_beta":false,"boss_relics":[{"not_picked":["Velvet Choker","Astrolabe"],"picked":"Cursed Key"},{"not_picked":["SlaversCollar","WristBlade"],"picked":"SacredBark"}],"items_purged_floors":[31,46],"is_endless":false,"potions_floor_spawned":[6,8,14,16,21,22,25,29,33,36,38,40,42],"killed_by":"Awakened One","ascension_level":20}}