{"host":"zcz0awyw9el3eccp","time":1609803785,"event":{"mods":["AchievementEnabler","BaseMod","Colored Powertips","Minty Spire (QoL Compilation)","Quick Restart"],"gold_per_floor":[118,118,193,207,220,247,260,290,316,341,341,341,341,372,372,372,372],"floor_reached":16,"playtime":738,"items_purged":[],"score":161,"play_id":"5147c7fa-ce77-4f04-8403-03963a5af804","local_time":"20210105004305","is_ascension_mode":true,"campfire_choices":[{"floor":11,"key":"REST"},{"data":"Terror","floor":13,"key":"SMITH"},{"data":"Neutralize","floor":15,"key":"SMITH"}],"circlet_count":0,"master_deck":["Strike_G","Strike_G","Strike_G+1","Strike_G","Strike_G","Defend_G","Defend_G","Defend_G","Defend_G","Defend_G","Survivor","Neutralize+1","Poisoned Stab","Terror+1","Quick Slash","Unload+1","Sucker Punch","Blade Dance","Blade Dance","Riddle With Holes"],"relics":["Ring of the Snake","Calipers","Whetstone","Pen Nib","Regal Pillow","Lantern","Blood Vial"],"acts_visited":["Exordium"],"potions_floor_usage":[8,8,14,16,16],"damage_taken":[{"damage":0,"enemies":"Jaw Worm","floor":1,"turns":6},{"damage":2,"enemies":"2 Louse","floor":4,"turns":3},{"damage":2,"enemies":"Small Slimes","floor":5,"turns":4},{"damage":37,"enemies":"3 Sentries","floor":6,"turns":14},{"damage":2,"enemies":"Looter","floor":7,"turns":2},{"damage":2,"enemies":"Gremlin Nob","floor":8,"turns":3},{"damage":14,"enemies":"3 Sentries","floor":10,"turns":8},{"damage":0,"enemies":"Gremlin Nob","floor":14,"turns":2},{"damage":46,"enemies":"The Guardian","floor":16,"turns":7}],"seed_played":"-8024635459149156494","potions_obtained":[{"floor":6,"key":"AttackPotion"},{"floor":7,"key":"Poison Potion"},{"floor":8,"key":"Swift Potion"},{"floor":10,"key":"CunningPotion"},{"floor":14,"key":"ColorlessPotion"}],"is_trial":false,"path_per_floor":["M","?","?","M","M","E","M","E","T","E","R","?","R","E","R","B"],"character_chosen":"THE_SILENT","items_purchased":[],"campfire_rested":1,"item_purchase_floors":[],"current_hp_per_floor":[77,82,71,69,67,30,28,26,26,12,51,44,44,44,44,0,0],"gold":372,"neow_bonus":"TEN_PERCENT_HP_BONUS","is_daily":false,"chose_seed":false,"campfire_upgraded":2,"win_rate":0.0,"timestamp":1609803785,"path_taken":["M","?","?","M","M","E","M","E","T","E","R","?","R","E","R","BOSS"],"items_purchased_type":[],"build_version":"2020-12-22","purchased_purges":0,"victory":false,"max_hp_per_floor":[77,82,82,82,82,82,82,82,82,82,82,82,82,82,82,82,82],"card_choices":[{"not_picked":["Underhanded Strike","Dagger Spray"],"picked":"Poisoned Stab","floor":1},{"not_picked":["Prepared","Blur"],"picked":"Terror","floor":4},{"not_picked":["Accuracy","Deadly Poison"],"picked":"Quick Slash","floor":5},{"not_picked":["Deflect","Distraction"],"picked":"Unload","floor":6},{"not_picked":["Blur","Dagger Throw"],"picked":"Sucker Punch","floor":7},{"not_picked":["Calculated Gamble","Deadly Poison"],"picked":"Blade Dance","floor":8},{"not_picked":["Poisoned Stab","Acrobatics"],"picked":"Blade Dance","floor":10},{"not_picked":["Slice","PiercingWail"],"picked":"Riddle With Holes","floor":14}],"player_experience":71791,"relics_obtained":[{"floor":6,"key":"Calipers"},{"floor":8,"key":"Whetstone"},{"floor":9,"key":"Pen Nib"},{"floor":10,"key":"Regal Pillow"},{"floor":14,"key":"Blood Vial"}],"event_choices":[{"damage_healed":0,"gold_gain":0,"player_choice":"Donut","damage_taken":0,"max_hp_gain":5,"max_hp_loss":0,"event_name":"Big Fish","floor":2,"gold_loss":0},{"damage_healed":0,"gold_gain":75,"player_choice":"Gather Gold","damage_taken":11,"max_hp_gain":0,"max_hp_loss":0,"event_name":"World of Goop","floor":3,"gold_loss":0},{"damage_healed":0,"gold_gain":0,"player_choice":"Success","damage_taken":7,"relics_obtained":["Lantern"],"max_hp_gain":0,"max_hp_loss":0,"event_name":"Scrap Ooze","floor":12,"gold_loss":0}],"is_beta":false,"boss_relics":[],"items_purged_floors":[],"is_endless":false,"potions_floor_spawned":[6,7,8,10,14],"killed_by":"The Guardian","ascension_level":1}}