{"host":"usrgk25etjl0nf5i","time":1609739464,"event":{"mods":["2.2 Compatiblity","BaseMod","Downfall","Hubris","Minty Spire (QoL Compilation)","StSLib","SuperFastMode"],"gold_per_floor":[99,109,184,203,39,66,91,91,104,104,115,150,0,32,45,146,146,71,84,101,101,11,44,68,87,120,120,130,144,162,174,194,297,297,297,313,398,415,434,434,434,488,520,536,556,631,631,657,673,673,673,704,136,136,136],"floor_reached":56,"playtime":3786,"items_purged":["hexamod:Haunted","Guardian:Strike_Guardian","Guardian:Strike_Guardian"],"score":2067,"play_id":"78293d14-1944-44cd-ae2c-bda005169274","local_time":"20210103215104","is_ascension_mode":true,"campfire_choices":[{"floor":1,"key":"RECALL"},{"data":"1","floor":8,"key":"LIFT"},{"data":"Guardian:ConstructionForm","floor":13,"key":"SMITH"},{"data":"2","floor":18,"key":"LIFT"},{"data":"3","floor":35,"key":"LIFT"},{"data":"Guardian:MultiBeam","floor":40,"key":"SMITH"},{"data":"Guardian:ConstructionForm","floor":47,"key":"SMITH"},{"data":"Guardian:CompilePackage","floor":54,"key":"SMITH"}],"circlet_count":0,"master_deck":["AscendersBane","Guardian:Strike_Guardian","Guardian:Strike_Guardian","Guardian:Defend_Guardian","Guardian:Defend_Guardian","Guardian:Defend_Guardian","Guardian:Defend_Guardian","Guardian:CurlUp","Guardian:TwinSlam","Guardian:CompilePackage","Guardian:FierceBash","Guardian:BronzeOrb","Guardian:TemporalStrike","Guardian:ConstructionForm+1","Guardian:TimeCapacitor","Guardian:Planning","Guardian:CompilePackage+1","Guardian:ShieldCharger","Guardian:FastForward","Guardian:PrimingBeam+1","Guardian:PrimingBeam","Guardian:ConstructionForm+1","Guardian:ConstructionForm+1","Guardian:PolyBeam","Guardian:PrimingBeam","Guardian:Incinerate","Guardian:CrystalBeam","Guardian:Gem_Red","Guardian:Planning","Guardian:PrimingBeam","Guardian:MultiBeam+1","Guardian:ArmoredProtocol","Guardian:PrimingBeam","Guardian:EvasiveProtocol+1","Guardian:Gem_Purple","Guardian:PrismaticBeam","Guardian:PrimingBeam+1","Parasite","Guardian:Incinerate","Guardian:Gem_Orange","Guardian:FloatingOrbs","Guardian:Planning","Guardian:WalkerClaw"],"relics":["Guardian:ModeShifter","Chemical X","Girya","Strawberry","downfall:HeartBlessingRed","downfall:HeartBlessingGreen","Bag of Marbles","expansioncontent:StudyCardRelic","downfall:HeartBlessingBlue","Nunchaku","Tiny Chest","Guardian:SackOfGems","SacredBark","hubris:CrystalStatue","Lizard Tail","Blue Candle","Eternal Feather","hubris:FunFungus","Art of War","Lantern","TheAbacus"],"acts_visited":["Exordium","TheCity","TheBeyond","TheEnding"],"potions_floor_usage":[12,16,16,42,55,55],"damage_taken":[{"damage":0,"enemies":"Cultist","floor":2,"turns":4},{"damage":0,"enemies":"2 Louse","floor":4,"turns":3},{"damage":0,"enemies":"downfall:FleeingMerchant","floor":5,"turns":4},{"damage":6,"enemies":"Lagavulin","floor":6,"turns":8},{"damage":0,"enemies":"Small Slimes","floor":9,"turns":2},{"damage":1,"enemies":"Exordium Thugs","floor":11,"turns":3},{"damage":11,"enemies":"3 Sentries","floor":12,"turns":9},{"damage":8,"enemies":"Gremlin Nob","floor":14,"turns":6},{"damage":0,"enemies":"Blue Slaver","floor":15,"turns":2},{"damage":21,"enemies":"downfall:Silent","floor":16,"turns":7},{"damage":0,"enemies":"3 Byrds","floor":19,"turns":3},{"damage":0,"enemies":"Shell Parasite","floor":20,"turns":2},{"damage":0,"enemies":"downfall:FleeingMerchant","floor":22,"turns":4},{"damage":3,"enemies":"Book of Stabbing","floor":23,"turns":3},{"damage":0,"enemies":"Snecko","floor":25,"turns":4},{"damage":6,"enemies":"Gremlin Leader","floor":26,"turns":4},{"damage":6,"enemies":"Cultist and Chosen","floor":28,"turns":2},{"damage":6,"enemies":"Chosen and Byrds","floor":29,"turns":9},{"damage":0,"enemies":"Sentry and Sphere","floor":30,"turns":6},{"damage":12,"enemies":"Snecko","floor":31,"turns":3},{"damage":7,"enemies":"Shelled Parasite and Fungi","floor":32,"turns":3},{"damage":9,"enemies":"downfall:Watcher","floor":33,"turns":6},{"damage":10,"enemies":"Orb Walker","floor":36,"turns":3},{"damage":9,"enemies":"downfall:FleeingMerchant","floor":37,"turns":3},{"damage":4,"enemies":"3 Darklings","floor":38,"turns":3},{"damage":11,"enemies":"4 Shapes","floor":39,"turns":3},{"damage":9,"enemies":"2 Orb Walkers","floor":42,"turns":3},{"damage":0,"enemies":"Nemesis","floor":43,"turns":7},{"damage":0,"enemies":"Maw","floor":44,"turns":4},{"damage":0,"enemies":"Transient","floor":45,"turns":5},{"damage":0,"enemies":"Giant Head","floor":48,"turns":9},{"damage":0,"enemies":"Writhing Mass","floor":49,"turns":6},{"damage":15,"enemies":"downfall:Defect","floor":50,"turns":3},{"damage":0,"enemies":"downfall:CharBossMerchant","floor":52,"turns":8},{"damage":0,"enemies":"downfall:NeowBoss","floor":55,"turns":21}],"seed_played":"-7840941620036946511","potions_obtained":[{"floor":2,"key":"EssenceOfSteel"},{"floor":3,"key":"downfall:CursedFountainPotion"},{"floor":6,"key":"Regen Potion"},{"floor":15,"key":"Regen Potion"},{"floor":16,"key":"Strength Potion"},{"floor":23,"key":"BlessingOfTheForge"},{"floor":39,"key":"champ:CounterPotion"},{"floor":42,"key":"SkillPotion"}],"is_trial":false,"path_per_floor":["R","M","?","M","$","E","T","R","M","?","M","E","R","E","M","B",null,"R","M","M","?","$","E","T","M","E","?","M","M","M","M","M","B",null,"R","M","$","M","M","R","T","?","E","M","M","T","R","E","M","B",null,"E","$","R","B",null],"character_chosen":"GUARDIAN","items_purchased":["Chemical X","Guardian:MultiBeam","Guardian:ArmoredProtocol","Guardian:FloatingOrbs","Lantern","TheAbacus","Guardian:Planning","Guardian:WalkerClaw"],"campfire_rested":0,"item_purchase_floors":[5,37,37,53,53,53,53,53],"current_hp_per_floor":[72,72,72,72,72,66,66,66,66,48,47,51,51,43,43,37,75,85,85,85,85,85,82,82,82,76,76,70,64,64,52,45,36,82,82,72,63,59,48,48,48,39,39,39,39,39,63,63,70,55,87,97,97,97,97],"gold":136,"neow_bonus":"THREE_RARE_CARDS","is_daily":false,"chose_seed":false,"campfire_upgraded":4,"win_rate":0.0,"timestamp":1609739464,"path_taken":["R","M","?","M","$","E","T","R","?","?","M","E","R","E","M","BOSS","R","M","M","?","?","E","T","M","E","?","M","M","?","M","M","BOSS","R","M","$","M","M","R","T","?","E","M","M","?","R","E","M","BOSS","E","$","R","BOSS"],"items_purchased_type":["Relic","Card","Card","Card","Relic","Relic","Card","Card"],"build_version":"2020-12-22","purchased_purges":3,"victory":true,"max_hp_per_floor":[80,80,80,80,80,80,80,80,80,87,87,87,87,87,87,87,87,97,97,97,97,97,97,97,97,97,97,97,97,97,97,97,97,97,97,97,97,97,97,97,97,97,97,97,97,97,97,97,97,97,97,97,97,97,97],"card_choices":[{"not_picked":["Guardian:ExploitGems","Guardian:StasisEngine"],"picked":"Guardian:CompilePackage","floor":0},{"not_picked":["Guardian:PiercingHide","Guardian:Suspension"],"picked":"Guardian:Gem_Purple","floor":2},{"not_picked":["Guardian:ChargeCore","Guardian:TemporalShield"],"picked":"Guardian:Gem_Cyan","floor":4},{"not_picked":["Guardian:SentryBeam","Guardian:TimeBomb"],"picked":"Guardian:FierceBash","floor":5},{"not_picked":["Guardian:Gem_Green","Guardian:CrystalBeam"],"picked":"Guardian:BronzeOrb","floor":6},{"not_picked":["Guardian:Gem_Green","Guardian:Gem_Red"],"picked":"Guardian:Gem_Cyan","floor":9},{"not_picked":["Guardian:TemporalShield","Guardian:PrismaticBeam"],"picked":"Guardian:TemporalStrike","floor":11},{"not_picked":["Guardian:DecasProtection","Guardian:PolyBeam"],"picked":"Guardian:ConstructionForm","floor":12},{"not_picked":["Guardian:Repulse","Guardian:Incinerate","Guardian:Gem_Green"],"picked":"Guardian:TimeCapacitor","floor":14},{"not_picked":["Guardian:VentSteam","Guardian:GuardianWhirl","Guardian:CrystalBeam"],"picked":"Guardian:Planning","floor":15},{"not_picked":["Guardian:FastForward","Guardian:RevengeProtocol","Guardian:StasisEngine"],"picked":"Guardian:CompilePackage","floor":16},{"not_picked":["Guardian:ChargeCore","Guardian:WalkerClaw","Guardian:Gem_Lightblue"],"picked":"Guardian:Gem_Fragmented","floor":19},{"not_picked":["Guardian:TemporalShield","Guardian:Gem_Blue","Guardian:PiercingHide"],"picked":"Guardian:ShieldCharger","floor":20},{"not_picked":["Guardian:ChargeCore","Guardian:Reroute"],"picked":"Guardian:PrimingBeam+1","floor":22},{"not_picked":["Guardian:RefractedBeam","Guardian:SentryBeam"],"picked":"Guardian:PrimingBeam","floor":23},{"not_picked":["Guardian:GuardianWhirl","Guardian:Planning"],"picked":"Guardian:Gem_Red","floor":25},{"not_picked":["Guardian:Gem_White","Guardian:Repulse+1"],"picked":"Guardian:ConstructionForm","floor":26},{"not_picked":["Guardian:Gem_Red","Guardian:Planning"],"picked":"Guardian:PolyBeam","floor":28},{"not_picked":["Guardian:TimeBomb","Guardian:PiercingHide"],"picked":"Guardian:PrimingBeam","floor":29},{"not_picked":["Guardian:RollAttack","Guardian:PiercingHide+1"],"picked":"Guardian:Incinerate","floor":30},{"not_picked":["Guardian:ChargeCore","Guardian:Gem_Lightblue"],"picked":"Guardian:CrystalBeam","floor":31},{"not_picked":["Guardian:TemporalStrike","Guardian:Recover"],"picked":"Guardian:Gem_Red","floor":32},{"not_picked":["Guardian:SphericShield","Guardian:StasisEngine"],"picked":"Guardian:Gem_Orange","floor":33},{"not_picked":["Guardian:CrystalBeam","Guardian:FloatingOrbs"],"picked":"Guardian:Planning","floor":36},{"not_picked":["Guardian:Gem_Lightblue","Guardian:HyperBeam_Guardian"],"picked":"Guardian:PrimingBeam","floor":37},{"not_picked":["Guardian:Gem_Fragmented","Guardian:ChargeCore+1"],"picked":"Guardian:PrimingBeam","floor":38},{"not_picked":["Guardian:Gem_Cyan","Guardian:PiercingHide+1","Guardian:RollAttack"],"picked":"SKIP","floor":39},{"not_picked":["Guardian:Planning","Guardian:Gem_Yellow"],"picked":"Guardian:EvasiveProtocol+1","floor":42},{"not_picked":["Guardian:Gem_Synthetic","Guardian:Planning+1"],"picked":"Guardian:Gem_Purple","floor":43},{"not_picked":["Guardian:PrismaticBarrier","Guardian:ShieldCharger"],"picked":"Guardian:PrismaticBeam","floor":44},{"not_picked":["Guardian:Gem_Lightblue","Guardian:Recover+1"],"picked":"Guardian:PrimingBeam+1","floor":45},{"not_picked":["Guardian:Gem_Lightblue","Guardian:Recover"],"picked":"Guardian:Gem_Orange","floor":48},{"not_picked":["Guardian:PrismaticBarrier","Guardian:Gem_White"],"picked":"Guardian:Incinerate","floor":49},{"not_picked":["Guardian:Planning","Guardian:BronzeOrb"],"picked":"Guardian:Gem_Orange","floor":52}],"player_experience":622571,"relics_obtained":[{"floor":6,"key":"Girya"},{"floor":12,"key":"Question Card"},{"floor":14,"key":"Bag of Marbles"},{"floor":23,"key":"Nunchaku"},{"floor":24,"key":"Tiny Chest"},{"floor":26,"key":"Guardian:SackOfGems"},{"floor":41,"key":"hubris:CrystalStatue"},{"floor":42,"key":"Lizard Tail"},{"floor":43,"key":"Blue Candle"},{"floor":46,"key":"Eternal Feather"},{"floor":48,"key":"hubris:FunFungus"},{"floor":52,"key":"Art of War"}],"event_choices":[{"damage_healed":0,"gold_gain":0,"player_choice":"Success","damage_taken":25,"relics_obtained":["Strawberry"],"max_hp_gain":0,"max_hp_loss":0,"event_name":"Scrap Ooze","floor":10,"gold_loss":0},{"damage_healed":0,"gold_gain":0,"player_choice":"Copied","damage_taken":0,"max_hp_gain":0,"max_hp_loss":0,"event_name":"Duplicator","floor":27,"gold_loss":0,"cards_obtained":["Guardian:ConstructionForm"]},{"damage_healed":0,"gold_gain":0,"player_choice":"Fight","damage_taken":0,"max_hp_gain":0,"max_hp_loss":0,"event_name":"Mysterious Sphere","floor":42,"gold_loss":0}],"is_beta":false,"boss_relics":[{"not_picked":["hubris:HollowSoul","Guardian:StasisSlotReductionRelic"],"picked":"expansioncontent:StudyCardRelic"},{"not_picked":["hubris:ScarierMask","Tiny House"],"picked":"SacredBark"}],"items_purged_floors":[22,37,53],"is_endless":false,"potions_floor_spawned":[2,4,6,15,16,23,26,29,30,31,32,33,38,39,42,44,48],"ascension_level":12}}