{"host":"ewfe3cr33ktd9xzj","time":1609744679,"event":{"mods":["AchievementEnabler","BaseMod","Colored Map","Custom Start","DeckTracker","Minty Spire (QoL Compilation)","Rare Cards Sparkle","StSLib","everything is the same but u backflip on backflip"],"gold_per_floor":[113,133,133,133,157,196,215,215,261,304,324,324,355,111,120,220,220,241,141,141,16,28,28,44,44,68,91,100,121,121,132,132,214,214,232,122,134,150,150,150,150],"floor_reached":40,"playtime":1107,"items_purged":["Strike_P","Strike_P","Strike_P"],"score":966,"play_id":"b254fff9-800b-4a76-a884-ffb379b7dab9","local_time":"20210104161759","is_ascension_mode":true,"campfire_choices":[{"data":"Blasphemy","floor":8.0,"key":"SMITH"},{"floor":12.0,"key":"REST"},{"floor":15.0,"key":"REST"},{"data":"Adaptation","floor":23.0,"key":"SMITH"},{"data":"Vault","floor":30.0,"key":"SMITH"},{"data":"MentalFortress","floor":32.0,"key":"SMITH"}],"circlet_count":0,"master_deck":["AscendersBane","Defend_P","Defend_P","Defend_P+1","Defend_P","Eruption+1","Vigilance+1","Tantrum","CrushJoints","Blasphemy+1","WheelKick","FlurryOfBlows","Adaptation+1","ReachHeaven","Vault+1","MentalFortress+1","SpiritShield","InnerPeace","Establishment"],"relics":["PureWater","Bloody Idol","Pantograph","Dream Catcher","War Paint","CeramicFish","Sling","Runic Pyramid","Boot","Cursed Key"],"acts_visited":["TheCity","TheBeyond"],"potions_floor_usage":[],"damage_taken":[{"damage":8.0,"enemies":"Small Slimes","floor":1.0,"turns":4.0},{"damage":2.0,"enemies":"Jaw Worm","floor":2.0,"turns":2.0},{"damage":0.0,"enemies":"2 Louse","floor":5.0,"turns":2.0},{"damage":32.0,"enemies":"3 Sentries","floor":6.0,"turns":6.0},{"damage":4.0,"enemies":"Red Slaver","floor":7.0,"turns":2.0},{"damage":0.0,"enemies":"Lagavulin","floor":10.0,"turns":3.0},{"damage":3.0,"enemies":"Looter","floor":11.0,"turns":2.0},{"damage":14.0,"enemies":"Gremlin Nob","floor":13.0,"turns":3.0},{"damage":49.0,"enemies":"The Guardian","floor":16.0,"turns":6.0},{"damage":0.0,"enemies":"Chosen","floor":18.0,"turns":3.0},{"damage":2.0,"enemies":"2 Thieves","floor":22.0,"turns":2.0},{"damage":28.0,"enemies":"Snake Plant","floor":24.0,"turns":3.0},{"damage":0.0,"enemies":"3 Cultists","floor":27.0,"turns":3.0},{"damage":0.0,"enemies":"Snecko","floor":29.0,"turns":2.0},{"damage":18.0,"enemies":"Centurion and Healer","floor":31.0,"turns":3.0},{"damage":0.0,"enemies":"Automaton","floor":33.0,"turns":7.0},{"damage":4.0,"enemies":"Orb Walker","floor":35.0,"turns":2.0},{"damage":17.0,"enemies":"3 Shapes","floor":37.0,"turns":3.0},{"damage":20.0,"enemies":"Sphere and 2 Shapes","floor":38.0,"turns":5.0},{"damage":64,"enemies":"Nemesis","floor":40,"turns":3}],"seed_played":"6821743295234090001","potions_obtained":[{"floor":1.0,"key":"Ancient Potion"},{"floor":5.0,"key":"Ancient Potion"},{"floor":7.0,"key":"Explosive Potion"},{"floor":10.0,"key":"Fire Potion"},{"floor":13.0,"key":"BottledMiracle"},{"floor":22.0,"key":"SkillPotion"},{"floor":24.0,"key":"EntropicBrew"},{"floor":38.0,"key":"LiquidBronze"}],"is_trial":false,"path_per_floor":["M","M","?","?","M","E","M","R","T","E","M","R","E","$","R","B",null,"M","$","?","$","M","R","M","?","T","M","?","M","R","M","R","B",null,"M","?","M","M","?","E"],"character_chosen":"WATCHER","items_purchased":["Sling"],"campfire_rested":2,"item_purchase_floors":[14],"current_hp_per_floor":[53,51,51,51,51,19,15,15,15,15,12,30,16,16,34,10,49,49,49,49,49,57,57,34,34,39,49,54,62,62,49,49,62,62,62,62,50,35,35,0,0],"gold":150,"neow_bonus":"THREE_CARDS","is_daily":false,"chose_seed":false,"campfire_upgraded":4,"win_rate":0.0,"timestamp":1609744679,"path_taken":["M","M","?","?","M","E","M","R","T","E","M","R","E","$","R","BOSS","M","$","?","$","M","R","M","?","T","M","?","?","R","M","R","BOSS","M","?","?","?","?","E"],"items_purchased_type":["Relic"],"build_version":"2020-12-22","purchased_purges":3,"victory":false,"max_hp_per_floor":[68,68,62,62,62,62,62,62,62,62,62,62,62,62,62,62,62,62,62,62,62,62,62,62,62,62,62,62,62,62,62,62,62,62,62,62,62,62,59,59,59],"card_choices":[{"not_picked":["Indignation","Evaluate"],"picked":"Tantrum","floor":0.0},{"not_picked":["CutThroughFate","JustLucky"],"picked":"CrushJoints","floor":1.0},{"not_picked":["Evaluate","Crescendo"],"picked":"Conclude","floor":2.0},{"not_picked":["EmptyBody","Halt"],"picked":"WheelKick","floor":5.0},{"not_picked":["Tantrum","ReachHeaven"],"picked":"FlurryOfBlows","floor":6.0},{"not_picked":["Conclude","ThirdEye","Halt"],"picked":"SKIP","floor":7.0},{"not_picked":["Wallop","Halt","ClearTheMind"],"picked":"SKIP","floor":10.0},{"not_picked":["ThirdEye","Halt","Perseverance"],"picked":"SKIP","floor":11.0},{"not_picked":["ThirdEye","Perseverance"],"picked":"Adaptation","floor":12.0},{"not_picked":["DevaForm","FlurryOfBlows","Conclude"],"picked":"SKIP","floor":13.0},{"not_picked":["Halt","EmptyBody"],"picked":"ReachHeaven","floor":15.0},{"not_picked":["Establishment","SpiritShield"],"picked":"Vault","floor":16.0},{"not_picked":["ThirdEye+1","Consecrate","FlurryOfBlows"],"picked":"SKIP","floor":18.0},{"not_picked":["Sanctity","Swivel","FollowUp"],"picked":"SKIP","floor":22.0},{"not_picked":["EmptyFist","CrushJoints+1","ReachHeaven"],"picked":"SKIP","floor":24.0},{"not_picked":["Swivel","SashWhip"],"picked":"MentalFortress","floor":27.0},{"not_picked":["FlurryOfBlows","CrushJoints"],"picked":"InnerPeace","floor":29.0},{"not_picked":["FlyingSleeves","Crescendo","FlurryOfBlows"],"picked":"SKIP","floor":31.0},{"not_picked":["DevaForm","Omniscience"],"picked":"Establishment","floor":33.0},{"not_picked":["Weave","PathToVictory","Protect"],"picked":"SKIP","floor":35.0},{"not_picked":["CutThroughFate","Consecrate+1","Indignation"],"picked":"SKIP","floor":37.0},{"not_picked":["Evaluate+1","Halt","CutThroughFate"],"picked":"SKIP","floor":38.0}],"player_experience":4343,"relics_obtained":[{"floor":6.0,"key":"Pantograph"},{"floor":9.0,"key":"Dream Catcher"},{"floor":10.0,"key":"War Paint"},{"floor":13.0,"key":"CeramicFish"},{"floor":26.0,"key":"Boot"}],"event_choices":[{"damage_healed":0.0,"max_hp_gain":0.0,"max_hp_loss":6.0,"gold_gain":0.0,"event_name":"Golden Idol","player_choice":"Lose Max HP","floor":3.0,"gold_loss":0.0,"damage_taken":0.0,"relics_obtained":["Golden Idol"]},{"damage_healed":0.0,"max_hp_gain":0.0,"max_hp_loss":0.0,"gold_gain":0.0,"cards_transformed":["Conclude"],"event_name":"Living Wall","player_choice":"Change","floor":4.0,"gold_loss":0.0,"damage_taken":0.0,"cards_obtained":["Blasphemy"]},{"damage_healed":0.0,"max_hp_gain":0.0,"max_hp_loss":0.0,"gold_gain":0.0,"event_name":"Forgotten Altar","player_choice":"Gave Idol","floor":20.0,"relics_lost":["Golden Idol"],"gold_loss":0.0,"damage_taken":0.0,"relics_obtained":["Bloody Idol"]},{"damage_healed":0.0,"max_hp_gain":0.0,"max_hp_loss":0.0,"gold_gain":0.0,"event_name":"The Mausoleum","player_choice":"Ignored","floor":25.0,"gold_loss":0.0,"damage_taken":0.0},{"damage_healed":0.0,"max_hp_gain":0.0,"max_hp_loss":0.0,"gold_gain":0.0,"event_name":"Match and Keep!","player_choice":"1 cards matched","floor":28.0,"gold_loss":0.0,"damage_taken":0.0,"cards_obtained":["SpiritShield"]},{"cards_removed":["Strike_P"],"damage_healed":0.0,"max_hp_gain":0.0,"max_hp_loss":0.0,"gold_gain":0.0,"event_name":"Designer","player_choice":"Upgrade and Remove","floor":36.0,"gold_loss":110.0,"damage_taken":0.0,"cards_upgraded":["Eruption"]},{"damage_healed":0,"gold_gain":0,"player_choice":"Max HP","damage_taken":0,"max_hp_gain":0,"max_hp_loss":3,"event_name":"Winding Halls","floor":39,"gold_loss":0}],"is_beta":false,"boss_relics":[{"not_picked":["Busted Crown","Runic Dome"],"picked":"Runic Pyramid"},{"not_picked":["Calling Bell","Snecko Eye"],"picked":"Cursed Key"}],"items_purged_floors":[14,19,21],"is_endless":false,"potions_floor_spawned":[1,5,7,10,13,22,24,29,38],"killed_by":"Nemesis","ascension_level":20}}