{"host":"0azimyi6n3ugndj4","time":1609792764,"event":{"mods":["2.2 Compatiblity","BaseMod","Bestiary","Conspire","Curses Come First","Defuse TimeMaze Blight","Hermit","Hubris","Hyrulean Relics","Infinite Spire","Jorbs\u0027s Wanderer Trilogy","Minty Spire (QoL Compilation)","Relic Stats","Replay The Spire","StSLib","SuperFastMode","The Cursed","The Hierophant","Uncapped","¡¼?Úª?ø«¡½REMEMod"],"gold_per_floor":[161,161,161,202,202,202,243,335,388,64,147,16,16,16,16,16,16,249,249,302,380,380,380,406,406,406,498,523,438,271,360,360,360,360,587,587,637,747,812,812,812],"floor_reached":40,"playtime":691,"items_purged":[],"score":1223,"play_id":"42dfb751-9562-4da8-8fc8-f3087ed6901b","local_time":"20210105053924","daily_mods":["SealedDeck","Hoarder","Insanity","Chimera","Specialized","Vintage","ControlledChaos","Allstar","Diverse","Colorless Cards","Heirloom","Time Dilation","Flight","Elite Swarm","Lethality","Midas","Binary"],"is_ascension_mode":true,"campfire_choices":[{"floor":6,"key":"REST"},{"floor":17,"key":"REST"},{"floor":25,"key":"REST"}],"circlet_count":0,"master_deck":["Wraith Form v2","Echo Form","DevaForm","stsjorbsmod:ArcaneForm","stsjorbsmod:WastingForm","AscendersBane","hubris:Hubris","Bash","Survivor","Zap","Strike_R","Strike_G","Strike_B","Defend_R","Defend_G","Defend_P","Replay:Bootleg Shield Generator","Anger","hermit:BigShot","TheCursedMod:HellsGateOpen","Replay:BluntJabs","Dual Wield","Leg Sweep","hierophant:Encroach","hierophant:Patience","TheCursedMod:TacticalStrike","stsjorbsmod:FlameWard","FlurryOfBlows","hierophant:Doubloon","FlurryOfBlows","Anger","Concentrate","hierophant:SealAway","stsjorbsmod:BurningFlask","Leap","Defragment","ReplayTheSpireMod:Reroute Power","EmptyBody","Specialist","Protect","TheCursedMod:SoulCrush","Melter","PiercingWail","Replay:AtTheReady","stsjorbsmod:Inferno","Lockon","stsjorbsmod:DoubleCheck","stsjorbsmod:WeightOfMemory","Shrug It Off","FlyingSleeves","Sweeping Beam","Dropkick","WreathOfFlame","Well Laid Plans","Warcry","Stack","Steam+1","Defy Death","hermit:Roulette","TheCursedMod:Torture","hermit:ItchyTrigger","Protect","stsjorbsmod:ChatteringStrike","hermit:Quickdraw","InnerPeace","Clash","Combust","Combust","Combust","Combust","Combust","Combust","Combust","Combust","Combust","Combust","Combust","Combust","Combust","Combust","hierophant:Prophecy","hierophant:Prophecy","hierophant:Prophecy","hermit:Spite","hermit:Spite","hermit:Spite","Flash of Steel","Flash of Steel","Flash of Steel","FollowUp","FollowUp","FollowUp","Replay:BluntJabs","Replay:BluntJabs","Replay:BluntJabs","DeceiveReality","DeceiveReality","DeceiveReality","stsjorbsmod:RayOfFrost","stsjorbsmod:RayOfFrost","stsjorbsmod:RayOfFrost","TheCursedMod:Wield","TheCursedMod:Wield","TheCursedMod:Wield","stsjorbsmod:ParryingBlow","stsjorbsmod:ParryingBlow","stsjorbsmod:ParryingBlow","WheelKick","WheelKick","WheelKick","conspire:PoisonWeapons","conspire:PoisonWeapons","conspire:PoisonWeapons+1","hermit:Deadeye","hermit:Deadeye","hermit:Deadeye","Violence","Violence","Violence","ReplayTheSpireMod:Restless Dread","ReplayTheSpireMod:Restless Dread","ReplayTheSpireMod:Restless Dread","Warcry+1","Warcry+1","Warcry+1","ReplayTheSpireMod:Necrogeddon+1","ReplayTheSpireMod:Necrogeddon+1","ReplayTheSpireMod:Necrogeddon+1","TheCursedMod:AntiAging+1","TheCursedMod:AntiAging+1","TheCursedMod:AntiAging+1","Alpha+1","Alpha+1","Alpha+1","REME_BuildACard+1","REME_BuildACard+1","REME_BuildACard+1","ReplayTheSpireMod:Repulse","ReplayTheSpireMod:Repulse","ReplayTheSpireMod:Repulse"],"relics":["War Paint","hubris:FunFungus","Magic Flower","ChewingGum","SacredBark","Mercury Hourglass","ReplayTheSpireMod:Ring of Addiction","Tough Bandages","hubris:BlackHole","infinitespire:Chaos","Tiny Chest","Toy Ornithopter","White Beast Statue","zeldaRelics:CourageTriforce","ReplayTheSpireMod:CursedCoin","Golden Egg","SlaversCollar","hermit:RedScarf","Replay:Blank Codex","MealTicket","zeldaRelics:WisdomTriforce","Chameleon Ring","Chemical X","hubris:Icosahedron","zeldaRelics:PowerPiece","zeldaRelics:HylianShield","Happy Flower","CeramicFish","The Courier"],"acts_visited":["Exordium","TheCity","TheBeyond"],"potions_floor_usage":[18,20,24,27,31,35],"damage_taken":[{"damage":12,"enemies":"2 Louse","floor":1,"turns":2},{"damage":0,"enemies":"Small Slimes","floor":4,"turns":1},{"damage":0,"enemies":"Cultist","floor":7,"turns":1},{"damage":44,"enemies":"3 Sentries","floor":8,"turns":5},{"damage":0,"enemies":"Lagavulin","floor":11,"turns":2},{"damage":31,"enemies":"The Guardian","floor":18,"turns":7},{"damage":1,"enemies":"Spheric Guardian","floor":20,"turns":1},{"damage":0,"enemies":"2 Thieves","floor":24,"turns":1},{"damage":34,"enemies":"Book of Stabbing","floor":27,"turns":4},{"damage":21,"enemies":"Nightmare","floor":31,"turns":4},{"damage":6,"enemies":"Champ","floor":35,"turns":8},{"damage":29,"enemies":"3 Darklings","floor":37,"turns":4},{"damage":44,"enemies":"conspire:MimicChest","floor":38,"turns":7},{"damage":24,"enemies":"Orb Walker","floor":39,"turns":4},{"damage":52,"enemies":"infinitespire:Three Voidlings","floor":40,"turns":3}],"seed_played":"-3419278986601367485","potions_obtained":[{"floor":1,"key":"Block Potion"},{"floor":4,"key":"Toxic Potion"},{"floor":10,"key":"DistilledChaos"},{"floor":18,"key":"BlessingOfTheForge"},{"floor":20,"key":"Energy Potion"},{"floor":24,"key":"Energy Potion"},{"floor":27,"key":"hermit:Tonic"},{"floor":34,"key":"LifebloodPotion"},{"floor":35,"key":"SmokeBomb"}],"is_trial":true,"path_per_floor":["M","?","?","M","?","R","M","E","T","$","E","$","?","$","PTL","PTL","R","B",null,"M","T","?","?","M","R","T","E","T","?","$","NM","?","T","R","B",null,"M","?","M","?"],"character_chosen":"HERMIT","items_purchased":["infinitespire:Chaos","Tiny Chest","ReplayTheSpireMod:CursedCoin","Golden Egg","Chemical X"],"campfire_rested":3,"item_purchase_floors":[10,10,12,12,30],"current_hp_per_floor":[52,48,48,48,81,81,81,37,37,37,43,43,43,43,43,43,66,73,76,76,76,55,55,63,75,75,64,64,64,75,69,69,69,69,70,71,55,38,42,0,0],"gold":812,"neow_bonus":"","is_daily":false,"chose_seed":false,"campfire_upgraded":0,"win_rate":0.0,"timestamp":1609792764,"path_taken":["M","?","?","?","?","R","?","E","T","$","E","?","?","?","PTL","PTL","R","BOSS","M","?","?","?","?","R","?","E","T","?","?","NM","?","?","R","BOSS","M","?","?","?"],"items_purchased_type":["Relic","Relic","Relic","Relic","Relic"],"build_version":"2020-12-22","purchased_purges":0,"victory":false,"max_hp_per_floor":[71,71,71,71,81,81,81,81,81,81,81,81,81,79,79,79,77,77,77,77,77,77,77,75,75,75,75,75,75,75,73,73,73,73,71,71,71,71,69,69,69],"relic_stats":{"Tough Bandages":[246],"Happy Flower":[4],"counters":[15,54],"CeramicFish":9,"Magic Flower":[53],"Tiny Chest":3,"MealTicket":11,"Chemical X":[7],"War Paint":["Steam","conspire:PoisonWeapons"],"obtain_stats":[{"Golden Egg":12,"SacredBark":10,"CeramicFish":38,"Magic Flower":10,"Boot":7,"zeldaRelics:WisdomTriforce":31,"hubris:BlackHole":10,"Frozen Eye":0,"Tough Bandages":10,"Chameleon Ring":29,"hubris:Icosahedron":32,"infinitespire:Golems Mask":0,"Tiny Chest":10,"MealTicket":24,"hubris:FunFungus":10,"zeldaRelics:CouragePiece":8,"hermit:RedScarf":20,"Chemical X":30,"infinitespire:Chaos":10,"zeldaRelics:PowerPiece":33,"Replay:Blank Codex":22,"zeldaRelics:WisdomPiece":27,"Happy Flower":37,"ReplayTheSpireMod:CursedCoin":12,"ReplayTheSpireMod:Ring of Addiction":10,"infinitespire:EmptyRelic":10,"The Courier":39,"War Paint":10,"White Beast Statue":10,"zeldaRelics:CourageTriforce":26,"Mercury Hourglass":10,"SlaversCollar":19,"Busted Crown":0,"ChewingGum":10,"REME_HandOfSuture":1,"hermit:Momento":0,"infinitespire:PuzzleCube":4,"Toy Ornithopter":10,"REME_ComplimentaryCards":0,"zeldaRelics:HylianShield":36},{"Golden Egg":5,"SacredBark":4,"CeramicFish":13,"Magic Flower":4,"Boot":3,"zeldaRelics:WisdomTriforce":10,"hubris:BlackHole":4,"Frozen Eye":0,"Tough Bandages":4,"Chameleon Ring":9,"hubris:Icosahedron":10,"infinitespire:Golems Mask":0,"Tiny Chest":4,"MealTicket":8,"hubris:FunFungus":4,"zeldaRelics:CouragePiece":4,"hermit:RedScarf":7,"Chemical X":9,"infinitespire:Chaos":4,"zeldaRelics:PowerPiece":10,"Replay:Blank Codex":7,"zeldaRelics:WisdomPiece":9,"Happy Flower":12,"ReplayTheSpireMod:CursedCoin":5,"ReplayTheSpireMod:Ring of Addiction":4,"infinitespire:EmptyRelic":4,"The Courier":14,"War Paint":4,"White Beast Statue":4,"zeldaRelics:CourageTriforce":8,"Mercury Hourglass":4,"SlaversCollar":6,"Busted Crown":0,"ChewingGum":4,"REME_HandOfSuture":1,"hermit:Momento":0,"infinitespire:PuzzleCube":2,"Toy Ornithopter":4,"REME_ComplimentaryCards":0,"zeldaRelics:HylianShield":11},{"Golden Egg":11,"SacredBark":9,"CeramicFish":47,"Magic Flower":9,"Boot":4,"zeldaRelics:WisdomTriforce":28,"hubris:BlackHole":9,"Frozen Eye":0,"Tough Bandages":9,"Chameleon Ring":24,"hubris:Icosahedron":28,"infinitespire:Golems Mask":0,"Tiny Chest":9,"MealTicket":20,"hubris:FunFungus":9,"zeldaRelics:CouragePiece":9,"hermit:RedScarf":19,"Chemical X":24,"infinitespire:Chaos":9,"zeldaRelics:PowerPiece":28,"Replay:Blank Codex":19,"zeldaRelics:WisdomPiece":24,"Happy Flower":40,"ReplayTheSpireMod:CursedCoin":11,"ReplayTheSpireMod:Ring of Addiction":9,"infinitespire:EmptyRelic":9,"The Courier":51,"War Paint":9,"White Beast Statue":9,"zeldaRelics:CourageTriforce":20,"Mercury Hourglass":9,"SlaversCollar":18,"Busted Crown":0,"ChewingGum":9,"REME_HandOfSuture":2,"hermit:Momento":0,"infinitespire:PuzzleCube":3,"Toy Ornithopter":9,"REME_ComplimentaryCards":0,"zeldaRelics:HylianShield":36}],"Toy Ornithopter":35,"Mercury Hourglass":[134]},"card_choices":[{"not_picked":["hierophant:DivineIntervention"],"picked":"Violence","floor":11},{"not_picked":["Thunder Strike"],"picked":"ReplayTheSpireMod:Necrogeddon","floor":18},{"not_picked":["Hyperbeam"],"picked":"TheCursedMod:AntiAging","floor":27},{"not_picked":["The Bomb"],"picked":"Alpha","floor":31},{"not_picked":["hermit:Reprieve"],"picked":"REME_BuildACard","floor":35},{"not_picked":["PathToVictory"],"picked":"ReplayTheSpireMod:Repulse","floor":38}],"player_experience":1527614,"relics_obtained":[{"floor":1,"key":"REME_HandOfSuture"},{"floor":4,"key":"infinitespire:PuzzleCube"},{"floor":7,"key":"Boot"},{"floor":8,"key":"zeldaRelics:CouragePiece"},{"floor":9,"key":"zeldaRelics:CouragePiece"},{"floor":10,"key":"Toy Ornithopter"},{"floor":10,"key":"White Beast Statue"},{"floor":11,"key":"zeldaRelics:CouragePiece"},{"floor":20,"key":"hermit:RedScarf"},{"floor":21,"key":"zeldaRelics:CouragePiece"},{"floor":22,"key":"Replay:Blank Codex"},{"floor":24,"key":"MealTicket"},{"floor":26,"key":"zeldaRelics:CouragePiece"},{"floor":27,"key":"zeldaRelics:WisdomPiece"},{"floor":28,"key":"zeldaRelics:WisdomPiece"},{"floor":31,"key":"zeldaRelics:WisdomPiece"},{"floor":33,"key":"zeldaRelics:PowerPiece"},{"floor":37,"key":"Happy Flower"},{"floor":38,"key":"CeramicFish"},{"floor":39,"key":"The Courier"}],"event_choices":[{"damage_healed":0,"gold_gain":0,"player_choice":"Leave","damage_taken":0,"max_hp_gain":0,"max_hp_loss":0,"event_name":"conspire:Investor","floor":2,"gold_loss":0},{"damage_healed":0,"gold_gain":0,"cards_transformed":["Eruption"],"player_choice":"Transformed","damage_taken":0,"max_hp_gain":0,"max_hp_loss":0,"event_name":"Transmorgrifier","floor":3,"gold_loss":0,"cards_obtained":["hermit:Deadeye"]},{"cards_removed":["Demon Form"],"damage_healed":23,"gold_gain":0,"player_choice":"Offered Rare","damage_taken":0,"max_hp_gain":10,"max_hp_loss":0,"event_name":"Bonfire Elementals","floor":5,"gold_loss":0},{"damage_healed":0,"gold_gain":0,"player_choice":"Obtained Book","damage_taken":21,"max_hp_gain":0,"max_hp_loss":0,"event_name":"Cursed Tome","floor":22,"gold_loss":0},{"damage_healed":0,"gold_gain":0,"player_choice":"Ignored","damage_taken":0,"max_hp_gain":0,"max_hp_loss":0,"event_name":"Ghosts","floor":23,"gold_loss":0},{"damage_healed":0,"gold_gain":0,"player_choice":"Obtained Relic","damage_taken":0,"relics_obtained":["Chameleon Ring"],"max_hp_gain":0,"max_hp_loss":0,"event_name":"Addict","floor":29,"gold_loss":85}],"is_beta":false,"boss_relics":[{"not_picked":["conspire:SlowCooker","Ectoplasm"],"picked":"SlaversCollar"},{"not_picked":["Replay:Wanted Poster","Snecko Eye"],"picked":"zeldaRelics:HylianShield"}],"items_purged_floors":[],"is_endless":true,"potions_floor_spawned":[1,4,8,11,18,20,24,27,35,37,38,39],"killed_by":"infinitespire:Three Voidlings","ascension_level":20}}