{"host":"etr9f2q07ig588e0","time":1609771900,"event":{"mods":["BaseMod","Downfall","Googly Eyes","Hubris","Minty Spire (QoL Compilation)","Replay The Spire","StSLib","SuperFastMode"],"gold_per_floor":[111,111,111,34,34,34,65,65,65,82,116,130,150,169,169,266,266,266,266,266,266,266,266,266,266,266,266,266,266],"floor_reached":28,"playtime":823,"items_purged":[],"score":360,"play_id":"40b337c5-21d6-46ab-af60-595b1221f010","local_time":"20210104175140","is_ascension_mode":true,"campfire_choices":[{"floor":6,"key":"REST"},{"data":"Zap","floor":8,"key":"SMITH"},{"floor":15,"key":"REST"}],"circlet_count":0,"master_deck":["Zap+1","Dualcast","Ball Lightning","hubris:DoWhile+1","Static Discharge","Loop","Redo","Conserve Battery","Undo","Leap","Stack","Core Surge","Mirror Shield","Ball Lightning","ReplayTheSpireMod:Omega Cannon","Aggregate","Loop","FIFO Queue","Double Energy","Skim+1","Conserve Battery","Coolheaded","Sweeping Beam","Blizzard","Darkness"],"relics":["Cracked Core","NeowsBlessing","hubris:ToyBattleship","StrikeDummy","Meat on the Bone","Durian","Replay:Grab Bag","Busted Crown","Ectoplasm","Pandora\u0027s Box","Solar Panel","Bottled Flame"],"acts_visited":["Exordium","TheCity"],"potions_floor_usage":[25,25,28,28],"damage_taken":[{"damage":0,"enemies":"2 Louse","floor":1,"turns":1},{"damage":0,"enemies":"Gremlin Nob","floor":7,"turns":1},{"damage":0,"enemies":"Small Slimes","floor":10,"turns":1},{"damage":35,"enemies":"Lagavulin","floor":11,"turns":5},{"damage":7,"enemies":"Jaw Worm","floor":12,"turns":2},{"damage":0,"enemies":"Large Slime","floor":13,"turns":4},{"damage":0,"enemies":"Looter","floor":14,"turns":3},{"damage":64,"enemies":"Fading Forest","floor":16,"turns":11},{"damage":8,"enemies":"Shell Parasite","floor":18,"turns":4},{"damage":0,"enemies":"Spheric Guardian","floor":21,"turns":3},{"damage":27,"enemies":"Slavers","floor":23,"turns":4},{"damage":12,"enemies":"Chosen and Byrds","floor":24,"turns":3},{"damage":0,"enemies":"Snake Plant","floor":25,"turns":1},{"damage":34,"enemies":"Snecko","floor":27,"turns":6},{"damage":40,"enemies":"Gremlin Leader","floor":28,"turns":5}],"seed_played":"8953047164627397761","potions_obtained":[{"floor":1,"key":"FearPotion"},{"floor":10,"key":"SmokeBomb"},{"floor":14,"key":"GamblersBrew"},{"floor":16,"key":"Toxic Potion"},{"floor":21,"key":"Weak Potion"},{"floor":27,"key":"sneckomod:MuddlingPotion"}],"is_trial":false,"path_per_floor":["M","?","?","$","?","R","E","R","T","M","E","M","M","M","R","B",null,"M","?","?","M","?","E","M","M","T","M","E"],"character_chosen":"DEFECT","items_purchased":["Static Discharge"],"campfire_rested":2,"item_purchase_floors":[4],"current_hp_per_floor":[75,75,50,50,50,72,72,72,72,72,54,47,47,47,71,27,80,72,72,72,72,72,45,47,49,49,39,0,0],"gold":266,"neow_bonus":"THREE_ENEMY_KILL","is_daily":false,"chose_seed":false,"campfire_upgraded":1,"win_rate":0.0,"timestamp":1609771900,"path_taken":["M","?","?","$","?","R","E","R","T","?","E","M","M","M","R","BOSS","M","?","?","?","?","E","M","M","T","M","E"],"items_purchased_type":["Card"],"build_version":"2020-12-22","purchased_purges":0,"victory":false,"max_hp_per_floor":[75,75,75,75,75,75,75,75,75,75,80,80,80,80,80,80,80,80,80,80,80,80,80,80,80,80,80,80,80],"card_choices":[{"not_picked":["Self Repair","White Noise"],"picked":"Ball Lightning","floor":1},{"not_picked":["Chaos","Compile Driver"],"picked":"Loop","floor":7},{"not_picked":["Genetic Algorithm","Rebound"],"picked":"Redo","floor":10},{"not_picked":["Lockon","Compile Driver"],"picked":"Conserve Battery","floor":11},{"not_picked":["White Noise","Hologram"],"picked":"Undo","floor":12},{"not_picked":["Rebound","Crystallizer"],"picked":"Leap","floor":13},{"not_picked":["All For One","BasicCrystalCard"],"picked":"Stack","floor":14},{"not_picked":["hubris:Prefetch","Mirror Shield"],"picked":"Core Surge","floor":16},{"not_picked":[],"picked":"Skim+1","floor":18},{"not_picked":[],"picked":"Coolheaded","floor":21},{"not_picked":[],"picked":"Sweeping Beam","floor":23},{"not_picked":[],"picked":"Blizzard","floor":24},{"not_picked":[],"picked":"Darkness","floor":27}],"player_experience":495244,"relics_obtained":[{"floor":7,"key":"StrikeDummy"},{"floor":9,"key":"Meat on the Bone"},{"floor":11,"key":"Durian"},{"floor":23,"key":"Solar Panel"},{"floor":26,"key":"Bottled Flame"}],"event_choices":[{"damage_healed":0,"gold_gain":0,"player_choice":"Success","damage_taken":25,"relics_obtained":["hubris:ToyBattleship"],"max_hp_gain":0,"max_hp_loss":0,"event_name":"Scrap Ooze","floor":3,"gold_loss":0},{"damage_healed":0,"gold_gain":0,"player_choice":"Ignored","damage_taken":0,"max_hp_gain":0,"max_hp_loss":0,"event_name":"Shining Light","floor":5,"gold_loss":0},{"damage_healed":0,"gold_gain":0,"player_choice":"Read","damage_taken":0,"max_hp_gain":0,"max_hp_loss":0,"event_name":"The Library","floor":20,"gold_loss":0,"cards_obtained":["Conserve Battery"]},{"damage_healed":0,"gold_gain":99,"player_choice":"Stole From Cult","damage_taken":0,"max_hp_gain":0,"max_hp_loss":0,"event_name":"Nest","floor":22,"gold_loss":0}],"is_beta":false,"boss_relics":[{"not_picked":["hubris:TerracottaHorce","Inserter"],"picked":"Replay:Grab Bag"},{"not_picked":["hubris:VirtuousBlindfold","Cursed Key"],"picked":"Busted Crown"},{"not_picked":["Philosopher\u0027s Stone","hubris:RunicObelisk"],"picked":"Ectoplasm"},{"not_picked":["ReplayTheSpireMod:Onyx Gauntlets","hubris:BlackHole"],"picked":"Pandora\u0027s Box"}],"items_purged_floors":[],"is_endless":false,"potions_floor_spawned":[1,10,14,16,21,23,24,27],"killed_by":"Gremlin Leader","ascension_level":4}}