{"host":"0fmi5fguj5lvt8pf","time":1609738731,"event":{"mods":["BaseMod","Colored Map","Curses Come First","Downfall","Minty Spire (QoL Compilation)","Permanent Neow","StSLib","Waifu the Spire"],"gold_per_floor":[99,114,131,148,448,503,503,503,503,503],"floor_reached":8,"playtime":387,"items_purged":[],"score":46,"play_id":"9302826f-6249-4c03-8d27-4dfd891fdbfc","local_time":"20210103213851","is_ascension_mode":false,"campfire_choices":[{"data":"champ:Taunt","floor":1,"key":"SMITH"}],"circlet_count":0,"master_deck":["champ:Strike","champ:Strike","champ:Strike","champ:Defend+1","champ:Defend","champ:Defend","champ:Execute","champ:Taunt+1","champ:PreciseThrust","champ:RageSigil+1","champ:RageSigil","Slimebound:Icky","Slimebound:Icky","champ:EnchantCrown"],"relics":["champ:ChampionCrown","War Paint","Mercury Hourglass"],"acts_visited":["Exordium"],"potions_floor_usage":[6,6,8],"damage_taken":[{"damage":11,"enemies":"Cultist","floor":2,"turns":3},{"damage":10,"enemies":"Small Slimes","floor":3,"turns":2},{"damage":5,"enemies":"Jaw Worm","floor":4,"turns":4},{"damage":27,"enemies":"Lagavulin Event","floor":6,"turns":8},{"damage":51,"enemies":"Gremlin Nob","floor":8,"turns":5}],"seed_played":"5815097816969374996","potions_obtained":[{"floor":2,"key":"PowerPotion"},{"floor":3,"key":"Explosive Potion"},{"floor":6,"key":"champ:OpenerPotion"}],"is_trial":false,"path_per_floor":["R","M","M","M","?","?","T","E"],"character_chosen":"THE_CHAMP","items_purchased":[],"campfire_rested":0,"item_purchase_floors":[],"current_hp_per_floor":[63,62,62,62,62,40,40,0,0,0],"gold":503,"neow_bonus":"REMOVE_TWO","is_daily":false,"chose_seed":false,"campfire_upgraded":1,"win_rate":0.0,"timestamp":1609738731,"path_taken":["R","M","M","?","?","?","T","E"],"items_purchased_type":[],"build_version":"2020-12-22","purchased_purges":0,"victory":false,"max_hp_per_floor":[90,90,90,90,90,90,90,90,90,90],"card_choices":[{"not_picked":["champ:TornadoPunch","champ:BerserkersShout"],"picked":"champ:PreciseThrust","floor":2},{"not_picked":["champ:ShieldWall","champ:ViciousMockery"],"picked":"champ:RageSigil","floor":3},{"not_picked":["champ:BladeFlurry","champ:GladiatorStyle"],"picked":"champ:RageSigil","floor":4},{"not_picked":["champ:GutPunch","champ:ShieldWall"],"picked":"champ:EnchantCrown","floor":6}],"player_experience":1283750,"relics_obtained":[{"floor":6,"key":"War Paint"},{"floor":7,"key":"Mercury Hourglass"}],"event_choices":[],"is_beta":false,"boss_relics":[],"items_purged_floors":[],"is_endless":false,"potions_floor_spawned":[2,3,6],"killed_by":"Gremlin Nob","ascension_level":0}}