{"host":"6hzrz31j95f2y1pa","time":1609752882,"event":{"mods":["BaseMod","Colored Map","Downfall","Minty Spire (QoL Compilation)","StSLib"],"gold_per_floor":[99,116,132,152,16,16,16,16,32,482,482,482,498,165,183,183,183,183],"floor_reached":16,"playtime":588,"items_purged":["Regret"],"score":143,"play_id":"65d4bad7-42c8-440a-854a-27d23af6e9cf","local_time":"20210104043442","is_ascension_mode":true,"campfire_choices":[{"data":"champ:Taunt","floor":1,"key":"SMITH"},{"data":"champ:SwordSigil","floor":6,"key":"SMITH"}],"circlet_count":0,"master_deck":["AscendersBane","champ:Strike","champ:Strike","champ:Strike+1","champ:Strike","champ:Defend","champ:Defend","champ:Defend+1","champ:Defend","champ:Execute","champ:Taunt+1","champ:FanOfKnives","champ:SwordSigil+1","champ:BerserkersShout+1","champ:EnragedBash","champ:RecklessLeap","champ:Shatter","champ:SwordThrow","Slimebound:Icky","Slimebound:Icky","Slimebound:Icky","champ:CrookedStrike","champ:AdrenalArmor","champ:SteelEdge","champ:BerserkerStyle","champ:Backstep","champ:VampiricStrike"],"relics":["champ:ChampionCrown","Meat on the Bone"],"acts_visited":["Exordium"],"potions_floor_usage":[16],"damage_taken":[{"damage":0,"enemies":"2 Louse","floor":2,"turns":6},{"damage":4,"enemies":"Small Slimes","floor":3,"turns":4},{"damage":15,"enemies":"Cultist","floor":4,"turns":4},{"damage":15,"enemies":"downfall:FleeingMerchant","floor":5,"turns":4},{"damage":64,"enemies":"Lots of Slimes","floor":9,"turns":5},{"damage":37,"enemies":"Exordium Thugs","floor":13,"turns":4},{"damage":41,"enemies":"downfall:FleeingMerchant","floor":14,"turns":4},{"damage":28,"enemies":"Blue Slaver","floor":15,"turns":2},{"damage":50,"enemies":"downfall:Silent","floor":16,"turns":3}],"seed_played":"6994059722546660984","potions_obtained":[{"floor":13,"key":"hexamod:EctoCoolerPotion"},{"floor":15,"key":"Energy Potion"}],"is_trial":false,"path_per_floor":["R","M","M","M","$","R","T","?","M","?","?","?","M","$","M","B"],"character_chosen":"THE_CHAMP","items_purchased":["champ:RecklessLeap","champ:Shatter","champ:SteelEdge","champ:BerserkerStyle","champ:Backstep","Strength Potion"],"campfire_rested":0,"item_purchase_floors":[5,5,14,14,14,14],"current_hp_per_floor":[90,90,86,85,85,85,85,85,50,50,38,43,42,46,50,0,0,0],"gold":183,"neow_bonus":"TEN_PERCENT_HP_BONUS","is_daily":false,"chose_seed":false,"campfire_upgraded":2,"win_rate":0.0,"timestamp":1609752882,"path_taken":["R","M","M","M","$","R","T","?","M","?","?","?","M","$","M","BOSS"],"items_purchased_type":["Card","Card","Card","Card","Card","Potion"],"build_version":"2020-12-22","purchased_purges":1,"victory":false,"max_hp_per_floor":[99,99,99,99,99,99,99,99,99,99,99,104,104,104,104,104,104,104],"card_choices":[{"not_picked":["champ:DefensiveShout","champ:Circumvent"],"picked":"champ:FanOfKnives","floor":2},{"not_picked":["champ:HeartStrike","champ:Circumvent"],"picked":"champ:SwordSigil","floor":3},{"not_picked":["champ:TornadoPunch","champ:IronFortress"],"picked":"champ:BerserkersShout","floor":4},{"not_picked":["champ:StanceDance","champ:FlashCut"],"picked":"champ:EnragedBash","floor":5},{"not_picked":["champ:Backstep","champ:PerfectedStrike"],"picked":"champ:SwordThrow","floor":9},{"not_picked":["champ:PerfectedStrike","champ:RageSigil"],"picked":"champ:CrookedStrike","floor":13},{"not_picked":["champ:FocusedBerserking","champ:PerfectedStrike"],"picked":"champ:AdrenalArmor","floor":14},{"not_picked":["champ:EnGarde","champ:Haymaker"],"picked":"champ:VampiricStrike","floor":15}],"player_experience":1282247,"relics_obtained":[],"event_choices":[{"damage_healed":0,"gold_gain":0,"player_choice":"Success","damage_taken":12,"relics_obtained":["Meat on the Bone"],"max_hp_gain":0,"max_hp_loss":0,"event_name":"Scrap Ooze","floor":11,"gold_loss":0},{"damage_healed":0,"gold_gain":0,"player_choice":"Donut","damage_taken":0,"max_hp_gain":5,"max_hp_loss":0,"event_name":"Big Fish","floor":12,"gold_loss":0}],"is_beta":false,"boss_relics":[],"items_purged_floors":[14],"is_endless":false,"potions_floor_spawned":[13,15],"killed_by":"downfall:Silent","ascension_level":11}}