{"host":"2yqfi47fogfu1ic4","time":1609793951,"event":{"mods":["AchievementEnabler","BaseMod","Colored Map","Colored Powertips","Highlight Path","Minty Spire (QoL Compilation)","Permanent Neow","Relic Stats","StSLib"],"gold_per_floor":[110,125,143,155,165,165,176,191,191,191,191,204,204,239,239,315,315,326,337,337,348,348,348,366,46,46,63,63,97,108,135,135,206,206,220,220,120,140,160,191,202,229,229,229,258,133,133,166,166,166,166,166,166,2,35,35],"floor_reached":57,"playtime":5377,"items_purged":["Sucker Punch","Flechettes","Clumsy"],"score":2857,"play_id":"b8296ede-bace-47c1-9a3c-034ca4fe0f6e","local_time":"20210104215911","is_ascension_mode":true,"campfire_choices":[{"data":"Catalyst","floor":6.0,"key":"SMITH"},{"data":"Doppelganger","floor":10.0,"key":"SMITH"},{"data":"Crippling Poison","floor":13,"key":"SMITH"},{"data":"Malaise","floor":15,"key":"SMITH"},{"data":"Wraith Form v2","floor":23,"key":"SMITH"},{"data":"Catalyst","floor":28,"key":"SMITH"},{"data":"Well Laid Plans","floor":32,"key":"SMITH"},{"floor":47,"key":"RECALL"},{"data":"Noxious Fumes","floor":49,"key":"SMITH"},{"data":"After Image","floor":53,"key":"SMITH"}],"circlet_count":0,"master_deck":["AscendersBane","Survivor","Neutralize","Doppelganger+1","Tactician","Tools of the Trade","Malaise+1","Deadly Poison","Venomology","Escape Plan","Deflect","PiercingWail+1","Catalyst+1","Bouncing Flask+1","Acrobatics","Crippling Poison+1","Wraith Form v2+1","Catalyst+1","Acrobatics","Ghostly","Ghostly","Ghostly","Reflex","Wraith Form v2+1","Noxious Fumes+1","Well Laid Plans+1","After Image+1","Wraith Form v2+1","Wraith Form v2"],"relics":["Pandora\u0027s Box","Bird Faced Urn","War Paint","Calipers","Cursed Key","DollysMirror","Singing Bowl","Gambling Chip","Empty Cage","Turnip","Blue Candle","Eternal Feather","CaptainsWheel","Snake Skull","TungstenRod"],"acts_visited":["Exordium","TheCity","TheBeyond","TheEnding"],"potions_floor_usage":[12,16,56],"damage_taken":[{"damage":0.0,"enemies":"Cultist","floor":1.0,"turns":3.0},{"damage":9.0,"enemies":"Jaw Worm","floor":2.0,"turns":4.0},{"damage":5.0,"enemies":"Small Slimes","floor":3.0,"turns":3.0},{"damage":0.0,"enemies":"Exordium Wildlife","floor":4.0,"turns":3.0},{"damage":17.0,"enemies":"Red Slaver","floor":5.0,"turns":4.0},{"damage":2.0,"enemies":"3 Louse","floor":7.0,"turns":4.0},{"damage":4.0,"enemies":"Blue Slaver","floor":8.0,"turns":4.0},{"damage":8,"enemies":"Exordium Thugs","floor":12,"turns":5},{"damage":3,"enemies":"Lagavulin","floor":14,"turns":3},{"damage":10,"enemies":"The Guardian","floor":16,"turns":7},{"damage":11,"enemies":"Shell Parasite","floor":18,"turns":5},{"damage":14,"enemies":"2 Thieves","floor":19,"turns":5},{"damage":3,"enemies":"Centurion and Healer","floor":21,"turns":6},{"damage":2,"enemies":"Snecko","floor":24,"turns":6},{"damage":3,"enemies":"Snake Plant","floor":27,"turns":3},{"damage":7,"enemies":"Gremlin Leader","floor":29,"turns":4},{"damage":3,"enemies":"Centurion and Healer","floor":30,"turns":6},{"damage":5,"enemies":"Book of Stabbing","floor":31,"turns":5},{"damage":4,"enemies":"Collector","floor":33,"turns":6},{"damage":0,"enemies":"3 Shapes","floor":35,"turns":5},{"damage":1,"enemies":"Orb Walker","floor":38,"turns":4},{"damage":2,"enemies":"Spire Growth","floor":39,"turns":5},{"damage":0,"enemies":"Giant Head","floor":40,"turns":6},{"damage":4,"enemies":"Sphere and 2 Shapes","floor":41,"turns":6},{"damage":9,"enemies":"Reptomancer","floor":42,"turns":6},{"damage":3,"enemies":"Nemesis","floor":45,"turns":7},{"damage":1,"enemies":"Giant Head","floor":48,"turns":7},{"damage":2,"enemies":"Awakened One","floor":50,"turns":13},{"damage":7,"enemies":"Time Eater","floor":51,"turns":9},{"damage":6,"enemies":"Shield and Spear","floor":55,"turns":8},{"damage":1,"enemies":"The Heart","floor":56,"turns":7}],"seed_played":"3173613035349916942","potions_obtained":[{"floor":2.0,"key":"Weak Potion"},{"floor":5.0,"key":"ColorlessPotion"},{"floor":7.0,"key":"Regen Potion"},{"floor":14,"key":"FearPotion"},{"floor":16,"key":"GhostInAJar"}],"is_trial":false,"path_per_floor":["M","M","M","M","M","R","M","M","T","R","?","M","R","E","R","B",null,"M","M","?","M","?","R","M","$","T","M","R","E","M","E","R","B",null,"M","?","$","M","M","E","M","E","T","?","E","$","R","E","R","B","B",null,"R","$","E","B",null],"character_chosen":"THE_SILENT","items_purchased":["DollysMirror","Noxious Fumes","Snake Skull"],"campfire_rested":0,"item_purchase_floors":[25,25,54],"current_hp_per_floor":[59,50,45,45,28,28,26,36,36,36,36,45,45,42,42,34,58,51,41,33,30,30,30,31,31,31,30,30,29,36,37,37,37,37,39,39,39,41,43,45,47,49,49,47,47,47,47,49,49,49,48,49,49,49,51,51],"gold":35,"neow_bonus":"BOSS_RELIC","is_daily":false,"chose_seed":false,"campfire_upgraded":9,"win_rate":0.0,"timestamp":1609793951,"path_taken":["M","M","M","M","?","R","M","M","T","R","?","M","R","E","R","BOSS","M","M","?","M","?","R","M","?","T","M","R","E","M","E","R","BOSS","M","?","$","?","M","E","M","E","T","?","E","$","R","E","R","BOSS","BOSS","R","$","E","BOSS"],"items_purchased_type":["Relic","Card","Relic"],"build_version":"2020-12-22","purchased_purges":3,"victory":true,"max_hp_per_floor":[66,66,66,66,66,66,66,66,66,66,66,66,66,66,66,66,66,66,66,33,33,33,33,33,33,33,33,33,35,37,37,37,37,37,39,39,39,41,43,45,47,49,49,47,47,47,47,49,49,49,49,49,49,49,51,51],"relic_stats":{"Singing Bowl":20,"counters":[31,169],"Blue Candle":[0],"Eternal Feather":0,"Snake Skull":[37],"War Paint":["Bouncing Flask","PiercingWail"],"Cursed Key":1,"Bird Faced Urn":[74],"Gambling Chip":[21],"Pandora\u0027s Box":["Sucker Punch","Doppelganger","Setup","Tactician","Tools of the Trade","Malaise","Deadly Poison","Endless Agony","Flechettes","Venomology"],"Turnip":[8],"obtain_stats":[{"Calipers":14,"Singing Bowl":29,"Blue Candle":42,"Eternal Feather":45,"Snake Skull":54,"War Paint":11,"Cursed Key":17,"Empty Cage":34,"CaptainsWheel":48,"DollysMirror":25,"Bird Faced Urn":9,"Gambling Chip":31,"Pandora\u0027s Box":0,"Turnip":40,"TungstenRod":55,"Ring of the Snake":0},{"Calipers":9,"Singing Bowl":16,"Blue Candle":25,"Eternal Feather":26,"Snake Skull":29,"War Paint":7,"Cursed Key":10,"Empty Cage":19,"CaptainsWheel":27,"DollysMirror":14,"Bird Faced Urn":7,"Gambling Chip":18,"Pandora\u0027s Box":0,"Turnip":23,"TungstenRod":30,"Ring of the Snake":0},{"Calipers":33,"Singing Bowl":69,"Blue Candle":118,"Eternal Feather":125,"Snake Skull":154,"War Paint":25,"Cursed Key":40,"Empty Cage":86,"CaptainsWheel":132,"DollysMirror":62,"Bird Faced Urn":25,"Gambling Chip":80,"Pandora\u0027s Box":0,"Turnip":106,"TungstenRod":162,"Ring of the Snake":0}],"TungstenRod":26},"card_choices":[{"not_picked":["Bane","Flying Knee"],"picked":"Escape Plan","floor":1.0},{"not_picked":["Prepared","Dagger Throw"],"picked":"Deflect","floor":2.0},{"not_picked":["Bane","Riddle With Holes"],"picked":"PiercingWail","floor":3.0},{"not_picked":["Infinite Blades","Dash"],"picked":"Catalyst","floor":4.0},{"not_picked":["Escape Plan","Backstab"],"picked":"Bouncing Flask","floor":5.0},{"not_picked":["Dodge and Roll","Deadly Poison","Flying Knee"],"picked":"SKIP","floor":7.0},{"not_picked":["Masterful Stab","Phantasmal Killer"],"picked":"Acrobatics","floor":8.0},{"not_picked":["Deadly Poison","Prepared"],"picked":"Crippling Poison","floor":12},{"not_picked":["Escape Plan","Blade Dance"],"picked":"Dagger Spray","floor":14},{"not_picked":["Burst","Die Die Die"],"picked":"Wraith Form v2","floor":16},{"not_picked":["Quick Slash","Slice"],"picked":"Catalyst","floor":18},{"not_picked":["Cloak And Dagger","All Out Attack"],"picked":"Acrobatics","floor":19},{"not_picked":["Quick Slash","Riddle With Holes","Skewer"],"picked":"SKIP","floor":21},{"not_picked":["Expertise+1","Footwork"],"picked":"Reflex","floor":24},{"not_picked":["Blade Dance","Quick Slash","Finisher"],"picked":"SKIP","floor":27},{"not_picked":["Quick Slash","Dodge and Roll+1","Calculated Gamble"],"picked":"Singing Bowl","floor":29},{"not_picked":["Calculated Gamble","Dodge and Roll","Predator"],"picked":"Singing Bowl","floor":30},{"not_picked":["Infinite Blades","Outmaneuver"],"picked":"Well Laid Plans","floor":31},{"not_picked":["Doppelganger","Adrenaline"],"picked":"After Image","floor":33},{"not_picked":["Deadly Poison","Cloak And Dagger","Underhanded Strike"],"picked":"Singing Bowl","floor":35},{"not_picked":["Backstab","Quick Slash","PiercingWail"],"picked":"Singing Bowl","floor":38},{"not_picked":["Terror","Endless Agony","Escape Plan"],"picked":"Singing Bowl","floor":39},{"not_picked":["Masterful Stab","Terror","Calculated Gamble"],"picked":"Singing Bowl","floor":40},{"not_picked":["Phantasmal Killer","Expertise","PiercingWail"],"picked":"Singing Bowl","floor":41},{"not_picked":["Noxious Fumes","Deflect","All Out Attack"],"picked":"Singing Bowl","floor":42},{"not_picked":["Backflip","Poisoned Stab"],"picked":"Wraith Form v2","floor":45},{"not_picked":["Escape Plan","Finisher","Distraction"],"picked":"Singing Bowl","floor":48},{"not_picked":["Prepared","Heel Hook","Calculated Gamble"],"picked":"Singing Bowl","floor":55}],"player_experience":2061991,"relics_obtained":[{"floor":9.0,"key":"Bird Faced Urn"},{"floor":14,"key":"Calipers"},{"floor":29,"key":"Singing Bowl"},{"floor":31,"key":"Gambling Chip"},{"floor":40,"key":"Turnip"},{"floor":42,"key":"Blue Candle"},{"floor":45,"key":"Eternal Feather"},{"floor":48,"key":"CaptainsWheel"},{"floor":55,"key":"TungstenRod"}],"event_choices":[{"damage_healed":0.0,"max_hp_gain":0.0,"max_hp_loss":0.0,"gold_gain":0.0,"event_name":"Dead Adventurer","player_choice":"Searched \u00271\u0027 times","floor":11.0,"gold_loss":0.0,"damage_taken":0.0,"relics_obtained":["War Paint"]},{"damage_healed":0,"gold_gain":0,"player_choice":"Became a Ghost","damage_taken":0,"max_hp_gain":0,"max_hp_loss":33,"event_name":"Ghosts","floor":20,"gold_loss":0,"cards_obtained":["Ghostly","Ghostly","Ghostly"]},{"cards_removed":["Setup"],"damage_healed":0,"gold_gain":0,"player_choice":"Elegance","damage_taken":0,"max_hp_gain":0,"max_hp_loss":0,"event_name":"Back to Basics","floor":22,"gold_loss":0},{"damage_healed":0,"gold_gain":0,"player_choice":"Copied","damage_taken":0,"max_hp_gain":0,"max_hp_loss":0,"event_name":"Duplicator","floor":36,"gold_loss":0,"cards_obtained":["Wraith Form v2"]},{"damage_healed":0,"gold_gain":0,"player_choice":"Max HP","damage_taken":0,"max_hp_gain":0,"max_hp_loss":2,"event_name":"Winding Halls","floor":44,"gold_loss":0}],"is_beta":false,"boss_relics":[{"not_picked":["WristBlade","Busted Crown"],"picked":"Cursed Key"},{"not_picked":["Velvet Choker","Astrolabe"],"picked":"Empty Cage"}],"items_purged_floors":[25,37,46],"is_endless":false,"potions_floor_spawned":[2,5,7,14,16,18,19,27,31,35,40,45,48],"ascension_level":20}}