{"host":"867cnhxguf2bzj4x","time":1609787121,"event":{"mods":["BaseMod","BetterRewards","GifTheSpireLib","Lobotomy","Minty Spire (QoL Compilation)","Replay The Spire","StSLib","The Bug Knight","The Cursed","The Necromancer"],"gold_per_floor":[109,126,145,145,145,145,181,31,55,78,43,43,43,56,56,186,186,186],"floor_reached":17,"playtime":507,"items_purged":[],"score":153,"play_id":"e23c045e-c345-400e-8dec-7773ba4a9c3c","local_time":"20210104200521","is_ascension_mode":false,"campfire_choices":[{"data":"Prepared","floor":6,"key":"SMITH"},{"floor":12,"key":"REST"},{"floor":15,"key":"REST"}],"circlet_count":0,"master_deck":["Strike_G+1","Defend_G","Defend_G+1","Survivor","Neutralize","BigBadWolf","Backstab","LittleHelper","Prepared+1","Toxin Wave+1","Escape Plan","Pot Of Greed","Glass Knife","Heel Hook+1","Finisher+1","Well Laid Plans+1"],"relics":["Ring of the Snake","CogitoBucket","Golden Idol","Smiling Mask","Lantern","Grinning Jar","Gremlin Food","Astrolabe"],"acts_visited":["Exordium","TheCity"],"potions_floor_usage":[],"damage_taken":[{"damage":0,"enemies":"Cultist","floor":1,"turns":4},{"damage":14,"enemies":"Jaw Worm","floor":2,"turns":5},{"damage":0,"enemies":"2 Louse","floor":3,"turns":1},{"damage":31,"enemies":"HollowMod:MossKnight","floor":7,"turns":9},{"damage":0,"enemies":"Blue Slaver","floor":14,"turns":2},{"damage":25,"enemies":"Slime Boss","floor":16,"turns":9}],"seed_played":"-669157544521890121","potions_obtained":[{"floor":3,"key":"SpeedPotion"},{"floor":7,"key":"Poison Potion"},{"floor":16,"key":"LifebloodPotion"}],"is_trial":false,"path_per_floor":["M","M","M","?","?","R","E","$","T","T","?","R","$","M","R","B",null],"character_chosen":"THE_SILENT","items_purchased":["Lantern"],"campfire_rested":2,"item_purchase_floors":[8],"current_hp_per_floor":[70,56,56,39,39,39,8,8,8,8,8,29,29,29,50,25,70,70],"gold":186,"neow_bonus":"","is_daily":false,"chose_seed":false,"campfire_upgraded":1,"win_rate":0.0,"timestamp":1609787121,"path_taken":["M","M","?","?","?","R","E","$","T","?","?","R","?","?","R","BOSS"],"items_purchased_type":["Card"],"build_version":"2020-12-22","purchased_purges":0,"victory":false,"max_hp_per_floor":[70,70,70,70,70,70,70,70,70,70,70,70,70,70,70,70,70,70],"card_choices":[{"not_picked":["WhitesApple","SnowQueen"],"picked":"BigBadWolf","floor":1},{"not_picked":["Flying Knee","Reflex"],"picked":"Backstab","floor":1},{"not_picked":["CrumblingArmor","ShyLook"],"picked":"LittleHelper","floor":2},{"not_picked":["Eviscerate","Sucker Punch","PiercingWail"],"picked":"SKIP","floor":2},{"not_picked":["Eviscerate","Sucker Punch","PiercingWail"],"picked":"SKIP","floor":2},{"not_picked":["Flying Knee","Dagger Spray"],"picked":"Prepared","floor":3},{"not_picked":["Outmaneuver","Poisoned Stab"],"picked":"Escape Plan","floor":7},{"not_picked":["PiercingWail","Acrobatics","Accuracy"],"picked":"SKIP","floor":14},{"not_picked":["Envenom","Storm of Steel"],"picked":"Glass Knife","floor":16}],"player_experience":95620,"relics_obtained":[{"floor":7,"key":"Smiling Mask"},{"floor":9,"key":"Grinning Jar"},{"floor":10,"key":"Gremlin Food"}],"event_choices":[{"damage_healed":0,"gold_gain":0,"player_choice":"Take Damage","damage_taken":17,"relics_obtained":["Golden Idol"],"max_hp_gain":0,"max_hp_loss":0,"event_name":"Golden Idol","floor":4,"gold_loss":0},{"damage_healed":0,"gold_gain":0,"player_choice":"Left Gold","damage_taken":0,"max_hp_gain":0,"max_hp_loss":0,"event_name":"World of Goop","floor":11,"gold_loss":35}],"is_beta":false,"boss_relics":[{"not_picked":["Busted Crown","HoveringKite"],"picked":"Astrolabe"}],"items_purged_floors":[],"is_endless":false,"potions_floor_spawned":[3,7,16],"ascension_level":0}}