{"host":"csp9nt53rootlkah","time":1609754460,"event":{"mods":["ATMod(°¢èªMod)","Act Like it!","BaseMod","Colored Powertips","Friendly Minions","Gensokyo","Highlight Path","Minty Spire (QoL Compilation)","Quick Restart","Replay The Spire","StSLib","TestMod","The Factory","The Jungle","UnlockEverythingMod","Yuyuko","¡¾ÒÅÎï¿¨ÅÆ¡¿REMEMod"],"gold_per_floor":[114,114,131,151,168,168,202,202,202,202,122,142,142,156,156,259,259],"floor_reached":16,"playtime":1137,"items_purged":[],"score":127,"play_id":"27fc05db-f477-4a57-a8f5-cbc906db6c49","local_time":"20210104180100","is_ascension_mode":false,"campfire_choices":[{"data":"Elegance","floor":6.0,"key":"SMITH"},{"data":"Lunch","floor":10,"key":"SMITH"},{"data":"Midas Touch","floor":13,"key":"SMITH"},{"data":"Faramita\u0027s Temptation","floor":15,"key":"SMITH"}],"circlet_count":0,"master_deck":["Fantasy Butterflies","Fantasy Butterflies","Fantasy Butterflies","Fantasy Butterflies","Fantasy Butterflies","Dreamy Sakura+1","Dreamy Sakura+1","Dreamy Sakura+1","Dreamy Sakura+1","Dreamy Sakura+1","Deathly Ground","Faramita\u0027s Temptation+1","Midas Touch+1","AT_Desolate+1","Elegance+1","Lunch+1","Bloom","Gensokyo:BlemishedSteel"],"relics":["Coronal","Yuyuko\u0027s fan","testmod-TestBox","REME_ComplimentaryCards","AT_ATBox","testmod-AssaultLearning","NeowsBlessing","Replay:Bottled Eggs"],"acts_visited":["Gensokyo:Gensokyo"],"potions_floor_usage":[],"damage_taken":[{"damage":1.0,"enemies":"Gensokyo:3_Fairies","floor":1.0,"turns":1.0},{"damage":1.0,"enemies":"Gensokyo:Gryphon","floor":3.0,"turns":1.0},{"damage":1.0,"enemies":"Gensokyo:2_Kodama","floor":4.0,"turns":1.0},{"damage":6.0,"enemies":"Gensokyo:Kitsune","floor":5.0,"turns":2.0},{"damage":4.0,"enemies":"Gensokyo:Mamizou","floor":7.0,"turns":4.0},{"damage":32,"enemies":"Gensokyo:Gryphon_and_Rabbit","floor":12,"turns":6},{"damage":19,"enemies":"Gensokyo:LivingMonolith","floor":14,"turns":6},{"damage":32,"enemies":"Gensokyo:Reimu","floor":16,"turns":5}],"seed_played":"-2092993310429284135","potions_obtained":[{"floor":7.0,"key":"testmod-SpacePotion"},{"floor":16,"key":"Block Potion"}],"is_trial":false,"path_per_floor":["M","?","M","M","M","R","E","?","T","R","COS","M","R","M","R","B"],"character_chosen":"YUYOKO","items_purchased":[],"campfire_rested":0,"item_purchase_floors":[],"current_hp_per_floor":[39,39,38,37,36,36,36,36,36,36,36,25,25,34,34,21,21],"gold":259,"neow_bonus":"THREE_ENEMY_KILL","is_daily":false,"chose_seed":false,"campfire_upgraded":4,"win_rate":0.0,"timestamp":1609754460,"path_taken":["M","?","M","?","M","R","E","?","T","R","COS","M","R","M","R","BOSS"],"items_purchased_type":[],"build_version":"2020-12-22","purchased_purges":0,"victory":false,"max_hp_per_floor":[40,40,40,40,40,40,40,40,40,40,40,40,40,40,40,40,40],"card_choices":[{"not_picked":["Lunch","Trap Lamp"],"picked":"Elegance","floor":1.0},{"not_picked":["Elegance","End of Faramita","Butterflies in Dream"],"picked":"SKIP","floor":3.0},{"not_picked":["Wandering Soul","Bomb"],"picked":"Lunch","floor":4.0},{"not_picked":["Elegance","Immigrant Phantom"],"picked":"Bloom","floor":5.0},{"not_picked":["Redemption of Death","Wandering Soul","Infinite Reviving"],"picked":"SKIP","floor":7.0},{"not_picked":["Phantom Village","Dark Wind","All Wander"],"picked":"SKIP","floor":12},{"not_picked":["Dying Butterflies","Linger over Flower","Gauzy Sakura"],"picked":"SKIP","floor":14}],"player_experience":116402,"relics_obtained":[{"floor":9,"key":"Replay:Bottled Eggs"}],"event_choices":[],"is_beta":false,"boss_relics":[],"items_purged_floors":[],"is_endless":false,"potions_floor_spawned":[7,16],"killed_by":"Gensokyo:Reimu","ascension_level":0}}