{"host":"yvlk1m4foro8gl4v","time":1609719181,"event":{"mods":["AchievementEnabler","Act Like it!","BaseMod","Minty Spire (QoL Compilation)","Relic Stats","StSLib","The Servant 0.9.4","Uncapped"],"gold_per_floor":[112,112,82,92,108,108,11,38,38,113,9,9,70,88,88,186,186,204,404,404,404,416,416,416,416],"floor_reached":24,"playtime":986,"items_purged":["Second Wind"],"score":306,"play_id":"1411f16d-ba11-46be-b078-4936beca9043","local_time":"20210104001301","is_ascension_mode":true,"campfire_choices":[{"data":"Feed","floor":6,"key":"SMITH"},{"floor":15,"key":"REST"},{"floor":23,"key":"REST"}],"circlet_count":0,"master_deck":["Bash","Heavy Blade","Intimidate","Pommel Strike","Rampage","Seeing Red","Flex","Feed+1","Rampage","Feel No Pain","Shrug It Off","True Grit","Armaments","Shrug It Off","Dramatic Entrance","Sentinel","Demon Form","Iron Wave","Writhe","Whirlwind"],"relics":["Pandora\u0027s Box","The Courier","Shuriken","MealTicket","SacredBark","Dream Catcher"],"acts_visited":["Exordium","TheCity"],"potions_floor_usage":[16,16,20,22],"damage_taken":[{"damage":6,"enemies":"2 Louse","floor":1,"turns":3},{"damage":0,"enemies":"Cultist","floor":4,"turns":2},{"damage":7,"enemies":"Small Slimes","floor":5,"turns":3},{"damage":29,"enemies":"Lagavulin","floor":8,"turns":6},{"damage":12,"enemies":"2 Fungi Beasts","floor":14,"turns":2},{"damage":45,"enemies":"Slime Boss","floor":16,"turns":13},{"damage":56,"enemies":"Shell Parasite","floor":18,"turns":8},{"damage":0,"enemies":"2 Thieves","floor":20,"turns":1},{"damage":12,"enemies":"Snake Plant","floor":22,"turns":4},{"damage":41,"enemies":"Slavers","floor":24,"turns":2}],"seed_played":"-2298851536537753327","potions_obtained":[{"floor":1,"key":"Fire Potion"},{"floor":3,"key":"SkillPotion"},{"floor":3,"key":"SmokeBomb"},{"floor":16,"key":"Energy Potion"}],"is_trial":false,"path_per_floor":["M","?","?","M","M","R","$","E","T","?","$","?","?","M","R","B",null,"M","?","M","?","M","R","E"],"character_chosen":"IRONCLAD","items_purchased":["True Grit","Shrug It Off","Dramatic Entrance"],"campfire_rested":2,"item_purchase_floors":[7,11,11],"current_hp_per_floor":[69,57,57,60,56,56,56,31,31,20,35,35,35,27,56,11,76,20,20,20,20,8,37,0,0],"gold":416,"neow_bonus":"BOSS_RELIC","is_daily":false,"chose_seed":false,"campfire_upgraded":1,"win_rate":0.0,"timestamp":1609719181,"path_taken":["M","?","?","?","M","R","$","E","T","?","$","?","?","M","R","BOSS","M","?","?","?","M","R","E"],"items_purchased_type":["Card","Card","Card"],"build_version":"2020-12-22","purchased_purges":1,"victory":false,"max_hp_per_floor":[83,83,83,86,89,89,89,93,93,93,93,93,93,97,97,97,97,97,97,97,97,97,97,97,97],"relic_stats":{"Dream Catcher":1,"counters":[10,44],"Shuriken":[2],"Pandora\u0027s Box":["Second Wind","Heavy Blade","Intimidate","Pommel Strike","Rampage","Seeing Red","Flex","Feed","Rampage"],"MealTicket":15,"obtain_stats":[{"Dream Catcher":21,"Shuriken":8,"SacredBark":17,"Pandora\u0027s Box":0,"MealTicket":9,"The Courier":2,"Burning Blood":0},{"Dream Catcher":8,"Shuriken":4,"SacredBark":6,"Pandora\u0027s Box":0,"MealTicket":4,"The Courier":1,"Burning Blood":0},{"Dream Catcher":38,"Shuriken":14,"SacredBark":29,"Pandora\u0027s Box":0,"MealTicket":14,"The Courier":3,"Burning Blood":0}]},"card_choices":[{"not_picked":["Second Wind","Battle Trance","Thunderclap"],"picked":"SKIP","floor":1},{"not_picked":["Sever Soul","Armaments"],"picked":"Feel No Pain","floor":4},{"not_picked":["Iron Wave","Armaments"],"picked":"Shrug It Off","floor":5},{"not_picked":["Rage","Wild Strike"],"picked":"Armaments","floor":8},{"not_picked":["Twin Strike","Combust"],"picked":"Sentinel","floor":14},{"not_picked":["Berserk","Juggernaut"],"picked":"Demon Form","floor":16},{"not_picked":["True Grit","Clash"],"picked":"Iron Wave","floor":18},{"not_picked":["Shrug It Off","Clothesline"],"picked":"Whirlwind","floor":22}],"player_experience":714824,"relics_obtained":[{"floor":8,"key":"Shuriken"},{"floor":9,"key":"MealTicket"}],"event_choices":[{"damage_healed":0,"gold_gain":0,"player_choice":"Success","damage_taken":12,"relics_obtained":["The Courier"],"max_hp_gain":0,"max_hp_loss":0,"event_name":"Scrap Ooze","floor":2,"gold_loss":0},{"damage_healed":0,"gold_gain":0,"player_choice":"Bought 2 Potions","damage_taken":0,"max_hp_gain":0,"max_hp_loss":0,"event_name":"The Woman in Blue","floor":3,"gold_loss":0},{"damage_healed":0,"gold_gain":75,"player_choice":"Gather Gold","damage_taken":11,"max_hp_gain":0,"max_hp_loss":0,"event_name":"World of Goop","floor":10,"gold_loss":0},{"damage_healed":0,"gold_gain":0,"player_choice":"Ignored","damage_taken":0,"max_hp_gain":0,"max_hp_loss":0,"event_name":"Liars Game","floor":12,"gold_loss":0},{"damage_healed":0,"gold_gain":61,"player_choice":"Gained Gold","damage_taken":0,"max_hp_gain":0,"max_hp_loss":0,"event_name":"Golden Wing","floor":13,"gold_loss":0},{"damage_healed":0,"gold_gain":200,"player_choice":"Gold","damage_taken":0,"max_hp_gain":0,"max_hp_loss":0,"event_name":"Wheel of Change","floor":19,"gold_loss":0},{"damage_healed":0,"gold_gain":0,"player_choice":"Opened","damage_taken":0,"relics_obtained":["Dream Catcher"],"max_hp_gain":0,"max_hp_loss":0,"event_name":"The Mausoleum","floor":21,"gold_loss":0,"cards_obtained":["Writhe"]}],"is_beta":false,"boss_relics":[{"not_picked":["Busted Crown","Black Star"],"picked":"SacredBark"}],"items_purged_floors":[7],"is_endless":false,"potions_floor_spawned":[1,4,8,16],"killed_by":"Slavers","ascension_level":9}}