{"host":"8kweeulvvasqx820","time":1609722426,"event":{"mods":["Aspiration","BaseMod","Better Altar","Better Match","Better Note","Better Sensory Stone","Better Skull","Better Third Choice","BetterRewards","CatGirl Mod","Colored Map","Conspire","Displayed Cursed Tome","Downfall","Hubris","Infinite Spire","Jorbs\u0027s Wanderer Trilogy","Minty Spire (QoL Compilation)","Relic Stats","Replay The Spire","Spicy Shops","StSLib","SuperFastMode","Swap Starting Deck Mod","The Construct","The Marked","The Mystic","The Necromancer","The Servant 0.9.4","everything is the same but u backflip on backflip","slay the spire mod where everything is the same but ironclad has a cowboy hat"],"gold_per_floor":[116,66,102,102,148,148,206,206,230,230,230,230,230,125,125,173,173,188,188],"floor_reached":18,"playtime":752,"items_purged":[],"score":108,"play_id":"a74e4a5f-b815-4c26-97ec-77458b8544fb","local_time":"20210103200706","is_ascension_mode":false,"campfire_choices":[{"data":"theCatGirl:ThatWasntIt","floor":6,"key":"SMITH"},{"data":"theCatGirl:Evasion","floor":8,"key":"SMITH"},{"data":"theCatGirl:PlayAround","floor":10,"key":"SMITH"},{"floor":15,"key":"REST"},{"data":"theCatGirl:Strike","floor":17,"key":"PURGE"}],"circlet_count":0,"master_deck":["theCatGirl:Strike","theCatGirl:Strike","theCatGirl:Strike","theCatGirl:Defend","theCatGirl:Defend","theCatGirl:Defend","theCatGirl:Defend","theCatGirl:ClawStrike","theCatGirl:Evasion+1","theCatGirl:PlayAround+1","conspire:SpireCoStock","theCatGirl:ThatWasntIt+1","theCatGirl:DefensiveStance+1","theCatGirl:Parry"],"relics":["theCatGirl:TrainedRelic","Letter Opener","Blue Doll","Replay:Lucky Slots"],"acts_visited":["Exordium"],"potions_floor_usage":[7],"damage_taken":[{"damage":6,"enemies":"Cultist","floor":1,"turns":4},{"damage":3,"enemies":"Jaw Worm","floor":3,"turns":5},{"damage":12,"enemies":"infinitespire:Voidling","floor":5,"turns":4},{"damage":21,"enemies":"Lagavulin","floor":7,"turns":7},{"damage":21,"enemies":"Red Slaver","floor":16,"turns":4},{"damage":42,"enemies":"Slime Boss","floor":18,"turns":11}],"seed_played":"-7219015936095927548","potions_obtained":[{"floor":1,"key":"ColorlessPotion"},{"floor":3,"key":"Dexterity Potion"}],"is_trial":false,"path_per_floor":["M","?","M","?","M","R","E","R","T","R","$","PTL","PTL","$","R","M","R_BF","B"],"character_chosen":"THE_CATGIRL","items_purchased":["Replay:Lucky Slots","theCatGirl:DefensiveStance+1"],"campfire_rested":1,"item_purchase_floors":[11,14],"current_hp_per_floor":[71,71,68,73,65,65,44,44,44,44,33,33,33,33,57,36,36,0,0],"gold":188,"neow_bonus":"TEN_PERCENT_HP_BONUS","is_daily":false,"chose_seed":false,"campfire_upgraded":3,"win_rate":0.0,"timestamp":1609722426,"path_taken":["M","?","M","?","M","R","E","R","T","R","?","PTL","PTL","$","R","?","R_BF","BOSS"],"items_purchased_type":["Relic","Card"],"build_version":"2020-12-22","purchased_purges":0,"victory":false,"max_hp_per_floor":[77,77,77,82,82,82,82,82,82,82,82,82,82,82,82,82,82,82,82],"relic_stats":{"counters":[6,35],"Letter Opener":[20],"obtain_stats":[{"theCatGirl:TrainedRelic":0,"Blue Doll":9,"Replay:Lucky Slots":11,"Letter Opener":7},{"theCatGirl:TrainedRelic":0,"Blue Doll":4,"Replay:Lucky Slots":4,"Letter Opener":4},{"theCatGirl:TrainedRelic":0,"Blue Doll":20,"Replay:Lucky Slots":20,"Letter Opener":20}]},"card_choices":[{"not_picked":["theCatGirl:ClawScratch","theCatGirl:FinishingMove"],"picked":"theCatGirl:PlayAround","floor":1},{"not_picked":["theCatGirl:ExtremeSpeed","theCatGirl:UnrelentingAssault"],"picked":"theCatGirl:ThatWasntIt","floor":3},{"not_picked":["theCatGirl:AccidentalSlap","theCatGirl:Howl","theCatGirl:LostTrinket"],"picked":"SKIP","floor":5},{"not_picked":["theCatGirl:Claws","theCatGirl:ScratchFlurry","theCatGirl:EmergencyParry"],"picked":"SKIP","floor":7},{"not_picked":["theCatGirl:SmellFear","theCatGirl:ThatWasntIt"],"picked":"theCatGirl:Parry","floor":16}],"player_experience":30692,"relics_obtained":[{"floor":7,"key":"Letter Opener"},{"floor":9,"key":"Blue Doll"}],"event_choices":[{"damage_healed":0,"gold_gain":0,"player_choice":"Invest 1","damage_taken":0,"max_hp_gain":0,"max_hp_loss":0,"event_name":"conspire:Investor","floor":2,"gold_loss":0},{"damage_healed":0,"gold_gain":0,"player_choice":"Donut","damage_taken":0,"max_hp_gain":5,"max_hp_loss":0,"event_name":"Big Fish","floor":4,"gold_loss":0}],"is_beta":false,"boss_relics":[],"items_purged_floors":[],"is_endless":false,"potions_floor_spawned":[1,3],"killed_by":"Slime Boss","ascension_level":0}}