{"host":"8i4doyxqctgl5qb0","time":1609726244,"event":{"mods":["AchievementEnabler","BaseMod","Block Reminder","Colored Powertips","Downfall","Marisa£®ÏF”Í°°ƒß¿Ì…≥£©","Minty Spire (QoL Compilation)","Permanent Neow","Potion Indicator Mod","Rare Cards Sparkle","StSLib","SuperFastMode"],"gold_per_floor":[119,138,138,62,75,102,102,202,202,21,41,57,57,75,75,200,200,200,300,319,319,319,319,319],"floor_reached":23,"playtime":1045,"items_purged":["Strike_G"],"score":220,"play_id":"38c58527-3e90-4bb0-b275-6a7fa3dfa8ce","local_time":"20210104101044","is_ascension_mode":true,"campfire_choices":[{"floor":13.0,"key":"REST"},{"data":"Infinite Blades","floor":15.0,"key":"SMITH"}],"circlet_count":0,"master_deck":["Strike_G","Strike_G","Strike_G","Strike_G","Defend_G","Defend_G","Defend_G","Defend_G","Defend_G","Survivor","Neutralize","Underhanded Strike","Well Laid Plans","Deflect","Dagger Spray","Dagger Spray","Cloak And Dagger","Injury","Corpse Explosion","Infinite Blades+1","Leg Sweep","Doppelganger","Well Laid Plans+1"],"relics":["Ring of the Snake","FossilizedHelix","Golden Idol","Membership Card","Busted Crown","Sundial"],"acts_visited":["Exordium","TheCity"],"potions_floor_usage":[23],"damage_taken":[{"damage":4.0,"enemies":"Small Slimes","floor":1.0,"turns":4.0},{"damage":0.0,"enemies":"Cultist","floor":2.0,"turns":4.0},{"damage":0.0,"enemies":"Jaw Worm","floor":5.0,"turns":2.0},{"damage":30.0,"enemies":"3 Sentries","floor":6.0,"turns":7.0},{"damage":0.0,"enemies":"3 Louse","floor":11.0,"turns":3.0},{"damage":1.0,"enemies":"Exordium Thugs","floor":12.0,"turns":3.0},{"damage":3.0,"enemies":"Red Slaver","floor":14.0,"turns":6.0},{"damage":37.0,"enemies":"Hexaghost","floor":16.0,"turns":15.0},{"damage":0.0,"enemies":"Spheric Guardian","floor":18.0,"turns":1.0},{"damage":11.0,"enemies":"3 Byrds","floor":20.0,"turns":4.0},{"damage":58,"enemies":"Book of Stabbing","floor":23,"turns":7}],"seed_played":"5680855672055539824","potions_obtained":[{"floor":0.0,"key":"Swift Potion"},{"floor":0.0,"key":"SmokeBomb"},{"floor":0.0,"key":"Block Potion"},{"floor":5.0,"key":"PowerPotion"},{"floor":16.0,"key":"Swift Potion"}],"is_trial":false,"path_per_floor":["M","M","?","$","M","E","?","?","T","$","M","M","R","M","R","B",null,"M","?","M","T","?","E"],"character_chosen":"THE_SILENT","items_purchased":["Deflect","Dagger Spray","Membership Card"],"campfire_rested":1,"item_purchase_floors":[4,4,10],"current_hp_per_floor":[66,66,66,66,66,36,36,36,36,36,36,35,56,53,53,16,70,70,70,59,59,59,1,1],"gold":319,"neow_bonus":"THREE_SMALL_POTIONS","is_daily":false,"chose_seed":false,"campfire_upgraded":1,"win_rate":0.0,"timestamp":1609726244,"path_taken":["M","M","?","?","?","E","?","?","T","$","M","M","R","M","R","BOSS","M","?","?","?","?","E"],"items_purchased_type":["Card","Card","Relic"],"build_version":"2020-12-22","purchased_purges":1,"victory":false,"max_hp_per_floor":[70,70,70,70,70,70,70,70,70,70,70,70,70,70,70,70,70,70,70,70,70,70,70,70],"card_choices":[{"not_picked":["Slice","Acrobatics"],"picked":"Underhanded Strike","floor":1.0},{"not_picked":["Quick Slash","Blur"],"picked":"Well Laid Plans","floor":2.0},{"not_picked":["All Out Attack","Leg Sweep"],"picked":"Dagger Spray","floor":5.0},{"not_picked":["Riddle With Holes","Blur"],"picked":"Cloak And Dagger","floor":6.0},{"not_picked":["Quick Slash","Cloak And Dagger"],"picked":"Corpse Explosion","floor":11.0},{"not_picked":["Blur","Dagger Throw"],"picked":"Infinite Blades","floor":12.0},{"not_picked":["Outmaneuver","Deflect"],"picked":"Leg Sweep","floor":14.0},{"not_picked":["Unload","Night Terror"],"picked":"Doppelganger","floor":16.0},{"not_picked":[],"picked":"Well Laid Plans+1","floor":20.0}],"player_experience":60742,"relics_obtained":[{"floor":6.0,"key":"FossilizedHelix"},{"floor":21.0,"key":"Sundial"}],"event_choices":[{"damage_healed":0.0,"max_hp_gain":0.0,"max_hp_loss":0.0,"gold_gain":0.0,"event_name":"The Woman in Blue","player_choice":"Bought 0 Potions","floor":3.0,"gold_loss":0.0,"damage_taken":0.0},{"damage_healed":0.0,"max_hp_gain":0.0,"max_hp_loss":0.0,"gold_gain":0.0,"event_name":"Golden Idol","player_choice":"Take Wound","floor":7.0,"gold_loss":0.0,"damage_taken":0.0,"relics_obtained":["Golden Idol"],"cards_obtained":["Injury"]},{"damage_healed":0.0,"max_hp_gain":0.0,"max_hp_loss":0.0,"gold_gain":100.0,"event_name":"Golden Shrine","player_choice":"Pray","floor":8.0,"gold_loss":0.0,"damage_taken":0.0},{"damage_healed":0.0,"max_hp_gain":0.0,"max_hp_loss":0.0,"gold_gain":100.0,"event_name":"Golden Shrine","player_choice":"Pray","floor":19.0,"gold_loss":0.0,"damage_taken":0.0},{"damage_healed":0.0,"max_hp_gain":0.0,"max_hp_loss":0.0,"gold_gain":0.0,"event_name":"Ghosts","player_choice":"Ignored","floor":22.0,"gold_loss":0.0,"damage_taken":0.0}],"is_beta":false,"boss_relics":[{"not_picked":["Tiny House","SacredBark"],"picked":"Busted Crown"}],"items_purged_floors":[10],"is_endless":false,"potions_floor_spawned":[1,5,11,14,16],"killed_by":"Book of Stabbing","ascension_level":3}}