{"host":"cyiefo55v5hz1ih5","time":1609790939,"event":{"mods":["2.2 Compatiblity","AchievementEnabler","BaseMod","GifTheSpireLib","Hubris","Minty Spire (QoL Compilation)","Replay The Spire","Spicy Shops","StSLib","The Marked"],"gold_per_floor":[118,118,193,209,159,159,187,187,187,187,187,205,205,217,217,322,322,341,352,352,384,399,428,428,462,462,462,139,173,18,18,18,120,120,132,146,146,156,173,202,202,222,222,233,267,267,267,300,300,300,300,300,47,73,73],"floor_reached":56,"playtime":4410,"items_purged":["theMarked:Strike","theMarked:Strike","theMarked:Strike","theMarked:Defend"],"score":1630,"play_id":"077b74bd-0366-4411-823c-64bd8bda23e8","local_time":"20210104150859","is_ascension_mode":true,"campfire_choices":[{"data":"theMarked:SoldierOfQuellstein","floor":6,"key":"SMITH"},{"floor":8,"key":"REST"},{"floor":15,"key":"REST"},{"floor":24,"key":"REST"},{"floor":27,"key":"REST"},{"data":"theMarked:SummonStrength","floor":32,"key":"SMITH"},{"floor":41,"key":"RECALL"},{"data":"theMarked:Strike","floor":46,"key":"PURGE"},{"data":"theMarked:Defend","floor":49,"key":"PURGE"},{"data":"theMarked:Defy","floor":52,"key":"SMITH"}],"circlet_count":0,"master_deck":["theMarked:Defend","theMarked:Defend+1","theMarked:SoldierOfQuellstein+1","theMarked:EnhanceMovement+1","Inflame","theMarked:Static","Dropkick","theMarked:SummonStrength+1","AbeCurse","Pummel","theMarked:MaelstromOfLightning+1","theMarked:ParalyzingBlade","theMarked:Overthink+1","theMarked:Defy+1","theMarked:TwofoldDefense+1","theMarked:SoldierOfQuellstein+1","theMarked:SwordAndMagic","theMarked:TakeOffHeels"],"relics":["theMarked:ArtifactOfAir","NeowsBlessing","hubris:DisguiseKit","War Paint","FossilizedHelix","Pear","Replay:Baseball","hubris:EvacipatedBox","Abe\u0027s Treasure","Red Mask","hubris:SphereOfDissonance","Pen Nib","Replay:Accelerometer","Snack Pack","Bag of Preparation","Lee\u0027s Waffle","Ring of Chaos","Sundial","Peace Pipe","Ice Cream","Replay:Rubber Ducky","ClockworkSouvenir","Akabeko"],"acts_visited":["Exordium","TheCity","TheBeyond","TheEnding"],"potions_floor_usage":[16,18,23,29,42,45,50,55,55,55,55,55],"damage_taken":[{"damage":0,"enemies":"Small Slimes","floor":1,"turns":1},{"damage":0,"enemies":"Jaw Worm","floor":4,"turns":1},{"damage":0,"enemies":"Gremlin Nob","floor":7,"turns":1},{"damage":0,"enemies":"2 Louse","floor":12,"turns":2},{"damage":0,"enemies":"2 Fungi Beasts","floor":14,"turns":3},{"damage":34,"enemies":"Slime Boss","floor":16,"turns":12},{"damage":9,"enemies":"2 Thieves","floor":18,"turns":4},{"damage":0,"enemies":"Spheric Guardian","floor":19,"turns":3},{"damage":26,"enemies":"Masked Bandits","floor":21,"turns":4},{"damage":0,"enemies":"Snake Plant","floor":22,"turns":3},{"damage":24,"enemies":"Gremlin Leader","floor":23,"turns":5},{"damage":39,"enemies":"Slavers","floor":25,"turns":5},{"damage":16,"enemies":"Gremlin Leader","floor":29,"turns":4},{"damage":3,"enemies":"hubris:MusketHawk","floor":33,"turns":5},{"damage":18,"enemies":"3 Darklings","floor":35,"turns":4},{"damage":0,"enemies":"Orb Walker","floor":36,"turns":3},{"damage":0,"enemies":"4 Shapes","floor":38,"turns":3},{"damage":0,"enemies":"Transient","floor":39,"turns":5},{"damage":0,"enemies":"Giant Head","floor":40,"turns":6},{"damage":9,"enemies":"Sphere and 2 Shapes","floor":42,"turns":5},{"damage":0,"enemies":"Jaw Worm Horde","floor":44,"turns":3},{"damage":19,"enemies":"Nemesis","floor":45,"turns":5},{"damage":0,"enemies":"R_Hoarder","floor":48,"turns":5},{"damage":19,"enemies":"hubris:GrandSnecko","floor":50,"turns":6},{"damage":0,"enemies":"Shield and Spear","floor":54,"turns":5},{"damage":42,"enemies":"The Heart","floor":55,"turns":6}],"seed_played":"1962780786839646808","potions_obtained":[{"floor":1,"key":"LiquidMemories"},{"floor":7,"key":"Languid Potion"},{"floor":16,"key":"ColorlessPotion"},{"floor":18,"key":"CultistPotion"},{"floor":19,"key":"Elixir"},{"floor":21,"key":"ColorlessPotion"},{"floor":25,"key":"LiquidBronze"},{"floor":39,"key":"Block Potion"},{"floor":40,"key":"EntropicBrew"},{"floor":42,"key":"AttackPotion"},{"floor":45,"key":"Explosive Potion"}],"is_trial":false,"path_per_floor":["M","?","T","M","?","R","E","R","T","T","?","M","$","M","R","B",null,"M","M","?","?","M","E","R","E","T","R","$","E","$","$","R","B",null,"M","M","?","M","M","E","R","M","T","M","E","R","?","E","R","B",null,"R","$","E","B",null],"character_chosen":"THE_DEFAULT","items_purchased":["hubris:EvacipatedBox","Snack Pack","Lee\u0027s Waffle","ClockworkSouvenir"],"campfire_rested":4,"item_purchase_floors":[13,28,30,53],"current_hp_per_floor":[70,37,37,37,37,37,37,58,58,68,68,68,37,37,61,27,80,71,71,71,45,45,21,45,6,6,30,30,14,87,87,87,86,87,71,71,71,73,77,81,81,74,74,76,59,59,59,61,61,50,87,87,87,87,49],"gold":73,"neow_bonus":"THREE_ENEMY_KILL","is_daily":false,"chose_seed":false,"campfire_upgraded":3,"win_rate":0.0,"timestamp":1609790939,"path_taken":["M","?","?","M","?","R","E","R","T","?","?","?","?","M","R","BOSS","M","M","?","?","M","E","R","E","T","R","$","E","?","$","R","BOSS","M","M","?","M","M","E","R","?","T","M","E","R","?","E","R","BOSS","R","$","E","BOSS"],"items_purchased_type":["Relic","Relic","Relic","Relic"],"build_version":"2020-12-22","purchased_purges":4,"victory":true,"max_hp_per_floor":[70,70,70,70,70,70,70,70,70,80,80,80,80,80,80,80,80,80,80,80,80,80,80,80,80,80,80,80,80,87,87,87,87,87,87,87,87,87,87,87,87,87,87,87,87,87,87,87,87,87,87,87,87,87,87],"card_choices":[{"not_picked":["theMarked:PowerFlow","theMarked:Reabsorb"],"picked":"theMarked:EnhanceMovement","floor":1},{"not_picked":["theMarked:ElectricStrings","theMarked:Improvise","theMarked:Parry"],"picked":"Inflame","floor":4},{"not_picked":["theMarked:Overthink","theMarked:Overcharge","Havoc"],"picked":"theMarked:Static","floor":7},{"not_picked":["theMarked:MysticalArsenal","theMarked:WardOff","theMarked:RepellingDischarge"],"picked":"Dropkick","floor":12},{"not_picked":["theMarked:Standoff","theMarked:ResourceFulStrike","theMarked:Parry","Wild Strike"],"picked":"SKIP","floor":14},{"not_picked":["theMarked:ThrowWeapon","theMarked:SoldierForm","Offering"],"picked":"theMarked:SummonStrength","floor":16},{"not_picked":["theMarked:HeritageOfTheMarked","theMarked:Parkour","theMarked:TunnelVision+1"],"picked":"Pummel","floor":18},{"not_picked":["theMarked:ChainLightning","theMarked:BanishingStrike","Searing Blow"],"picked":"theMarked:MaelstromOfLightning+1","floor":19},{"not_picked":["theMarked:EmpowerWeapon","theMarked:Overcharge","ReplayTheSpireMod:Muscle Training"],"picked":"theMarked:ParalyzingBlade","floor":21},{"not_picked":["theMarked:Seal","theMarked:Parkour","theMarked:Parry","Shrug It Off"],"picked":"SKIP","floor":22},{"not_picked":["theMarked:Aftermath","theMarked:HeritageOfTheMarked","theMarked:EmpowerWeapon","Shrug It Off"],"picked":"SKIP","floor":23},{"not_picked":["theMarked:WardOff+1","theMarked:GodGivenPower","Twin Strike"],"picked":"theMarked:Overthink+1","floor":25},{"not_picked":["theMarked:WardOff","theMarked:Electrify","theMarked:Frustration+1","Abandon"],"picked":"SKIP","floor":29},{"not_picked":["theMarked:MagicAdept","theMarked:BindingBlade","Bludgeon"],"picked":"theMarked:Defy","floor":33},{"not_picked":["theMarked:WardOff","theMarked:AttractMetal","Massacre"],"picked":"theMarked:TwofoldDefense+1","floor":35},{"not_picked":["theMarked:MaelstromOfLightning+1","theMarked:Parkour","theMarked:WastefulAttack+1","Thunderclap"],"picked":"SKIP","floor":36},{"not_picked":["theMarked:Frustration","theMarked:RepellingDischarge","theMarked:WastefulAttack","Hemokinesis"],"picked":"SKIP","floor":38},{"not_picked":["theMarked:TwofoldDefense","theMarked:ChannelForce","theMarked:CreepingChasm","Havoc"],"picked":"SKIP","floor":39},{"not_picked":["theMarked:RepellingDischarge+1","theMarked:HeightenedSenses+1","theMarked:Static+1","Spot Weakness"],"picked":"SKIP","floor":40},{"not_picked":["theMarked:ChainLightning","theMarked:WastefulDefense","Searing Blow"],"picked":"theMarked:SwordAndMagic","floor":42},{"not_picked":["theMarked:Frustration+1","theMarked:Generate+1","theMarked:MaelstromOfLightning","Replay:Undeath\u0027s Touch"],"picked":"SKIP","floor":44},{"not_picked":["theMarked:RogueSparks+1","theMarked:TwofoldDefense+1","theMarked:MysticalArsenal","Wild Strike"],"picked":"SKIP","floor":45},{"not_picked":["theMarked:EmpowerWeapon+1","theMarked:WastefulDefense+1","theMarked:SwordAndMagic+1","Spot Weakness"],"picked":"SKIP","floor":48},{"not_picked":["theMarked:Static+1","theMarked:Improvise","Pommel Strike"],"picked":"theMarked:TakeOffHeels","floor":54}],"player_experience":612346,"relics_obtained":[{"floor":7,"key":"War Paint"},{"floor":9,"key":"FossilizedHelix"},{"floor":10,"key":"Pear"},{"floor":21,"key":"Red Mask"},{"floor":23,"key":"hubris:SphereOfDissonance"},{"floor":25,"key":"Pen Nib"},{"floor":26,"key":"Replay:Accelerometer"},{"floor":29,"key":"Bag of Preparation"},{"floor":40,"key":"Sundial"},{"floor":43,"key":"Peace Pipe"},{"floor":45,"key":"Ice Cream"},{"floor":48,"key":"Replay:Rubber Ducky"},{"floor":54,"key":"Akabeko"}],"event_choices":[{"damage_healed":0,"gold_gain":0,"player_choice":"Success","damage_taken":33,"relics_obtained":["hubris:DisguiseKit"],"max_hp_gain":0,"max_hp_loss":0,"event_name":"Scrap Ooze","floor":2,"gold_loss":0},{"cards_removed":["theMarked:Strike"],"damage_healed":0,"gold_gain":0,"player_choice":"Card Removal","damage_taken":0,"max_hp_gain":0,"max_hp_loss":0,"event_name":"The Cleric","floor":5,"gold_loss":50},{"damage_healed":0,"gold_gain":0,"player_choice":"Gave Potion","damage_taken":0,"relics_obtained":["Replay:Baseball"],"max_hp_gain":0,"max_hp_loss":0,"event_name":"WeMeetAgain","floor":11,"gold_loss":0},{"damage_healed":0,"gold_gain":0,"player_choice":"Fought Bandits","damage_taken":0,"max_hp_gain":0,"max_hp_loss":0,"event_name":"Masked Bandits","floor":21,"gold_loss":0},{"damage_healed":0,"gold_gain":0,"player_choice":"Copied","damage_taken":0,"max_hp_gain":0,"max_hp_loss":0,"event_name":"Duplicator","floor":37,"gold_loss":0,"cards_obtained":["theMarked:SoldierOfQuellstein"]}],"is_beta":false,"boss_relics":[{"not_picked":["Snecko Eye","Ectoplasm","hubris:CrackedHourglass"],"picked":"Abe\u0027s Treasure"},{"not_picked":["Kintsugi","hubris:VirtuousBlindfold","Calling Bell"],"picked":"Ring of Chaos"}],"items_purged_floors":[13,13,28,53],"is_endless":false,"potions_floor_spawned":[1,7,16,18,19,21,25,39,40,42,45,48],"ascension_level":2}}