{"host":"j5gdvqtwmxqn6tw6","time":1609800393,"event":{"mods":["BaseMod","Colored Map","Colored Powertips","Downfall","Hermit","Marisa????????","Minty Spire (QoL Compilation)","Replay The Spire","StSLib","SuperFastMode","The Servant 0.9.4"],"gold_per_floor":[117,42,54,54,66,93,93,103,126,140,160,195,205,225,225,323,323,340,355,368,368,368,394,140,171,226,226,258,48,48,48,48,48,48],"floor_reached":33,"playtime":1092,"items_purged":["Strike_R","Strike_R","Strike_R"],"score":317,"play_id":"affe028d-a7e9-4cbc-a441-58b3b3e89e01","local_time":"20210104234633","is_ascension_mode":false,"campfire_choices":[{"data":"Bash","floor":7,"key":"SMITH"},{"data":"Demon Form","floor":27,"key":"SMITH"},{"data":"Limit Break","floor":30,"key":"SMITH"},{"floor":32,"key":"REST"}],"circlet_count":0,"master_deck":["Strike_R","Strike_R","Defend_R","Defend_R","Defend_R","Defend_R","Bash+1","Rampage","Cleave","Cleave+1","Clothesline","Demon Form+1","Shrug It Off","Shrug It Off","Pot Of Greed","Pot Of Greed","Limit Break+1"],"relics":["Burning Blood","Tiny Chest","Anchor","Pet Ghost","Painkiller Herb","CaptainsWheel","Nilry\u0027s Codex","Gambling Chip","Regal Pillow","Grinning Jar","Blue Doll","Replay:Bottled Flurry","Membership Card","Champion Belt"],"acts_visited":["Exordium","TheCity"],"potions_floor_usage":[12,16,25,33,33,33],"damage_taken":[{"damage":5,"enemies":"Cultist","floor":1,"turns":4},{"damage":1,"enemies":"Jaw Worm","floor":3,"turns":3},{"damage":1,"enemies":"2 Louse","floor":5,"turns":3},{"damage":26,"enemies":"Lagavulin","floor":6,"turns":7},{"damage":8,"enemies":"Blue Slaver","floor":8,"turns":5},{"damage":0,"enemies":"Gremlin Gang","floor":10,"turns":1},{"damage":0,"enemies":"Large Slime","floor":11,"turns":5},{"damage":30,"enemies":"3 Sentries","floor":12,"turns":7},{"damage":5,"enemies":"Exordium Thugs","floor":13,"turns":5},{"damage":14,"enemies":"3 Louse","floor":14,"turns":3},{"damage":48,"enemies":"The Guardian","floor":16,"turns":13},{"damage":11,"enemies":"Shell Parasite","floor":18,"turns":5},{"damage":10,"enemies":"3 Byrds","floor":19,"turns":4},{"damage":9,"enemies":"Snecko","floor":20,"turns":4},{"damage":38,"enemies":"Gremlin Leader","floor":23,"turns":6},{"damage":3,"enemies":"Slavers","floor":25,"turns":5},{"damage":4,"enemies":"Gremlin Leader","floor":28,"turns":5},{"damage":75,"enemies":"Automaton","floor":33,"turns":6}],"seed_played":"-5721200435592695966","potions_obtained":[{"floor":5,"key":"DistilledChaos"},{"floor":11,"key":"Regen Potion"},{"floor":12,"key":"Milkshake"},{"floor":14,"key":"Toxic Potion"},{"floor":18,"key":"Doom Potion"},{"floor":25,"key":"Strength Potion"},{"floor":28,"key":"AttackPotion"}],"is_trial":false,"path_per_floor":["M","$","M","?","M","E","R","M","T","M","M","E","M","M","R_BF","B",null,"?","?","?","T","?","E","T","E","T","T","E","T","T","T","T","B"],"character_chosen":"IRONCLAD","items_purchased":["Regal Pillow","Membership Card"],"campfire_rested":1,"item_purchase_floors":[24,29],"current_hp_per_floor":[88,88,88,88,88,68,68,66,66,72,78,68,69,61,87,45,88,83,79,76,76,60,28,28,31,31,31,33,33,33,33,74,0,0],"gold":48,"neow_bonus":"TEN_PERCENT_HP_BONUS","is_daily":false,"chose_seed":false,"campfire_upgraded":3,"win_rate":0.0,"timestamp":1609800393,"path_taken":["M","$","?","?","M","E","R","M","T","M","M","E","?","M","R_BF","BOSS","?","?","?","?","?","E","T","E","T","T","E","T","T","?","T","BOSS"],"items_purchased_type":["Relic","Relic"],"build_version":"2020-12-22","purchased_purges":3,"victory":false,"max_hp_per_floor":[88,88,88,88,88,88,88,88,88,88,88,88,88,88,88,88,88,88,88,88,88,88,88,88,88,88,88,88,88,88,88,88,88,88],"card_choices":[{"not_picked":["Armaments","Rage"],"picked":"Rampage","floor":1},{"not_picked":["Blood for Blood","ReplayTheSpireMod:Strike From Hell"],"picked":"Iron Wave","floor":3},{"not_picked":["Whirlwind","Heavy Blade"],"picked":"Cleave","floor":5},{"not_picked":["Headbutt","Twin Strike","Abandon"],"picked":"SKIP","floor":6},{"not_picked":["Spot Weakness","Carnage"],"picked":"Cleave","floor":8},{"not_picked":["ReplayTheSpireMod:Strike From Hell","Hemokinesis"],"picked":"Clothesline","floor":10},{"not_picked":["Rampage","Armaments","Second Wind"],"picked":"SKIP","floor":11},{"not_picked":["Pommel Strike","Defy Death","Anger"],"picked":"SKIP","floor":12},{"not_picked":["Replay:Many Hands","Sever Soul","Anger"],"picked":"SKIP","floor":13},{"not_picked":["Body Slam","Rampage","Havoc"],"picked":"SKIP","floor":14},{"not_picked":["Reaper","Limit Break"],"picked":"Demon Form","floor":16},{"not_picked":["Hemokinesis+1","Anger","Flex"],"picked":"SKIP","floor":18},{"not_picked":["Blood for Blood","ReplayTheSpireMod:LeadingStrike"],"picked":"Shrug It Off","floor":19},{"not_picked":["Armaments","Wild Strike"],"picked":"Shrug It Off","floor":20},{"not_picked":["Blood for Blood+1","Cleave","ReplayTheSpireMod:LeadingStrike"],"picked":"SKIP","floor":23},{"not_picked":["Perfected Strike","Anger","Life Link"],"picked":"SKIP","floor":25},{"not_picked":["Combust","Rage"],"picked":"Limit Break","floor":28}],"player_experience":82063,"relics_obtained":[{"floor":6,"key":"Tiny Chest"},{"floor":9,"key":"Anchor"},{"floor":12,"key":"Pet Ghost"},{"floor":21,"key":"CaptainsWheel"},{"floor":22,"key":"Nilry\u0027s Codex"},{"floor":23,"key":"Gambling Chip"},{"floor":25,"key":"Grinning Jar"},{"floor":26,"key":"Blue Doll"},{"floor":28,"key":"Replay:Bottled Flurry"},{"floor":31,"key":"Champion Belt"}],"event_choices":[{"cards_removed":["Iron Wave"],"damage_healed":5,"gold_gain":0,"player_choice":"Offered Common","damage_taken":0,"max_hp_gain":0,"max_hp_loss":0,"event_name":"Bonfire Elementals","floor":4,"gold_loss":0},{"cards_removed":["Iron Wave"],"damage_healed":5,"gold_gain":0,"player_choice":"Offered Special","damage_taken":0,"max_hp_gain":0,"max_hp_loss":0,"event_name":"Bonfire Elementals","floor":4,"gold_loss":0},{"damage_healed":0,"gold_gain":0,"player_choice":"Obtained Book","damage_taken":16,"max_hp_gain":0,"max_hp_loss":0,"event_name":"Cursed Tome","floor":22,"gold_loss":0}],"is_beta":false,"boss_relics":[{"not_picked":["Astrolabe","Kintsugi"],"picked":"Painkiller Herb"}],"items_purged_floors":[2,24,29],"is_endless":false,"potions_floor_spawned":[5,11,12,14,18,20,25,28],"killed_by":"Automaton","ascension_level":0}}