{"host":"922zt4fjsmmy4kg9","time":1609801786,"event":{"mods":["A Magickal Journey","Act Like it!","BaseMod","Better Third Choice","Downfall","Friendly Minions","Hermit","HololiveMod","Hubris","Jorbs\u0027s Wanderer Trilogy","Kiyohime????","Koishi","Marisa????????","Minty Spire (QoL Compilation)","Quick Restart","Reimu??????","Shop Mod","Spicy Shops","StSLib","SuperFastMode","The Animator","The Disciple","The Runesmith"],"gold_per_floor":[99,111,111,111,286,398,398,431,190,205,205,39,39,178,189,189,189],"floor_reached":16,"playtime":640,"items_purged":["Doubt"],"score":161,"play_id":"4299b8c8-6041-4f46-b99f-f3aa3580aab9","local_time":"20210105100946","is_ascension_mode":true,"campfire_choices":[{"data":"animator:YuiTsuruno","floor":1.0,"key":"SMITH"},{"data":"animator:DwarfShaman","floor":13.0,"key":"SMITH"}],"circlet_count":0,"master_deck":["AscendersBane","animator:Strike_MadokaMagica","animator:Defend_MadokaMagica","animator:Strike","animator:Strike","animator:Strike","animator:Defend","animator:Defend","animator:Defend","animator:IrohaTamaki","animator:YuiTsuruno+1","animator:DwarfShaman+1","animator:YuiTsuruno","animator:SayakaMiki","animator:KrulTepes","animator:IrohaTamaki","animator:RoyMustang","animator:RoyMustang","animator:Rena","animator:Elesis"],"relics":["animator:LivingPicture","animator:TheMissingPiece","downfall:HeartsMalice","hubris:Icosahedron","White Beast Statue","Runesmith:Nanobots","RuthlessExorcism:ReiMu","Guardian:PocketSentry","hubris:Towel","Tiny Chest","hubris:Zylophone"],"acts_visited":["Exordium"],"potions_floor_usage":[16,16],"damage_taken":[{"damage":0.0,"enemies":"Small Slimes","floor":2.0,"turns":1.0},{"damage":0.0,"enemies":"2 Louse","floor":3.0,"turns":1.0},{"damage":0.0,"enemies":"downfall:LadyInBlue","floor":6.0,"turns":1.0},{"damage":20.0,"enemies":"Lagavulin","floor":8.0,"turns":8.0},{"damage":15.0,"enemies":"downfall:FleeingMerchant","floor":9.0,"turns":4.0},{"damage":0.0,"enemies":"Cultist","floor":10.0,"turns":2.0},{"damage":0.0,"enemies":"downfall:FleeingMerchant","floor":12.0,"turns":4.0},{"damage":3.0,"enemies":"Gremlin Nob","floor":14.0,"turns":3.0},{"damage":12.0,"enemies":"Exordium Wildlife","floor":15.0,"turns":1.0},{"damage":19,"enemies":"downfall:Ironclad","floor":16,"turns":3}],"seed_played":"3791817763323367272","potions_obtained":[{"floor":6.0,"key":"LiquidMemories"},{"floor":6.0,"key":"Fire Potion"},{"floor":6.0,"key":"Weak Potion"},{"floor":8.0,"key":"PowerPotion"},{"floor":9.0,"key":"Block Potion"},{"floor":10.0,"key":"LiquidBronze"},{"floor":12.0,"key":"Explosive Potion"},{"floor":14.0,"key":"EssenceOfSteel"},{"floor":15.0,"key":"DistilledChaos"}],"is_trial":false,"path_per_floor":["R","M","M","?","?","?","T","E","$","M","?","$","R","E","M","B"],"character_chosen":"THE_ANIMATOR","items_purchased":["Guardian:PocketSentry","Tiny Chest"],"campfire_rested":0,"item_purchase_floors":[9,12],"current_hp_per_floor":[59,59,59,59,59,59,59,39,24,24,24,24,24,21,10,0,0],"gold":189,"neow_bonus":"THREE_ENEMY_KILL","is_daily":false,"chose_seed":false,"campfire_upgraded":2,"win_rate":0.0,"timestamp":1609801786,"path_taken":["R","M","M","?","?","?","T","E","$","?","?","$","R","E","M","BOSS"],"items_purchased_type":["Relic","Relic"],"build_version":"2020-12-22","purchased_purges":1,"victory":false,"max_hp_per_floor":[66,66,66,66,66,66,66,66,66,66,66,66,66,66,67,67,67],"card_choices":[{"not_picked":["animator:Shinoa","animator:Add"],"picked":"animator:DwarfShaman","floor":2.0},{"not_picked":["animator:MaesHughes","animator:Elsword"],"picked":"animator:YuiTsuruno","floor":3.0},{"not_picked":["animator:Geryuganshoop","animator:ZankiKiguchi"],"picked":"animator:SayakaMiki","floor":6.0},{"not_picked":["animator:HiiragiShinya","animator:Mitsuba"],"picked":"animator:KrulTepes","floor":8.0},{"not_picked":["animator:Sloth","animator:Ara"],"picked":"animator:IrohaTamaki","floor":9.0},{"not_picked":["animator:Shinoa","animator:Yoichi"],"picked":"animator:RoyMustang","floor":10.0},{"not_picked":["animator:Konayuki","animator:WinryRockbell"],"picked":"animator:RoyMustang","floor":12.0},{"not_picked":["animator:UneriGinkaku","animator:Raven"],"picked":"animator:Rena","floor":14.0},{"not_picked":["animator:Elsword","animator:Raven"],"picked":"animator:Elesis","floor":15.0}],"player_experience":1319312,"relics_obtained":[{"floor":6.0,"key":"White Beast Statue"},{"floor":7.0,"key":"Runesmith:Nanobots"},{"floor":8.0,"key":"RuthlessExorcism:ReiMu"},{"floor":14.0,"key":"hubris:Zylophone"}],"event_choices":[],"is_beta":false,"boss_relics":[],"items_purged_floors":[9],"is_endless":false,"potions_floor_spawned":[8,9,10,12,14,15],"killed_by":"downfall:Ironclad","ascension_level":11}}