{"host":"baymyijz6sxaqj5s","time":1609761606,"event":{"mods":["AchievementEnabler","BaseMod","Colored Map","Colored Powertips","DeckTracker","Highlight Path","KOR Keyword Fix","Keyboard Shortcuts","Minty Spire (QoL Compilation)","Quick Restart","StSLib","SuperFastMode"],"gold_per_floor":[118,83,103,121,121,121,132,132,183,183,196,196,196,206,206,206,206],"floor_reached":16,"playtime":283,"items_purged":[],"score":106,"play_id":"3df453f1-9de9-444a-ab70-67152996575a","local_time":"20210104210006","is_ascension_mode":true,"campfire_choices":[{"data":"Body Slam","floor":6,"key":"SMITH"},{"data":"Ghostly Armor","floor":8,"key":"SMITH"},{"data":"Sword Boomerang","floor":10,"key":"SMITH"},{"data":"Flame Barrier","floor":13,"key":"SMITH"},{"data":"Thunderclap","floor":15,"key":"SMITH"}],"circlet_count":0,"master_deck":["Strike_R","Strike_R","Strike_R","Strike_R","Defend_R","Defend_R","Defend_R","Defend_R","Bash","Body Slam+1","Ghostly Armor+1","Sword Boomerang+1","Flame Barrier+1","Thunderclap+1"],"relics":["Burning Blood","Omamori"],"acts_visited":["Exordium"],"potions_floor_usage":[7,14],"damage_taken":[{"damage":12,"enemies":"Small Slimes","floor":1,"turns":4},{"damage":5,"enemies":"2 Louse","floor":3,"turns":4},{"damage":9,"enemies":"Jaw Worm","floor":4,"turns":5},{"damage":0,"enemies":"Lots of Slimes","floor":7,"turns":2},{"damage":18,"enemies":"Large Slime","floor":11,"turns":9},{"damage":0,"enemies":"2 Fungi Beasts","floor":14,"turns":3},{"damage":75,"enemies":"Slime Boss","floor":16,"turns":9}],"seed_played":"-4415217058032239219","potions_obtained":[{"floor":3,"key":"AttackPotion"},{"floor":7,"key":"Block Potion"}],"is_trial":false,"path_per_floor":["M","?","M","M","?","R","M","R","T","R","M","?","R","M","R","B"],"character_chosen":"IRONCLAD","items_purchased":[],"campfire_rested":0,"item_purchase_floors":[],"current_hp_per_floor":[82,88,88,85,78,78,84,84,84,84,72,72,72,78,78,3,3],"gold":206,"neow_bonus":"TEN_PERCENT_HP_BONUS","is_daily":false,"chose_seed":false,"campfire_upgraded":5,"win_rate":0.0,"timestamp":1609761606,"path_taken":["M","?","M","M","?","R","M","R","T","R","M","?","R","?","R","BOSS"],"items_purchased_type":[],"build_version":"2020-12-22","purchased_purges":0,"victory":false,"max_hp_per_floor":[88,88,88,88,88,88,88,88,88,88,88,88,88,88,88,88,88],"card_choices":[{"not_picked":["Warcry","Hemokinesis","Clothesline"],"picked":"SKIP","floor":1},{"not_picked":["Flex","Perfected Strike"],"picked":"Body Slam","floor":3},{"not_picked":["Headbutt","Perfected Strike"],"picked":"Ghostly Armor","floor":4},{"not_picked":["Cleave","Thunderclap"],"picked":"Sword Boomerang","floor":7},{"not_picked":["Dropkick","Clothesline"],"picked":"Flame Barrier","floor":11},{"not_picked":["Wild Strike","Infernal Blade"],"picked":"Thunderclap","floor":14}],"player_experience":323191,"relics_obtained":[{"floor":9,"key":"Omamori"}],"event_choices":[{"damage_healed":22,"gold_gain":0,"player_choice":"Healed","damage_taken":0,"max_hp_gain":0,"max_hp_loss":0,"event_name":"The Cleric","floor":2,"gold_loss":35},{"cards_removed":["Strike_R"],"damage_healed":0,"gold_gain":0,"player_choice":"Card Removal","damage_taken":7,"max_hp_gain":0,"max_hp_loss":0,"event_name":"Golden Wing","floor":5,"gold_loss":0},{"damage_healed":0,"gold_gain":0,"player_choice":"Ignored","damage_taken":0,"max_hp_gain":0,"max_hp_loss":0,"event_name":"Liars Game","floor":12,"gold_loss":0}],"is_beta":false,"boss_relics":[],"items_purged_floors":[],"is_endless":false,"potions_floor_spawned":[3,7],"killed_by":"Slime Boss","ascension_level":3}}