{"host":"bf9sa99gaumonoeu","time":1609768950,"event":{"mods":["AchievementEnabler","Act Like it!","BaseMod","Better Sensory Stone","Colored Map","Colored Powertips","Downfall","Duelist Mod","Friendly Minions","Gensokyo","GifTheSpireLib","Hallownest","Hermit","Hubris","Jorbs\u0027s Wanderer Trilogy","KinomotoSakuraMod(????)","Koishi","Lobotomy","Marisa????????","Minty Spire (QoL Compilation)","Rare Cards Sparkle","Reimu??????","Remilia??????","Replay The Spire","Shop Mod","StSLib","The Administrix","The Animator","The Blue Laboratory","The Bug Knight","The Construct","The Cursed","The Disciple","The Hierophant","The Mystic","The Necromancer","The Poker Player","The Runesmith","The Senshi","The Servant 0.9.4","Waifu the Spire"],"gold_per_floor":[212,137,64,93,104,104,122,168,168,168,182,182,182,210,210,210,210],"floor_reached":16,"playtime":1535,"items_purged":[],"score":134,"play_id":"a4c71a3d-26c1-4b46-88c2-f8769909bea3","local_time":"20210104120230","is_ascension_mode":true,"campfire_choices":[{"data":"animator:NarberalGamma","floor":6,"key":"SMITH"},{"floor":10,"key":"REST"},{"floor":12,"key":"REST"},{"floor":15,"key":"REST"}],"circlet_count":0,"master_deck":["animator:Strike_Overlord","animator:Defend_Overlord","animator:Strike","animator:Strike","animator:Defend","animator:Defend","animator:Cocytus","animator:Demiurge","Hallownest:skillGreenpathMap","animator:NarberalGamma+1","animator:PandorasActor","animator:Millim","animator:Entoma+2","animator:Mitsurugi","animator:Souei","animator:ElricAlphonse"],"relics":["animator:LivingPicture","animator:TheMissingPiece","Runesmith:AutoHammer","WingedGreaves"],"acts_visited":["Hallownest:Greenpath"],"potions_floor_usage":[11,13,14],"damage_taken":[{"damage":9,"enemies":"Hallownest:monsterHuskGuard","floor":1,"turns":4},{"damage":5,"enemies":"Hallownest:2_MossCreeps","floor":4,"turns":6},{"damage":0,"enemies":"Hallownest:2_Baldur","floor":5,"turns":6},{"damage":19,"enemies":"Hallownest:monsterMossCharger","floor":7,"turns":7},{"damage":12,"enemies":"Hallownest:eliteMossKnight","floor":8,"turns":11},{"damage":23,"enemies":"Hallownest:1_Baldur_1_Crawlid_1_Warrior","floor":11,"turns":7},{"damage":2,"enemies":"Hallownest:monsterMarmu","floor":13,"turns":5},{"damage":0,"enemies":"Hallownest:Guard_and_Warrior","floor":14,"turns":6},{"damage":61,"enemies":"Hallownest:BossBrokenVessel","floor":16,"turns":7}],"seed_played":"6638729512026015041","potions_obtained":[{"floor":4,"key":"Weak Potion"},{"floor":5,"key":"blueLaboratory:ImpenetrablePotion"},{"floor":8,"key":"blueLaboratory:PhilterOfMotion"},{"floor":11,"key":"blueLaboratory:BottleOfRum"}],"is_trial":false,"path_per_floor":["M","?","$","M","M","R","M","E","T","R","M","R","?","M","R","B"],"character_chosen":"THE_ANIMATOR","items_purchased":["animator:NarberalGamma"],"campfire_rested":3,"item_purchase_floors":[3],"current_hp_per_floor":[50,50,50,45,45,45,27,15,15,35,14,34,32,34,55,0,0],"gold":210,"neow_bonus":"HUNDRED_GOLD","is_daily":false,"chose_seed":false,"campfire_upgraded":1,"win_rate":0.0,"timestamp":1609768950,"path_taken":["M","?","$","M","M","R","M","E","T","R","M","R","?","M","R","BOSS"],"items_purchased_type":["Card"],"build_version":"2020-12-22","purchased_purges":0,"victory":false,"max_hp_per_floor":[66,66,66,66,66,66,67,67,67,67,69,69,69,71,71,71,71],"card_choices":[{"not_picked":["animator:Sloth","animator:YuiTsuruno","animator:Verdia"],"picked":"SKIP","floor":1},{"not_picked":["animator:WinryRockbell","animator:Witch"],"picked":"animator:PandorasActor","floor":4},{"not_picked":["animator:SayakaMiki","animator:YuiTsuruno"],"picked":"animator:Millim","floor":5},{"not_picked":["animator:Demiurge","animator:Cocytus"],"picked":"animator:Entoma","floor":7},{"not_picked":["animator:Benimaru","animator:MaesHughes"],"picked":"animator:Mitsurugi","floor":8},{"not_picked":["animator:Vanir","animator:Fredrika"],"picked":"animator:Souei","floor":11},{"not_picked":["animator:Gillette","animator:IrohaTamaki"],"picked":"animator:ElricAlphonse","floor":14}],"player_experience":735995,"relics_obtained":[{"floor":8,"key":"Runesmith:AutoHammer"},{"floor":9,"key":"WingedGreaves"}],"event_choices":[],"is_beta":false,"boss_relics":[],"items_purged_floors":[],"is_endless":false,"potions_floor_spawned":[4,5,8,11,13],"killed_by":"Hallownest:BossBrokenVessel","ascension_level":7}}