{"host":"ixl9a8gzl87gveif","time":1609794145,"event":{"mods":["2.2 Compatiblity","BaseMod","Better Note","Colored Map","Colored Powertips","Minty Spire (QoL Compilation)","Permanent Neow","Relic Stats","StSLib","everything is the same but u backflip on backflip"],"gold_per_floor":[114,133,283,283,100,127,127,159,159,159,177,188,188,188,188,265,265,285,300,105,105,20,20,50,69,92,112,112,123,123,150,150,150,150],"floor_reached":33,"playtime":1232,"items_purged":["Doubt","Strike_B"],"score":636,"play_id":"c6863982-c903-445b-aac1-d933813db976","local_time":"20210104210225","is_ascension_mode":true,"campfire_choices":[{"floor":7,"key":"REST"},{"data":"Sweeping Beam","floor":10,"key":"SMITH"},{"floor":13,"key":"REST"},{"data":"Undo","floor":15,"key":"SMITH"},{"data":"Rip and Tear","floor":23,"key":"SMITH"},{"data":"Go for the Eyes","floor":28,"key":"SMITH"},{"floor":30,"key":"REST"},{"data":"Reinforced Body","floor":32,"key":"SMITH"}],"circlet_count":0,"master_deck":["AscendersBane","Defend_B+1","Defend_B","Defend_B","Zap","Dualcast+1","Sweeping Beam+1","Undo+1","Hologram","Turbo","Heatsinks+1","Rebound","Recycle","Echo Form+1","Beam Cell+1","Seek+1","Hyperbeam+1","Hologram","Rip and Tear+1","Finesse","Reinforced Body+1","Go for the Eyes+1","FTL","Conserve Battery+1"],"relics":["SlaversCollar","Pen Nib","Frozen Egg 2","Blue Candle","Astrolabe","Juzu Bracelet","Centennial Puzzle","Oddly Smooth Stone","Gambling Chip"],"acts_visited":["Exordium","TheCity"],"potions_floor_usage":[6,8,16,24,25,27,29,33],"damage_taken":[{"damage":2,"enemies":"Jaw Worm","floor":1,"turns":4},{"damage":4,"enemies":"2 Louse","floor":2,"turns":3},{"damage":23,"enemies":"Gremlin Nob","floor":6,"turns":4},{"damage":10,"enemies":"3 Sentries","floor":8,"turns":5},{"damage":0,"enemies":"Cultist","floor":11,"turns":3},{"damage":8,"enemies":"Looter","floor":12,"turns":3},{"damage":2,"enemies":"The Guardian","floor":16,"turns":12},{"damage":2,"enemies":"Chosen","floor":18,"turns":5},{"damage":2,"enemies":"Shell Parasite","floor":19,"turns":3},{"damage":33,"enemies":"Gremlin Leader","floor":24,"turns":5},{"damage":5,"enemies":"Snecko","floor":25,"turns":4},{"damage":9,"enemies":"Centurion and Healer","floor":27,"turns":2},{"damage":22,"enemies":"Snake Plant","floor":29,"turns":5},{"damage":1,"enemies":"Slavers","floor":31,"turns":2},{"damage":39,"enemies":"Automaton","floor":33,"turns":6}],"seed_played":"-2325167783947941857","potions_obtained":[{"floor":6,"key":"FocusPotion"},{"floor":8,"key":"EssenceOfDarkness"},{"floor":12,"key":"Energy Potion"},{"floor":16,"key":"DistilledChaos"},{"floor":19,"key":"SkillPotion"},{"floor":24,"key":"PotionOfCapacity"},{"floor":27,"key":"EntropicBrew"}],"is_trial":false,"path_per_floor":["M","M","?","?","$","E","R","E","T","R","M","M","R","?","R","B",null,"M","M","$","?","?","R","E","M","T","M","R","M","R","E","R","B"],"character_chosen":"DEFECT","items_purchased":["AttackPotion","Explosive Potion","Finesse"],"campfire_rested":3,"item_purchase_floors":[5,5,20],"current_hp_per_floor":[62,58,58,37,37,14,35,25,25,25,25,17,38,38,38,36,62,60,58,58,58,58,58,25,20,20,11,11,3,24,23,23,0,0],"gold":150,"neow_bonus":"BOSS_RELIC","is_daily":false,"chose_seed":false,"campfire_upgraded":5,"win_rate":0.0,"timestamp":1609794145,"path_taken":["M","M","?","?","$","E","R","E","T","R","M","M","R","?","R","BOSS","M","M","$","?","?","R","E","M","T","M","R","M","R","E","R","BOSS"],"items_purchased_type":["Potion","Potion","Card"],"build_version":"2020-12-22","purchased_purges":2,"victory":false,"max_hp_per_floor":[71,71,71,71,71,71,71,71,71,71,71,71,71,71,71,71,71,71,71,71,71,71,71,71,71,71,71,71,71,71,71,71,71,71],"relic_stats":{"Centennial Puzzle":[15],"counters":[15,66],"Blue Candle":[0],"Astrolabe":["Beam Cell","Seek","Hyperbeam"],"Gambling Chip":[2],"Pen Nib":[8],"Juzu Bracelet":0,"obtain_stats":[{"SlaversCollar":0,"Centennial Puzzle":24,"Blue Candle":9,"Astrolabe":17,"Gambling Chip":31,"Oddly Smooth Stone":26,"Pen Nib":6,"Juzu Bracelet":22,"Frozen Egg 2":8,"Cracked Core":0},{"SlaversCollar":0,"Centennial Puzzle":10,"Blue Candle":4,"Astrolabe":7,"Gambling Chip":14,"Oddly Smooth Stone":11,"Pen Nib":3,"Juzu Bracelet":9,"Frozen Egg 2":4,"Cracked Core":0},{"SlaversCollar":0,"Centennial Puzzle":47,"Blue Candle":16,"Astrolabe":34,"Gambling Chip":60,"Oddly Smooth Stone":51,"Pen Nib":11,"Juzu Bracelet":42,"Frozen Egg 2":16,"Cracked Core":0}]},"card_choices":[{"not_picked":["Steam","Compile Driver"],"picked":"Sweeping Beam","floor":1},{"not_picked":["Leap","Conserve Battery"],"picked":"Undo","floor":2},{"not_picked":["Steam Power","Gash"],"picked":"Hologram","floor":6},{"not_picked":["Heatsinks+1","Aggregate"],"picked":"Turbo","floor":8},{"not_picked":["Leap","Hologram"],"picked":"Heatsinks+1","floor":11},{"not_picked":["BootSequence","Hologram"],"picked":"Rebound","floor":12},{"not_picked":["Biased Cognition+1","Creative AI+1"],"picked":"Echo Form+1","floor":16},{"not_picked":["Rebound","Chill"],"picked":"Hologram","floor":18},{"not_picked":["Capacitor+1","Hologram+1"],"picked":"Rip and Tear","floor":19},{"not_picked":["Hyperbeam","White Noise"],"picked":"Reinforced Body","floor":24},{"not_picked":["Stack","Leap","Barrage"],"picked":"SKIP","floor":25},{"not_picked":["Heatsinks+1","Beam Cell"],"picked":"Go for the Eyes","floor":27},{"not_picked":["Compile Driver","Stack"],"picked":"FTL","floor":29},{"not_picked":["Fusion","Defragment+1"],"picked":"Conserve Battery+1","floor":31}],"player_experience":349067,"relics_obtained":[{"floor":6,"key":"Pen Nib"},{"floor":8,"key":"Frozen Egg 2"},{"floor":9,"key":"Blue Candle"},{"floor":24,"key":"Centennial Puzzle"},{"floor":26,"key":"Oddly Smooth Stone"},{"floor":31,"key":"Gambling Chip"}],"event_choices":[{"damage_healed":0,"gold_gain":150,"player_choice":"AGREE","damage_taken":0,"max_hp_gain":0,"max_hp_loss":0,"event_name":"Liars Game","floor":3,"gold_loss":0,"cards_obtained":["Doubt"]},{"damage_healed":0,"gold_gain":0,"player_choice":"Entered Light","damage_taken":21,"max_hp_gain":0,"max_hp_loss":0,"event_name":"Shining Light","floor":4,"gold_loss":0,"cards_upgraded":["Dualcast","Defend_B"]},{"damage_healed":0,"gold_gain":0,"cards_transformed":["Strike_B"],"player_choice":"Change","damage_taken":0,"max_hp_gain":0,"max_hp_loss":0,"event_name":"Living Wall","floor":14,"gold_loss":0,"cards_obtained":["Recycle"]},{"cards_removed":["Echo Form"],"damage_healed":0,"gold_gain":0,"player_choice":"Give","damage_taken":0,"max_hp_gain":0,"max_hp_loss":0,"event_name":"betterNote:BetterNote","floor":21,"gold_loss":0,"cards_obtained":["Hologram"]},{"damage_healed":0,"gold_gain":0,"player_choice":"Obtained Relic","damage_taken":0,"relics_obtained":["Juzu Bracelet"],"max_hp_gain":0,"max_hp_loss":0,"event_name":"Addict","floor":22,"gold_loss":85}],"is_beta":false,"boss_relics":[{"not_picked":["Empty Cage","Inserter"],"picked":"Astrolabe"}],"items_purged_floors":[5,20],"is_endless":false,"potions_floor_spawned":[6,8,12,16,19,24,27],"killed_by":"Automaton","ascension_level":20}}