{"host":"Qube","time":1609796820,"event":{"mods":["AchievementEnabler","BaseMod","Colored Map","Colored Powertips","Minty Spire (QoL Compilation)","Quick Restart","Random Character Button","StSLib"],"gold_per_floor":[112,37,37,51,68,93,108,120,120,120,43,74,74,94,94,94,94],"floor_reached":16,"playtime":1666,"items_purged":[],"score":196,"play_id":"704c20db-a138-4863-8d05-69035fec3397","local_time":"20210104134700","is_ascension_mode":true,"campfire_choices":[{"floor":10,"key":"REST"},{"data":"Noxious Fumes","floor":13,"key":"SMITH"},{"data":"Footwork","floor":15,"key":"SMITH"}],"circlet_count":0,"master_deck":["AscendersBane","Strike_G","Strike_G","Strike_G","Strike_G","Strike_G","Defend_G","Defend_G","Defend_G","Survivor","Neutralize","Sucker Punch","PiercingWail","Infinite Blades","Blur","Noxious Fumes+1","All Out Attack","Footwork+1","Heel Hook","Deadly Poison"],"relics":["Ring of the Snake","Regal Pillow","Juzu Bracelet","Anchor"],"acts_visited":["Exordium"],"potions_floor_usage":[6,6,7,16],"damage_taken":[{"damage":2,"enemies":"Cultist","floor":1,"turns":4},{"damage":5,"enemies":"Small Slimes","floor":4,"turns":4},{"damage":3,"enemies":"Jaw Worm","floor":5,"turns":5},{"damage":29,"enemies":"3 Sentries","floor":6,"turns":10},{"damage":13,"enemies":"Large Slime","floor":7,"turns":8},{"damage":1,"enemies":"3 Louse","floor":8,"turns":5},{"damage":19,"enemies":"Lagavulin","floor":12,"turns":9},{"damage":0,"enemies":"2 Fungi Beasts","floor":14,"turns":4},{"damage":26,"enemies":"Hexaghost","floor":16,"turns":9}],"seed_played":"5082205839923538707","potions_obtained":[{"floor":1,"key":"DuplicationPotion"},{"floor":4,"key":"SpeedPotion"},{"floor":6,"key":"Explosive Potion"},{"floor":8,"key":"GamblersBrew"}],"is_trial":false,"path_per_floor":["M","?","?","M","M","E","M","M","T","R","$","E","R","M","R","B"],"character_chosen":"THE_SILENT","items_purchased":["Footwork"],"campfire_rested":1,"item_purchase_floors":[11],"current_hp_per_floor":[63,63,56,51,48,19,6,5,5,41,41,22,22,22,22,0,0],"gold":94,"neow_bonus":"TEN_PERCENT_HP_BONUS","is_daily":false,"chose_seed":false,"campfire_upgraded":2,"win_rate":0.0,"timestamp":1609796820,"path_taken":["M","?","?","M","M","E","M","M","T","R","?","E","R","M","R","BOSS"],"items_purchased_type":["Card"],"build_version":"2020-12-18","purchased_purges":0,"victory":false,"max_hp_per_floor":[72,72,72,72,72,72,72,72,72,72,72,72,72,72,72,72,72],"card_choices":[{"not_picked":["Flechettes","Slice"],"picked":"Sucker Punch","floor":1},{"not_picked":["A Thousand Cuts","Endless Agony"],"picked":"PiercingWail","floor":4},{"not_picked":["Dagger Throw","Masterful Stab"],"picked":"Infinite Blades","floor":5},{"not_picked":["All Out Attack","Choke"],"picked":"Blur","floor":6},{"not_picked":["Escape Plan","Blur"],"picked":"Noxious Fumes","floor":7},{"not_picked":["Setup","Blade Dance"],"picked":"All Out Attack","floor":8},{"not_picked":["Backstab","Concentrate"],"picked":"Heel Hook","floor":12},{"not_picked":["Blade Dance","Masterful Stab"],"picked":"Deadly Poison","floor":14}],"player_experience":751556,"relics_obtained":[{"floor":6,"key":"Regal Pillow"},{"floor":9,"key":"Juzu Bracelet"},{"floor":12,"key":"Anchor"}],"event_choices":[{"cards_removed":["Defend_G"],"damage_healed":0,"gold_gain":0,"player_choice":"Card Removal","damage_taken":0,"max_hp_gain":0,"max_hp_loss":0,"event_name":"The Cleric","floor":2,"gold_loss":75},{"cards_removed":["Defend_G"],"damage_healed":0,"gold_gain":0,"player_choice":"Card Removal","damage_taken":7,"max_hp_gain":0,"max_hp_loss":0,"event_name":"Golden Wing","floor":3,"gold_loss":0}],"is_beta":true,"boss_relics":[],"items_purged_floors":[],"is_endless":false,"potions_floor_spawned":[1,4,6,8],"killed_by":"Hexaghost","ascension_level":15}}