{"host":"922zt4fjsmmy4kg9","time":1609739190,"event":{"mods":["A Magickal Journey","Act Like it!","BaseMod","Better Third Choice","Downfall","Friendly Minions","Hermit","HololiveMod","Hubris","Jorbs\u0027s Wanderer Trilogy","Kiyohime????","Koishi","Marisa????????","Minty Spire (QoL Compilation)","Quick Restart","Reimu??????","Shop Mod","Spicy Shops","StSLib","SuperFastMode","The Animator","The Disciple","The Runesmith"],"gold_per_floor":[99,99,111,123,40,64,64,164,164,164],"floor_reached":9,"playtime":302,"items_purged":[],"score":73,"play_id":"2516e623-26c5-4972-9de5-0185de9ba3a3","local_time":"20210104164630","is_ascension_mode":true,"campfire_choices":[{"data":"animator:IrohaTamaki","floor":1,"key":"SMITH"}],"circlet_count":0,"master_deck":["AscendersBane","animator:Strike_MadokaMagica","animator:Defend_MadokaMagica","animator:Strike","animator:Strike","animator:Strike","animator:Defend","animator:Defend","animator:Defend","animator:IrohaTamaki+1","animator:YuiTsuruno","animator:Chung","animator:NagisaMomoe","animator:Hitei","animator:NagisaMomoe","animator:AcuraAkari","animator:Layla"],"relics":["animator:LivingPicture","animator:TheMissingPiece","downfall:HeartsMalice","StoneCalendar"],"acts_visited":["Exordium"],"potions_floor_usage":[9],"damage_taken":[{"damage":0,"enemies":"Small Slimes","floor":2,"turns":1},{"damage":0,"enemies":"2 Louse","floor":3,"turns":1},{"damage":0,"enemies":"Cultist","floor":4,"turns":1},{"damage":0,"enemies":"downfall:FleeingMerchant","floor":5,"turns":4},{"damage":16,"enemies":"Exordium Thugs","floor":6,"turns":5},{"damage":51,"enemies":"Lagavulin","floor":9,"turns":4}],"seed_played":"-2628563222523084370","potions_obtained":[{"floor":6,"key":"PowerPotion"}],"is_trial":false,"path_per_floor":["R","M","M","M","$","M","T","?","E"],"character_chosen":"THE_ANIMATOR","items_purchased":["animator:AcuraAkari"],"campfire_rested":0,"item_purchase_floors":[5],"current_hp_per_floor":[59,59,59,59,59,43,43,43,0,0],"gold":164,"neow_bonus":"THREE_ENEMY_KILL","is_daily":false,"chose_seed":false,"campfire_upgraded":1,"win_rate":0.0,"timestamp":1609739190,"path_taken":["R","M","M","M","$","M","T","?","E"],"items_purchased_type":["Card"],"build_version":"2020-12-22","purchased_purges":0,"victory":false,"max_hp_per_floor":[66,66,66,66,66,66,66,66,66,66],"card_choices":[{"not_picked":["animator:Aisha","animator:MaesHughes"],"picked":"animator:Chung","floor":2},{"not_picked":["animator:ElricEdward","animator:Alexander"],"picked":"animator:NagisaMomoe","floor":3},{"not_picked":["animator:ChaikaBohdan","animator:IrohaTamaki"],"picked":"animator:Hitei","floor":4},{"not_picked":["animator:YachiyoNanami","animator:OrikoMikuni"],"picked":"animator:NagisaMomoe","floor":5},{"not_picked":["animator:YuiTsuruno","animator:ZankiKiguchi"],"picked":"animator:Layla","floor":6}],"player_experience":1315520,"relics_obtained":[{"floor":7,"key":"StoneCalendar"}],"event_choices":[],"is_beta":false,"boss_relics":[],"items_purged_floors":[],"is_endless":false,"potions_floor_spawned":[6],"killed_by":"Lagavulin","ascension_level":11}}