{"host":"71akxjf7cjo3bhmj","time":1609721644,"event":{"mods":["AchievementEnabler","BaseMod","Colored Powertips","Minty Spire (QoL Compilation)"],"gold_per_floor":[109,35,54,54,70,105,133,159,194,281,322,345,357,357],"floor_reached":13,"playtime":509,"items_purged":[],"score":97,"play_id":"4948266a-152f-42b8-8bfe-a993b1d82953","local_time":"20210104015404","is_ascension_mode":false,"campfire_choices":[],"circlet_count":0,"master_deck":["Strike_R","Strike_R","Strike_R","Strike_R","Strike_R","Defend_R","Defend_R","Defend_R+1","Defend_R","Bash+1","Clash","Feel No Pain","Pommel Strike","Metallicize","Rage","Rage","Armaments","Headbutt","Clash"],"relics":["Burning Blood","NeowsBlessing","MawBank","Bag of Marbles","Dream Catcher"],"acts_visited":["Exordium"],"potions_floor_usage":[6,6,8],"damage_taken":[{"damage":0,"enemies":"Cultist","floor":1,"turns":1},{"damage":0,"enemies":"Small Slimes","floor":3,"turns":1},{"damage":0,"enemies":"Jaw Worm","floor":5,"turns":1},{"damage":22,"enemies":"Gremlin Nob","floor":6,"turns":4},{"damage":4,"enemies":"Blue Slaver","floor":7,"turns":4},{"damage":7,"enemies":"Lots of Slimes","floor":8,"turns":5},{"damage":25,"enemies":"Lagavulin","floor":11,"turns":7},{"damage":13,"enemies":"Red Slaver","floor":12,"turns":2},{"damage":22,"enemies":"3 Sentries","floor":13,"turns":2}],"seed_played":"-5395784239866996331","potions_obtained":[{"floor":3,"key":"Swift Potion"},{"floor":5,"key":"ColorlessPotion"},{"floor":7,"key":"Swift Potion"}],"is_trial":false,"path_per_floor":["M","$","M","?","M","E","M","M","T","?","E","M","E"],"character_chosen":"IRONCLAD","items_purchased":["Feel No Pain"],"campfire_rested":0,"item_purchase_floors":[2],"current_hp_per_floor":[80,80,80,64,70,54,56,55,55,44,25,18,0,0],"gold":357,"neow_bonus":"THREE_ENEMY_KILL","is_daily":false,"chose_seed":false,"campfire_upgraded":0,"win_rate":0.0,"timestamp":1609721644,"path_taken":["M","?","M","?","M","E","M","M","T","?","E","M","E"],"items_purchased_type":["Card"],"build_version":"2020-12-22","purchased_purges":0,"victory":false,"max_hp_per_floor":[80,80,80,80,80,80,80,80,80,80,80,80,80,80],"card_choices":[{"not_picked":["Body Slam","Clothesline"],"picked":"Clash","floor":1},{"not_picked":["Warcry","Dropkick"],"picked":"Pommel Strike","floor":3},{"not_picked":["Shrug It Off","Entrench"],"picked":"Metallicize","floor":5},{"not_picked":["Metallicize","Battle Trance"],"picked":"Rage","floor":6},{"not_picked":["Uppercut","True Grit"],"picked":"Rage","floor":7},{"not_picked":["Feel No Pain","Havoc"],"picked":"Armaments","floor":8},{"not_picked":["Bludgeon","Impervious"],"picked":"Headbutt","floor":11},{"not_picked":["Pummel","Pommel Strike"],"picked":"Clash","floor":12}],"player_experience":137637,"relics_obtained":[{"floor":6,"key":"MawBank"},{"floor":9,"key":"Bag of Marbles"},{"floor":11,"key":"Dream Catcher"}],"event_choices":[{"damage_healed":0,"gold_gain":0,"player_choice":"Entered Light","damage_taken":16,"max_hp_gain":0,"max_hp_loss":0,"event_name":"Shining Light","floor":4,"gold_loss":0,"cards_upgraded":["Bash","Defend_R"]},{"damage_healed":0,"gold_gain":75,"player_choice":"Gather Gold","damage_taken":11,"max_hp_gain":0,"max_hp_loss":0,"event_name":"World of Goop","floor":10,"gold_loss":0}],"is_beta":false,"boss_relics":[],"items_purged_floors":[],"is_endless":false,"potions_floor_spawned":[3,5,7],"killed_by":"3 Sentries","ascension_level":0}}