{"host":"91blwi3hgehj6ch9","time":1609787324,"event":{"mods":["2.2 Compatiblity","AchievementEnabler","BaseMod","Colored Map","DeckTracker","Keyboard Shortcuts","Minty Spire (QoL Compilation)","Permanent Neow","Quick Restart","StSLib","SuperFastMode"],"gold_per_floor":[112,112,37,51,51,51,69,69,69,69,84,84,84,95,95,200,250,261,261,261,161,161,161,194,0,0,15,28,28,46,62,62,162,162,182,182,132,148,148,148,166,176,202,214,245,262,272,289,289,289],"floor_reached":51,"playtime":1982,"items_purged":["Defend_G","Strike_G","Strike_G","Defend_G"],"score":1007,"play_id":"60a730c0-27e9-4f92-b923-82afc80c09fc","local_time":"20210105040844","is_ascension_mode":true,"campfire_choices":[{"data":"Blade Dance","floor":6.0,"key":"SMITH"},{"data":"Blade Dance","floor":8.0,"key":"SMITH"},{"data":"Flechettes","floor":13.0,"key":"SMITH"},{"data":"Backflip","floor":15.0,"key":"SMITH"},{"data":"A Thousand Cuts","floor":23.0,"key":"SMITH"},{"data":"Accuracy","floor":29.0,"key":"SMITH"},{"data":"Infinite Blades","floor":32.0,"key":"SMITH"},{"data":"Ghostly","floor":40.0,"key":"SMITH"},{"data":"Cloak And Dagger","floor":49.0,"key":"SMITH"}],"circlet_count":0,"master_deck":["Defend_G+1","Defend_G+1","Survivor+1","Neutralize+1","Blade Dance+1","Blade Dance+1","Backflip+1","Flechettes+1","Escape Plan","A Thousand Cuts+1","Infinite Blades+1","Ghostly+1","Ghostly","Ghostly","Ghostly","Ghostly","Blur+1","Accuracy+1","Cloak And Dagger+1","Acrobatics","Blur+1","Storm of Steel+1","Escape Plan+1","Cloak And Dagger+1","Cloak And Dagger+1","Accuracy+1"],"relics":["Ring of the Snake","Paper Crane","Incense Burner","Tiny House","Eternal Feather","Smiling Mask","Empty Cage","CaptainsWheel","Lantern","Singing Bowl"],"acts_visited":["Exordium","TheCity","TheBeyond"],"potions_floor_usage":[50,50],"damage_taken":[{"damage":0.0,"enemies":"2 Louse","floor":1.0,"turns":3.0},{"damage":4.0,"enemies":"Small Slimes","floor":4.0,"turns":4.0},{"damage":2.0,"enemies":"Jaw Worm","floor":7.0,"turns":3.0},{"damage":0.0,"enemies":"2 Fungi Beasts","floor":11.0,"turns":2.0},{"damage":0.0,"enemies":"Red Slaver","floor":14.0,"turns":3.0},{"damage":37.0,"enemies":"Slime Boss","floor":16.0,"turns":14.0},{"damage":16.0,"enemies":"Spheric Guardian","floor":18.0,"turns":4.0},{"damage":6.0,"enemies":"Book of Stabbing","floor":24.0,"turns":7.0},{"damage":3.0,"enemies":"2 Thieves","floor":27.0,"turns":4.0},{"damage":2.0,"enemies":"Cultist and Chosen","floor":28.0,"turns":6.0},{"damage":1.0,"enemies":"Snake Plant","floor":30.0,"turns":7.0},{"damage":3.0,"enemies":"Snecko","floor":31.0,"turns":6.0},{"damage":8.0,"enemies":"Automaton","floor":33.0,"turns":10.0},{"damage":12.0,"enemies":"3 Shapes","floor":35.0,"turns":5.0},{"damage":3.0,"enemies":"3 Darklings","floor":38.0,"turns":6.0},{"damage":3.0,"enemies":"Transient","floor":41.0,"turns":5.0},{"damage":5.0,"enemies":"Sphere and 2 Shapes","floor":42.0,"turns":4.0},{"damage":3.0,"enemies":"Maw","floor":44.0,"turns":7.0},{"damage":0.0,"enemies":"Reptomancer","floor":45.0,"turns":7.0},{"damage":1.0,"enemies":"Writhing Mass","floor":46.0,"turns":6.0},{"damage":0.0,"enemies":"Spire Growth","floor":47.0,"turns":5.0},{"damage":1.0,"enemies":"Jaw Worm Horde","floor":48.0,"turns":5.0},{"damage":29,"enemies":"Time Eater","floor":50,"turns":10}],"seed_played":"-1847152262739554721","potions_obtained":[{"floor":16.0,"key":"SteroidPotion"},{"floor":17.0,"key":"LiquidBronze"},{"floor":18.0,"key":"Explosive Potion"},{"floor":38.0,"key":"AttackPotion"},{"floor":41.0,"key":"PowerPotion"},{"floor":45.0,"key":"CultistPotion"},{"floor":48.0,"key":"EntropicBrew"}],"is_trial":false,"path_per_floor":["M","?","$","M","?","R","M","R","T","?","M","?","R","M","R","B",null,"M","?","?","$","?","R","E","$","T","M","M","R","M","M","R","B",null,"M","?","$","M","?","R","M","M","T","M","E","M","M","M","R","B",null],"character_chosen":"THE_SILENT","items_purchased":["Accuracy"],"campfire_rested":0,"item_purchase_floors":[25],"current_hp_per_floor":[63,56,56,52,57,57,55,55,55,40,40,40,40,40,40,3,62,46,40,40,40,40,40,34,34,34,31,29,40,39,36,40,32,38,26,26,26,23,23,35,32,27,27,24,26,25,25,26,41,12],"gold":289,"neow_bonus":"UPGRADE_CARD","is_daily":false,"chose_seed":false,"campfire_upgraded":9,"win_rate":0.0,"timestamp":1609787324,"path_taken":["M","?","$","M","?","R","M","R","T","?","M","?","R","M","R","BOSS","M","?","?","?","?","R","E","$","T","M","M","R","M","M","R","BOSS","M","?","$","?","?","R","M","M","T","M","E","?","M","M","R","BOSS"],"items_purchased_type":["Card"],"build_version":"2020-12-22","purchased_purges":4,"victory":true,"max_hp_per_floor":[70,70,70,70,75,75,75,75,75,75,75,75,75,75,75,75,80,80,40,40,40,40,40,40,40,40,40,40,40,40,40,40,40,40,40,40,40,40,40,40,40,40,40,40,42,42,42,44,44,44],"card_choices":[{"not_picked":["Dagger Spray","Setup"],"picked":"Blade Dance","floor":1.0},{"not_picked":["PiercingWail","Outmaneuver"],"picked":"Blade Dance","floor":4.0},{"not_picked":["Reflex","Dagger Spray"],"picked":"Backflip","floor":7.0},{"not_picked":["Well Laid Plans","Flying Knee"],"picked":"Flechettes","floor":11.0},{"not_picked":["Bane","Endless Agony"],"picked":"Escape Plan","floor":14.0},{"not_picked":["Unload","Venomology"],"picked":"A Thousand Cuts","floor":16.0},{"not_picked":["Riddle With Holes","Deflect+1"],"picked":"Infinite Blades","floor":18.0},{"not_picked":["Expertise","Grand Finale"],"picked":"Blur+1","floor":24.0},{"not_picked":["Setup","Deadly Poison"],"picked":"Cloak And Dagger+1","floor":27.0},{"not_picked":["Escape Plan","Sucker Punch"],"picked":"Acrobatics","floor":28.0},{"not_picked":["Reflex","Crippling Poison"],"picked":"Blur+1","floor":30.0},{"not_picked":["Underhanded Strike","Deflect","Masterful Stab"],"picked":"SKIP","floor":31.0},{"not_picked":["Glass Knife","Wraith Form v2"],"picked":"Storm of Steel","floor":33.0},{"not_picked":["Setup","Dodge and Roll","Backflip"],"picked":"SKIP","floor":35.0},{"not_picked":["Poisoned Stab","Dagger Throw","Dagger Spray"],"picked":"SKIP","floor":38.0},{"not_picked":["Deadly Poison","Outmaneuver"],"picked":"Escape Plan+1","floor":41.0},{"not_picked":["Deadly Poison+1","Endless Agony","Acrobatics"],"picked":"SKIP","floor":42.0},{"not_picked":["Choke+1","Grand Finale"],"picked":"Cloak And Dagger","floor":44.0},{"not_picked":["Dodge and Roll","Deadly Poison","Slice+1"],"picked":"Singing Bowl","floor":45.0},{"not_picked":["Crippling Poison+1","Slice+1"],"picked":"Cloak And Dagger+1","floor":46.0},{"not_picked":["Quick Slash","Dagger Spray"],"picked":"Accuracy+1","floor":47.0},{"not_picked":["Venomology","Cloak And Dagger","Noxious Fumes+1"],"picked":"Singing Bowl","floor":48.0}],"player_experience":155909,"relics_obtained":[{"floor":9.0,"key":"Paper Crane"},{"floor":24.0,"key":"Eternal Feather"},{"floor":26.0,"key":"Smiling Mask"},{"floor":43.0,"key":"Lantern"},{"floor":45.0,"key":"Singing Bowl"}],"event_choices":[{"cards_removed":["Strike_G"],"damage_healed":0.0,"max_hp_gain":0.0,"max_hp_loss":0.0,"gold_gain":0.0,"event_name":"Golden Wing","player_choice":"Card Removal","floor":2.0,"gold_loss":0.0,"damage_taken":7.0},{"damage_healed":0.0,"max_hp_gain":5.0,"max_hp_loss":0.0,"gold_gain":0.0,"event_name":"Big Fish","player_choice":"Donut","floor":5.0,"gold_loss":0.0,"damage_taken":0.0},{"damage_healed":0.0,"max_hp_gain":0.0,"max_hp_loss":0.0,"gold_gain":0.0,"event_name":"Shining Light","player_choice":"Entered Light","floor":10.0,"gold_loss":0.0,"damage_taken":15.0,"cards_upgraded":["Defend_G","Survivor"]},{"damage_healed":0.0,"max_hp_gain":0.0,"max_hp_loss":0.0,"gold_gain":0.0,"event_name":"Dead Adventurer","player_choice":"Searched \u00271\u0027 times","floor":12.0,"gold_loss":0.0,"damage_taken":0.0,"relics_obtained":["Incense Burner"]},{"damage_healed":0.0,"max_hp_gain":0.0,"max_hp_loss":40.0,"gold_gain":0.0,"event_name":"Ghosts","player_choice":"Became a Ghost","floor":19.0,"gold_loss":0.0,"damage_taken":0.0,"cards_obtained":["Ghostly","Ghostly","Ghostly","Ghostly","Ghostly"]},{"cards_removed":["Strike_G"],"damage_healed":0.0,"max_hp_gain":0.0,"max_hp_loss":0.0,"gold_gain":0.0,"event_name":"Back to Basics","player_choice":"Elegance","floor":20.0,"gold_loss":0.0,"damage_taken":0.0},{"damage_healed":0.0,"max_hp_gain":0.0,"max_hp_loss":0.0,"gold_gain":0.0,"event_name":"Cursed Tome","player_choice":"Ignored","floor":22.0,"gold_loss":0.0,"damage_taken":0.0},{"damage_healed":0.0,"max_hp_gain":0.0,"max_hp_loss":0.0,"gold_gain":0.0,"event_name":"Accursed Blacksmith","player_choice":"Forge","floor":36.0,"gold_loss":0.0,"damage_taken":0.0,"cards_upgraded":["Storm of Steel"]},{"damage_healed":0.0,"max_hp_gain":0.0,"max_hp_loss":0.0,"gold_gain":0.0,"event_name":"WeMeetAgain","player_choice":"Gave Potion","floor":39.0,"gold_loss":0.0,"damage_taken":0.0,"relics_obtained":["CaptainsWheel"]}],"is_beta":false,"boss_relics":[{"not_picked":["Busted Crown","Coffee Dripper"],"picked":"Tiny House"},{"not_picked":["Calling Bell","Snecko Eye"],"picked":"Empty Cage"}],"items_purged_floors":[3,21,25,37],"is_endless":false,"potions_floor_spawned":[16,18,27,33,38,41,45,48],"ascension_level":8}}