{"host":"02uosbn8hju1jzqf","time":1609745832,"event":{"mods":["Act Like it!","Arknights The Spire","BaseMod","Colored Powertips","Defective Defect","GifTheSpireLib","Marisa????????","Minty Spire (QoL Compilation)","Reimu??????","StSLib","The Awakened One except there are too many feathers","The Poker Player","Yakumo Yukari mod","everything is the same but u backflip on backflip","??????REMEMod"],"gold_per_floor":[118,9,84,84,84,119,132,132,132,160,175,175,205,170,170,275,275,285,305,319,143,162,191,290,290,359,384,384,410,426,442,442,540,540,555,555,555,455,474,502,502,515,515,515,541,555,572,627,627,627,627,627,294,309,49],"floor_reached":56,"playtime":5664,"items_purged":["ats:Ambush","Writhe","ats:Mental Burst"],"score":1233,"play_id":"7ed73697-fb1e-401f-a673-686b4320e234","local_time":"20210103233712","is_ascension_mode":false,"campfire_choices":[{"data":"ats:Composite Medical Shells","floor":8,"key":"SMITH"},{"data":"ats:Counter Healing Mode","floor":12,"key":"SMITH"},{"floor":15,"key":"REST"},{"data":"ats:Healing Strengthening","floor":32,"key":"SMITH"},{"data":"ats:Healing Drone","floor":41,"key":"SMITH"},{"data":"ats:Healing Drone","floor":44,"key":"SMITH"},{"floor":49,"key":"RECALL"},{"data":"REME_TwoStrings","floor":52,"key":"SMITH"}],"circlet_count":0,"master_deck":["ats:Armor Crushing Shot","ats:Emotion Absorption","ats:Healing Drone+1","ats:Composite Medical Shells+1","ats:Counter Healing Mode+1","ats:Apocalypse","ats:Calcification","ats:Mental Burst","ats:Spore Proliferation","ats:Overload","ats:Leaping Hammer","ats:Durian","ats:Healing Strengthening+1","ats:Cat Scratch","ats:Shell Defense","ats:Shell Defense","ats:Apocalypse","ats:Shell Defense","Purity","REME_TwoStrings+1","ats:Healing Drone+1","ats:Shell Defense","ats:Assault Order","ats:Disruption Kick","ats:Revitalization+1","ats:Revitalization"],"relics":["ats:Sanity","REME_ComplimentaryCards","NeowsBlessing","ats:Originium","Tiny Chest","REME_HandOfSuture","Gremlin Horn","Ice Cream","Pandora\u0027s Box","Ancient Tea Set","Question Card","Vajra","TungstenRod","Coffee Dripper","Shovel","Potion Belt","Bag of Preparation","CatCart","REME_OnlineShoppingPlatform","REME_LimitBreaker"],"acts_visited":["Exordium","TheCity","TheBeyond","TheEnding"],"potions_floor_usage":[7,23,23,29,40,54,55,55,55,55,55,55,55,55,55,55,55,55,55,55,55,55,55,55,55,55,55,55],"damage_taken":[{"damage":0,"enemies":"2 Louse","floor":1,"turns":1},{"damage":0,"enemies":"3 Sentries","floor":6,"turns":2},{"damage":1,"enemies":"Jaw Worm","floor":7,"turns":2},{"damage":24,"enemies":"Gremlin Nob","floor":10,"turns":4},{"damage":5,"enemies":"Small Slimes","floor":11,"turns":4},{"damage":55,"enemies":"Lagavulin","floor":13,"turns":11},{"damage":94,"enemies":"Slime Boss","floor":16,"turns":13},{"damage":30,"enemies":"2 Thieves","floor":18,"turns":4},{"damage":50,"enemies":"Shell Parasite","floor":19,"turns":8},{"damage":108,"enemies":"Centurion and Healer","floor":20,"turns":16},{"damage":42,"enemies":"Snake Plant","floor":22,"turns":7},{"damage":42,"enemies":"Book of Stabbing","floor":23,"turns":4},{"damage":76,"enemies":"REME_1_Revenger","floor":29,"turns":10},{"damage":23,"enemies":"Cultist and Chosen","floor":30,"turns":6},{"damage":14,"enemies":"Centurion and Healer","floor":31,"turns":6},{"damage":97,"enemies":"Automaton","floor":33,"turns":13},{"damage":23,"enemies":"3 Shapes","floor":35,"turns":3},{"damage":5,"enemies":"Orb Walker","floor":39,"turns":3},{"damage":69,"enemies":"Reptomancer","floor":40,"turns":8},{"damage":69,"enemies":"Transient","floor":42,"turns":5},{"damage":7,"enemies":"Maw","floor":46,"turns":8},{"damage":40,"enemies":"Sphere and 2 Shapes","floor":47,"turns":4},{"damage":29,"enemies":"Orin","floor":48,"turns":9},{"damage":112,"enemies":"Donu and Deca","floor":50,"turns":11},{"damage":72,"enemies":"Shield and Spear","floor":54,"turns":5},{"damage":205,"enemies":"The Heart","floor":55,"turns":16}],"seed_played":"-2971932235057650970","potions_obtained":[{"floor":7,"key":"EntropicBrew"},{"floor":10,"key":"Strength Potion"},{"floor":16,"key":"Dexterity Potion"},{"floor":20,"key":"Weak Potion"},{"floor":29,"key":"Energy Potion"},{"floor":31,"key":"DistilledChaos"},{"floor":39,"key":"GamblersBrew"},{"floor":40,"key":"MagicPotion:ReiMu"},{"floor":46,"key":"ColorlessPotion"},{"floor":48,"key":"SkillPotion"}],"is_trial":false,"path_per_floor":["M","$","?","?","?","E","M","R","T","E","M","R","E","?","R","B",null,"M","M","M","$","M","E","?","?","T","T","?","E","M","M","R","B",null,"M","T","?","$","M","E","R","M","T","R","T","M","M","?","R","B",null,"R","$","E","B",null],"character_chosen":"DOCTOR_CLASS","items_purchased":["ats:Healing Drone","ats:Composite Medical Shells","ats:Shell Defense","ats:Apocalypse","REME_OnlineShoppingPlatform","ats:Revitalization"],"campfire_rested":1,"item_purchase_floors":[2,2,21,21,53,53],"current_hp_per_floor":[72,72,61,66,66,69,71,71,71,47,54,54,17,36,59,23,77,67,71,66,66,74,53,53,53,53,53,34,77,77,77,77,77,77,70,70,77,77,77,77,77,56,56,56,56,77,72,77,77,77,77,77,77,77,77],"gold":49,"neow_bonus":"THREE_ENEMY_KILL","is_daily":false,"chose_seed":false,"campfire_upgraded":6,"win_rate":0.0,"timestamp":1609745832,"path_taken":["M","$","?","?","?","E","M","R","T","E","M","R","E","?","R","BOSS","M","M","M","$","M","E","?","?","T","?","?","E","M","M","R","BOSS","M","?","?","$","M","E","R","M","T","R","?","M","M","?","R","BOSS","R","$","E","BOSS"],"items_purchased_type":["Card","Card","Card","Card","Relic","Card"],"build_version":"2020-12-22","purchased_purges":3,"victory":true,"max_hp_per_floor":[72,72,72,77,77,77,77,77,77,77,77,77,77,77,77,77,77,77,77,77,77,77,77,77,77,77,77,77,77,77,77,77,77,77,77,77,77,77,77,77,77,77,77,77,77,77,77,77,77,77,77,77,77,77,77],"card_choices":[{"not_picked":["ats:Childhood Dance","ats:Consecutive Shot Auto"],"picked":"ats:Leaping Hammer","floor":1},{"not_picked":["ats:Leaping Hammer","ats:Consecutive Shot Auto"],"picked":"ats:Mental Burst","floor":6},{"not_picked":["ats:Poison Spread","ats:Leaping Hammer","ats:Neurotoxin"],"picked":"SKIP","floor":7},{"not_picked":["ats:Beaten Up","ats:Curse Doll","ats:Poison Spread"],"picked":"SKIP","floor":10},{"not_picked":["ats:Curse Doll","ats:Poison Spread"],"picked":"ats:Counter Healing Mode","floor":11},{"not_picked":["ats:Volcano","ats:Ignite"],"picked":"ats:Apocalypse","floor":13},{"not_picked":["ats:Shadow Assault","ats:Volcano"],"picked":"ats:Calcification","floor":16},{"not_picked":["ats:Flexible Camouflage","ats:Powerful Strike+1","ats:Hammer On"],"picked":"SKIP","floor":18},{"not_picked":["ats:Thermite Blade","ats:Demon Strength"],"picked":"ats:Shell Defense","floor":19},{"not_picked":["ats:Thermite Blade","ats:Roar Of Ursus","ats:Explosion Area Strengthen"],"picked":"SKIP","floor":20},{"not_picked":["ats:Neurotoxin","ats:Ignite+1"],"picked":"ats:Shell Defense","floor":22},{"not_picked":["ats:Counter Healing Mode","ats:Rapid Magazine","ats:Fractured Body"],"picked":"SKIP","floor":23},{"not_picked":["ats:Curse Doll","ats:Childhood Dance","ats:Hammer On"],"picked":"ats:Healing Drone","floor":29},{"not_picked":["ats:Red Shift+1","ats:Flexible Camouflage","ats:Flame Of Heaven"],"picked":"ats:Shell Defense","floor":30},{"not_picked":["ats:Flexible Camouflage","ats:Curse Doll","ats:Chain Hook"],"picked":"ats:Assault Order","floor":31},{"not_picked":["ats:Roar Of Ursus","ats:Soul Rend","ats:Shadow Assault"],"picked":"ats:Disruption Kick","floor":33},{"not_picked":["ats:Closed Bolt Burst Fire+1","ats:Ignite","ats:Red Shift+1","ats:Flexible Camouflage+1"],"picked":"SKIP","floor":35},{"not_picked":["ats:Curse Doll","ats:Ignite","ats:Encircling Forest"],"picked":"ats:Revitalization+1","floor":39},{"not_picked":["ats:Apocalypse","ats:Neurotoxin","ats:Hammer On+1","ats:Blood Oath"],"picked":"SKIP","floor":40},{"not_picked":["ats:Powerful Strike","ats:Apocalypse","ats:Directed Diagnosis","ats:Hammer On"],"picked":"SKIP","floor":42},{"not_picked":["ats:Composite Medical Shells+1","ats:Explosion Area Strengthen","ats:Curse Doll+1","ats:Poison Spread"],"picked":"SKIP","floor":46},{"not_picked":["ats:Leaping Hammer+1","ats:Consecutive Shot Auto+1","ats:True Silver Slash","ats:Apocalypse"],"picked":"SKIP","floor":47},{"not_picked":["ats:Song Of Battle+1","ats:Blood Oath","ats:Revitalization","ats:Thermite Blade+1"],"picked":"SKIP","floor":54}],"player_experience":116351,"relics_obtained":[{"floor":6,"key":"ats:Originium"},{"floor":6,"key":"Tiny Chest"},{"floor":9,"key":"REME_HandOfSuture"},{"floor":10,"key":"ats:Originium"},{"floor":10,"key":"Gremlin Horn"},{"floor":13,"key":"ats:Originium"},{"floor":13,"key":"Ice Cream"},{"floor":23,"key":"Ancient Tea Set"},{"floor":26,"key":"Question Card"},{"floor":27,"key":"Vajra"},{"floor":29,"key":"TungstenRod"},{"floor":36,"key":"Shovel"},{"floor":40,"key":"Potion Belt"},{"floor":45,"key":"Bag of Preparation"},{"floor":48,"key":"CatCart"},{"floor":54,"key":"REME_LimitBreaker"}],"event_choices":[{"damage_healed":0,"gold_gain":75,"player_choice":"Gather Gold","damage_taken":11,"max_hp_gain":0,"max_hp_loss":0,"event_name":"World of Goop","floor":3,"gold_loss":0},{"damage_healed":0,"gold_gain":0,"player_choice":"Donut","damage_taken":0,"max_hp_gain":5,"max_hp_loss":0,"event_name":"Big Fish","floor":4,"gold_loss":0},{"damage_healed":0,"gold_gain":0,"player_choice":"Ignored","damage_taken":0,"max_hp_gain":0,"max_hp_loss":0,"event_name":"Golden Idol","floor":5,"gold_loss":0},{"damage_healed":19,"gold_gain":0,"player_choice":"Healed","damage_taken":0,"max_hp_gain":0,"max_hp_loss":0,"event_name":"The Cleric","floor":14,"gold_loss":35},{"damage_healed":0,"gold_gain":99,"player_choice":"Stole From Cult","damage_taken":0,"max_hp_gain":0,"max_hp_loss":0,"event_name":"Nest","floor":24,"gold_loss":0},{"cards_removed":["ats:Leaping Hammer"],"damage_healed":0,"gold_gain":0,"player_choice":"Elegance","damage_taken":0,"max_hp_gain":0,"max_hp_loss":0,"event_name":"Back to Basics","floor":25,"gold_loss":0},{"damage_healed":0,"gold_gain":0,"player_choice":"CARD CARD ","damage_taken":19,"max_hp_gain":0,"max_hp_loss":0,"event_name":"Knowing Skull","floor":28,"potions_obtained":[],"gold_loss":0,"cards_obtained":["Purity","REME_TwoStrings"]},{"damage_healed":19,"gold_gain":0,"player_choice":"Writhe","damage_taken":0,"max_hp_gain":0,"max_hp_loss":0,"event_name":"Winding Halls","floor":37,"gold_loss":0,"cards_obtained":["Writhe"]},{"damage_healed":0,"gold_gain":0,"player_choice":"Fight","damage_taken":0,"max_hp_gain":0,"max_hp_loss":0,"event_name":"OrinTheCat","floor":48,"gold_loss":0}],"is_beta":false,"boss_relics":[{"not_picked":["RedLine:ReiMu","Philosopher\u0027s Stone"],"picked":"Pandora\u0027s Box"},{"not_picked":["REME_LowDesire","Runic Pyramid"],"picked":"Coffee Dripper"}],"items_purged_floors":[21,38,53],"is_endless":false,"potions_floor_spawned":[7,10,16,20,22,29,31,39,40,46,48],"ascension_level":0}}