{"host":"baymyijz6sxaqj5s","time":1609757348,"event":{"mods":["AchievementEnabler","BaseMod","Colored Map","Colored Powertips","DeckTracker","Highlight Path","KOR Keyword Fix","Keyboard Shortcuts","Minty Spire (QoL Compilation)","Quick Restart","StSLib","SuperFastMode"],"gold_per_floor":[111,111,111,186,206,206,218,228,228,228,238,301,317,336,336,440,440,450,500,550,600,614,614,614,614],"floor_reached":24,"playtime":647,"items_purged":[],"score":219,"play_id":"11cd06d3-17e4-4bda-9703-8f6f0a68e6ae","local_time":"20210104194908","is_ascension_mode":true,"campfire_choices":[{"data":"Bash","floor":6,"key":"SMITH"},{"data":"Armaments","floor":15,"key":"SMITH"},{"floor":23,"key":"REST"}],"circlet_count":0,"master_deck":["Strike_R","Strike_R","Strike_R","Strike_R","Strike_R","Defend_R","Defend_R","Defend_R","Defend_R","Bash+1","Heavy Blade+1","Pommel Strike","Ghostly Armor","Armaments+1","Seeing Red","Heavy Blade","Impervious","Battle Trance","Body Slam"],"relics":["Black Blood","Mummified Hand","SsserpentHead"],"acts_visited":["Exordium","TheCity"],"potions_floor_usage":[12,12,16,22,24,24,24],"damage_taken":[{"damage":0,"enemies":"Small Slimes","floor":1,"turns":3},{"damage":4,"enemies":"2 Louse","floor":5,"turns":4},{"damage":1,"enemies":"Cultist","floor":7,"turns":3},{"damage":13,"enemies":"Red Slaver","floor":8,"turns":5},{"damage":15,"enemies":"3 Louse","floor":11,"turns":4},{"damage":7,"enemies":"Large Slime","floor":12,"turns":8},{"damage":5,"enemies":"Blue Slaver","floor":13,"turns":4},{"damage":2,"enemies":"2 Fungi Beasts","floor":14,"turns":4},{"damage":90,"enemies":"The Guardian","floor":16,"turns":17},{"damage":53,"enemies":"Spheric Guardian","floor":18,"turns":10},{"damage":19,"enemies":"Chosen","floor":22,"turns":7},{"damage":87,"enemies":"Book of Stabbing","floor":24,"turns":8}],"seed_played":"-8500877578536279914","potions_obtained":[{"floor":1,"key":"BloodPotion"},{"floor":5,"key":"BloodPotion"},{"floor":11,"key":"Dexterity Potion"},{"floor":13,"key":"Regen Potion"},{"floor":14,"key":"Dexterity Potion"},{"floor":18,"key":"DistilledChaos"},{"floor":22,"key":"Weak Potion"}],"is_trial":false,"path_per_floor":["M","?","?","?","M","R","M","M","T","?","M","M","M","M","R","B",null,"M","?","?","?","M","R","E"],"character_chosen":"IRONCLAD","items_purchased":[],"campfire_rested":1,"item_purchase_floors":[],"current_hp_per_floor":[88,88,88,77,79,79,84,77,77,77,68,84,85,88,88,19,88,47,47,47,47,40,66,0,0],"gold":614,"neow_bonus":"TEN_PERCENT_HP_BONUS","is_daily":false,"chose_seed":false,"campfire_upgraded":2,"win_rate":0.0,"timestamp":1609757348,"path_taken":["M","?","?","?","M","R","M","M","T","?","M","?","M","M","R","BOSS","M","?","?","?","M","R","E"],"items_purchased_type":[],"build_version":"2020-12-22","purchased_purges":0,"victory":false,"max_hp_per_floor":[88,88,88,88,88,88,88,88,88,88,88,88,88,88,88,88,88,88,88,88,88,88,88,88,88],"card_choices":[{"not_picked":["Uppercut","Clash"],"picked":"Heavy Blade","floor":1},{"not_picked":["Headbutt","Twin Strike","Carnage"],"picked":"SKIP","floor":5},{"not_picked":["Evolve","Rage"],"picked":"Pommel Strike","floor":7},{"not_picked":["Rupture","Warcry","Fire Breathing"],"picked":"SKIP","floor":8},{"not_picked":["True Grit","Clothesline"],"picked":"Ghostly Armor","floor":11},{"not_picked":["Twin Strike","Headbutt"],"picked":"Armaments","floor":12},{"not_picked":["Twin Strike","Carnage"],"picked":"Seeing Red","floor":13},{"not_picked":["Fire Breathing","Twin Strike"],"picked":"Heavy Blade","floor":14},{"not_picked":["Offering","Immolate"],"picked":"Impervious","floor":16},{"not_picked":["Iron Wave+1","Feel No Pain+1","Pommel Strike"],"picked":"SKIP","floor":18},{"not_picked":["Twin Strike","Heavy Blade"],"picked":"Body Slam","floor":22}],"player_experience":319162,"relics_obtained":[{"floor":9,"key":"Mummified Hand"}],"event_choices":[{"damage_healed":0,"gold_gain":0,"player_choice":"Ignored","damage_taken":0,"max_hp_gain":0,"max_hp_loss":0,"event_name":"Golden Idol","floor":2,"gold_loss":0},{"damage_healed":0,"gold_gain":0,"player_choice":"Grow","damage_taken":0,"max_hp_gain":0,"max_hp_loss":0,"event_name":"Living Wall","floor":3,"gold_loss":0,"cards_upgraded":["Heavy Blade"]},{"damage_healed":0,"gold_gain":75,"player_choice":"Gather Gold","damage_taken":11,"max_hp_gain":0,"max_hp_loss":0,"event_name":"World of Goop","floor":4,"gold_loss":0},{"damage_healed":0,"gold_gain":0,"player_choice":"Trade","damage_taken":0,"relics_obtained":["SsserpentHead"],"max_hp_gain":0,"max_hp_loss":0,"event_name":"FaceTrader","floor":10,"gold_loss":0},{"damage_healed":0,"gold_gain":0,"player_choice":"Ignored","damage_taken":0,"max_hp_gain":0,"max_hp_loss":0,"event_name":"Vampires","floor":19,"gold_loss":0},{"damage_healed":0,"gold_gain":0,"player_choice":"Ignored","damage_taken":0,"max_hp_gain":0,"max_hp_loss":0,"event_name":"Ghosts","floor":20,"gold_loss":0},{"damage_healed":0,"gold_gain":0,"player_choice":"Read","damage_taken":0,"max_hp_gain":0,"max_hp_loss":0,"event_name":"The Library","floor":21,"gold_loss":0,"cards_obtained":["Battle Trance"]}],"is_beta":false,"boss_relics":[{"not_picked":["SacredBark","Busted Crown"],"picked":"Black Blood"}],"items_purged_floors":[],"is_endless":false,"potions_floor_spawned":[1,5,11,13,14,18,22],"killed_by":"Book of Stabbing","ascension_level":3}}