{"host":"00yob6u0fiu7ehgs","time":1609737749,"event":{"mods":["Act Like it!","Arknights The Spire","Art Attack!","BaseMod","Chen","Colored Powertips","Elementarium","Gensokyo","GifTheSpireLib","Infinite Spire","Jorbs\u0027s Wanderer Trilogy","Koishi","Marisa????????","Minty Spire (QoL Compilation)","Rare Cards Sparkle","Reimu??????","Remilia??????","Replay The Spire","StSLib","The Alterego","The Animator","The Cursed","The Forsaken","The Servant 0.9.4","Wandering Minibosses","Yakumo Yukari mod"],"gold_per_floor":[117,131,131,143,73,101,101,101,155,155,182,224,245,14,14,122,122,151,111,111,134,134,134,175,175,201,201,201,251,269,269],"floor_reached":30,"playtime":1834,"items_purged":["Pain"],"score":354,"play_id":"40c4854c-9f8f-42e6-bfe7-c4edc10d8a07","local_time":"20210103222229","is_ascension_mode":false,"campfire_choices":[{"floor":7,"key":"REST"},{"floor":10,"key":"REST"},{"floor":15,"key":"REST"},{"data":"ats:Thorns","floor":23,"key":"SMITH"},{"data":"infinitespire:UltimateForm","floor":27,"key":"SMITH"}],"circlet_count":0,"master_deck":["ats:Strike G+1","ats:Armor Crushing Shot","ats:Defend","ats:Defend","ats:Emotion Absorption+1","ats:Shadow Assault","ats:Assault Order","ats:Leaping Hammer","Clumsy","ats:Shell Defense","ats:Charging Defense","ats:Directed Diagnosis","ats:Thorns+1","ats:Thorns","ats:Echo Reverb+1","ReplayTheSpireMod:Faulty Equipment","Gensokyo:AllTheWorldsEvil","ats:Childhood Dance","ats:Healing Drone+1","ats:Demon Strength","ats:Support Order+1","Replay:Sluggish","animator:Curse_Nutcracker","infinitespire:UltimateForm+1","Delirium","ats:Encircling Forest","ats:Assault Order"],"relics":["ats:Sanity","Gensokyo:NagashiBinaDoll","ats:Originium","Replay:Bandana","Gensokyo:LunaticRedEyes","ReplayTheSpireMod:TigerMarble","Unceasing Top","Kintsugi","Replay:PocketPolymizer","Tiny Chest","Ring of Peace","Replay:Bottled Steam"],"acts_visited":["Exordium","Gensokyo:Gensokyo"],"potions_floor_usage":[12,16,16,24],"damage_taken":[{"damage":7,"enemies":"Gensokyo:Gryphon","floor":1,"turns":4},{"damage":0,"enemies":"Gensokyo:3_Fairies","floor":2,"turns":3},{"damage":9,"enemies":"Gensokyo:2_Kodama","floor":4,"turns":7},{"damage":56,"enemies":"Gensokyo:Mamizou","floor":6,"turns":12},{"damage":7,"enemies":"Gensokyo:CorruptedTreant","floor":11,"turns":4},{"damage":35,"enemies":"Gensokyo:Cirno","floor":12,"turns":5},{"damage":9,"enemies":"Gensokyo:Kitsune","floor":13,"turns":4},{"damage":77,"enemies":"Gensokyo:Kokoro","floor":16,"turns":20},{"damage":16,"enemies":"Gensokyo:2_Gloops","floor":18,"turns":5},{"damage":8,"enemies":"Gensokyo:AngelMirror","floor":21,"turns":6},{"damage":39,"enemies":"Gensokyo:Tenshi","floor":24,"turns":6},{"damage":29,"enemies":"Gensokyo:Chomper_and_Gloop","floor":30,"turns":3}],"seed_played":"-4763793381578942089","potions_obtained":[{"floor":1,"key":"FairyPotion"},{"floor":6,"key":"MagicPotion:ReiMu"},{"floor":11,"key":"SkillPotion"},{"floor":18,"key":"Ancient Potion"}],"is_trial":false,"path_per_floor":["M","M","?","M","?","E","R","?","T","R","M","E","M","$","R","B",null,"M","?","?","M","?","R","E","?","T","R","?","?","M"],"character_chosen":"DOCTOR_CLASS","items_purchased":["ats:Thorns","Regen Potion"],"campfire_rested":3,"item_purchase_floors":[14,14],"current_hp_per_floor":[65,65,65,56,56,8,29,29,29,50,45,15,11,11,32,21,72,56,56,61,62,62,62,42,42,42,42,42,25,0,0],"gold":269,"neow_bonus":"ONE_RANDOM_RARE_CARD","is_daily":false,"chose_seed":false,"campfire_upgraded":2,"win_rate":0.0,"timestamp":1609737749,"path_taken":["M","M","?","M","?","E","R","?","T","R","M","E","M","$","R","BOSS","M","?","?","?","?","R","E","?","T","R","?","?","M"],"items_purchased_type":["Card","Potion"],"build_version":"2020-12-22","purchased_purges":1,"victory":false,"max_hp_per_floor":[72,72,72,72,72,72,72,72,72,72,72,72,72,72,72,72,72,72,72,77,77,71,71,71,71,71,71,71,71,71,71],"card_choices":[{"not_picked":["ats:Shell Defense","ats:Flexible Camouflage"],"picked":"ats:Assault Order","floor":1},{"not_picked":["ats:Curse Doll","ats:Assault Order"],"picked":"ats:Leaping Hammer","floor":2},{"not_picked":["ats:Chain Hook","ats:Beaten Up"],"picked":"ats:Shell Defense","floor":4},{"not_picked":["ats:Collapsing Strike","ats:Thorns"],"picked":"ats:Charging Defense","floor":6},{"not_picked":["ats:Collapsing Strike","ats:Part Time Job"],"picked":"ats:Directed Diagnosis","floor":11},{"not_picked":["ats:Cat Scratch","ats:Shell Defense"],"picked":"ats:Thorns","floor":12},{"not_picked":["ats:Flexible Camouflage","ats:Chain Hook","ats:Poison Spread"],"picked":"SKIP","floor":13},{"not_picked":["ats:Fractured Body","ats:Wolf Pack"],"picked":"ats:Echo Reverb","floor":16},{"not_picked":["ats:Consecutive Shot Auto","ats:Hammer On"],"picked":"ats:Childhood Dance","floor":18},{"not_picked":["ats:Red Shift","ats:Consecutive Shot Auto"],"picked":"ats:Healing Drone+1","floor":21},{"not_picked":["ats:Explosion Area Strengthen","ats:Hook Shot+1"],"picked":"ats:Support Order+1","floor":24},{"not_picked":["infinitespire:Fortify","infinitespire:DeathsTouch"],"picked":"infinitespire:UltimateForm","floor":25},{"not_picked":["ats:Ignite","ats:Curse Doll"],"picked":"ats:Encircling Forest","floor":29},{"not_picked":["ats:Healing Drone","ats:Curse Doll"],"picked":"ats:Assault Order","floor":29}],"player_experience":340230,"relics_obtained":[{"floor":6,"key":"ats:Originium"},{"floor":6,"key":"Replay:Bandana"},{"floor":9,"key":"ReplayTheSpireMod:TigerMarble"},{"floor":12,"key":"ats:Originium"},{"floor":12,"key":"Unceasing Top"},{"floor":24,"key":"ats:Originium"},{"floor":24,"key":"Tiny Chest"},{"floor":28,"key":"Ring of Peace"},{"floor":29,"key":"Replay:Bottled Steam"}],"event_choices":[],"is_beta":false,"boss_relics":[{"not_picked":["Coffee Dripper","Painkiller Herb"],"picked":"Kintsugi"}],"items_purged_floors":[14],"is_endless":false,"potions_floor_spawned":[1,6,11,18],"killed_by":"Gensokyo:Chomper_and_Gloop","ascension_level":0}}