{"host":"0azimyi6n3ugndj4","time":1609794094,"event":{"mods":["2.2 Compatiblity","BaseMod","Bestiary","Conspire","Curses Come First","Defuse TimeMaze Blight","Hermit","Hubris","Hyrulean Relics","Infinite Spire","Jorbs\u0027s Wanderer Trilogy","Minty Spire (QoL Compilation)","Relic Stats","Replay The Spire","StSLib","SuperFastMode","The Cursed","The Hierophant","Uncapped","¡¼?Úª?ø«¡½REMEMod"],"gold_per_floor":[188,113,73,162,227,355,423,573,598,598,498,626,460,535,535,786,786,869,165,281,281,281,281,281],"floor_reached":23,"playtime":313,"items_purged":[],"score":740,"play_id":"4d6311b9-bf4a-49a6-8f5e-cda89277dd99","local_time":"20210105060134","daily_mods":["SealedDeck","Hoarder","Insanity","Chimera","Specialized","Vintage","ControlledChaos","Allstar","Diverse","Colorless Cards","Heirloom","Time Dilation","Flight","Elite Swarm","Lethality","Midas","Binary"],"is_ascension_mode":true,"campfire_choices":[{"floor":15,"key":"REST"}],"circlet_count":0,"master_deck":["Demon Form+1","Wraith Form v2","Echo Form","DevaForm","stsjorbsmod:ArcaneForm","stsjorbsmod:WastingForm+1","AscendersBane","hubris:Hubris","Bash","Survivor","Zap","Strike_R","Strike_G","Strike_B","Defend_R","Defend_G","Defend_P","TheCursedMod:SmokeScreen","Quick Slash","Quick Slash","Pray","hierophant:Shelter","Streamline","stsjorbsmod:ArcaneWeapon","hermit:Shortfuse","hermit:HighCaliber","TheCursedMod:CursedAmulet","Accuracy","hubris:ReadiedAction","Replay:Undeath\u0027s Touch","stsjorbsmod:TinyHut","Hidden Blade","ReplayTheSpireMod:Repulse","stsjorbsmod:FindFamiliar","ReplayTheSpireMod:Limb From Limb","hermit:TrackingShot","hubris:CleavingFinish","stsjorbsmod:Materialize","TheCursedMod:TacticalStrike","hierophant:Remorse","CrushJoints","hubris:Insight","Twin Strike","Mind Blast","Cloak And Dagger","hierophant:Flagellation","hermit:ItchyTrigger","hierophant:RustyCrate","REME_ShortnessOfBreath","TheCursedMod:BloodBarrier","TheCursedMod:WearCloak","hierophant:FieryStrike","TheCursedMod:Stigma","stsjorbsmod:TinyHut","Deadly Poison","hermit:Vantage","stsjorbsmod:Will+1","hermit:Deadeye","Prostrate","Acrobatics","stsjorbsmod:WeightOfMemory","stsjorbsmod:Index","hermit:CalledShot","PathToVictory","Deep Breath","TheCursedMod:Stretching","stsjorbsmod:ArcaneWeapon","Flash of Steel","Flash of Steel","Flash of Steel","Flash of Steel","Flash of Steel","Flash of Steel","Flash of Steel","Flash of Steel","Flash of Steel","Flash of Steel","Flash of Steel","Flash of Steel","Flash of Steel","Flash of Steel","Flash of Steel","Body Slam","Body Slam","Body Slam","stsjorbsmod:WeightOfMemory","stsjorbsmod:WeightOfMemory","stsjorbsmod:WeightOfMemory","hierophant:Charity","hierophant:Charity","hierophant:Charity","hermit:Cheat","hermit:Cheat","hermit:Cheat","Reprogram","Reprogram","Reprogram","TheCursedMod:CursedMace","TheCursedMod:CursedMace","TheCursedMod:CursedMace","TheCursedMod:RavingStaff","TheCursedMod:RavingStaff","TheCursedMod:RavingStaff","Thunderclap","Thunderclap","Thunderclap","Prepared","Prepared+1","Prepared","TheCursedMod:WearCloak","TheCursedMod:WearCloak","TheCursedMod:WearCloak","hierophant:Doubloon","hierophant:Doubloon","hierophant:Doubloon","Study","Study","Study","Doubt","Ghostly","Ghostly","Ghostly"],"relics":["stsjorbsmod:GrimoireRelic","Frozen Eye","Busted Crown","REME_ComplimentaryCards","conspire:GlowingRock","Oddly Smooth Stone","Pear","Bag of Preparation","zeldaRelics:CourageTriforce","conspire:InfiniteJournal","zeldaRelics:WisdomPiece","Guide Book","Empty Cage","War Paint","Replay:WaspNest","Sundial","TheAbacus","Red Mask","hubris:Towel"],"acts_visited":["Exordium","TheCity"],"potions_floor_usage":[23],"damage_taken":[{"damage":0,"enemies":"Jaw Worm","floor":1,"turns":1},{"damage":0,"enemies":"Cultist","floor":4,"turns":2},{"damage":15,"enemies":"2 Louse","floor":5,"turns":3},{"damage":0,"enemies":"Replay:BlueRogue","floor":6,"turns":1},{"damage":0,"enemies":"Blue Slaver","floor":7,"turns":1},{"damage":13,"enemies":"3 Sentries","floor":12,"turns":3},{"damage":0,"enemies":"Slime Boss","floor":16,"turns":1},{"damage":42,"enemies":"2 Thieves","floor":18,"turns":3},{"damage":18,"enemies":"Masked Bandits","floor":20,"turns":2},{"damage":3,"enemies":"REME_1_Revenger","floor":23,"turns":2}],"seed_played":"6307806808238962155","potions_obtained":[{"floor":3,"key":"infinitespire:BlackPotion"},{"floor":3,"key":"CultistPotion"},{"floor":12,"key":"Weak Potion"},{"floor":16,"key":"Energy Potion"}],"is_trial":true,"path_per_floor":["M","?","?","M","M","E","M","?","T","T","?","E","$","?","R","B",null,"M","$","?","?","?","E"],"character_chosen":"WANDERER","items_purchased":["Guide Book","Replay:WaspNest","Sundial","TheAbacus"],"campfire_rested":1,"item_purchase_floors":[13,19,19,19],"current_hp_per_floor":[58,58,58,68,53,53,53,53,53,53,53,40,40,29,51,51,68,27,27,9,3,3,0,0],"gold":281,"neow_bonus":"","is_daily":false,"chose_seed":false,"campfire_upgraded":0,"win_rate":0.0,"timestamp":1609794094,"path_taken":["M","?","?","?","?","E","M","?","T","?","?","E","$","?","R","BOSS","M","$","?","?","?","E"],"items_purchased_type":["Relic","Relic","Relic","Relic"],"build_version":"2020-12-22","purchased_purges":0,"victory":false,"max_hp_per_floor":[64,64,64,74,74,74,74,74,74,74,74,74,74,74,74,74,74,74,74,74,74,74,74,74],"relic_stats":{"Busted Crown":32,"TheAbacus":[0],"counters":[10,19],"Sundial":[0],"Bag of Preparation":[14],"War Paint":["Prepared","stsjorbsmod:Will"],"obtain_stats":[{"zeldaRelics:WisdomPiece":12,"Pear":4,"Guide Book":13,"Oddly Smooth Stone":1,"stsjorbsmod:GrimoireRelic":0,"Replay:WaspNest":19,"Bag of Preparation":5,"War Paint":18,"hubris:Towel":22,"Empty Cage":17,"zeldaRelics:CourageTriforce":10,"conspire:InfiniteJournal":7,"Frozen Eye":0,"conspire:GlowingRock":0,"Busted Crown":0,"TheAbacus":19,"Sundial":19,"zeldaRelics:CouragePiece":6,"Red Mask":20,"REME_ComplimentaryCards":0},{"zeldaRelics:WisdomPiece":6,"Pear":2,"Guide Book":6,"Oddly Smooth Stone":1,"stsjorbsmod:GrimoireRelic":0,"Replay:WaspNest":8,"Bag of Preparation":3,"War Paint":8,"hubris:Towel":9,"Empty Cage":7,"zeldaRelics:CourageTriforce":5,"conspire:InfiniteJournal":5,"Frozen Eye":0,"conspire:GlowingRock":0,"Busted Crown":0,"TheAbacus":8,"Sundial":8,"zeldaRelics:CouragePiece":4,"Red Mask":9,"REME_ComplimentaryCards":0},{"zeldaRelics:WisdomPiece":11,"Pear":3,"Guide Book":11,"Oddly Smooth Stone":1,"stsjorbsmod:GrimoireRelic":0,"Replay:WaspNest":15,"Bag of Preparation":6,"War Paint":15,"hubris:Towel":17,"Empty Cage":12,"zeldaRelics:CourageTriforce":8,"conspire:InfiniteJournal":8,"Frozen Eye":0,"conspire:GlowingRock":0,"Busted Crown":0,"TheAbacus":15,"Sundial":15,"zeldaRelics:CouragePiece":7,"Red Mask":17,"REME_ComplimentaryCards":0}]},"card_choices":[],"player_experience":1528986,"relics_obtained":[{"floor":1,"key":"Oddly Smooth Stone"},{"floor":4,"key":"Pear"},{"floor":5,"key":"Bag of Preparation"},{"floor":6,"key":"zeldaRelics:CouragePiece"},{"floor":7,"key":"conspire:InfiniteJournal"},{"floor":9,"key":"zeldaRelics:CouragePiece"},{"floor":10,"key":"zeldaRelics:CouragePiece"},{"floor":12,"key":"zeldaRelics:WisdomPiece"},{"floor":18,"key":"War Paint"},{"floor":20,"key":"Red Mask"}],"event_choices":[{"cards_removed":["Eruption"],"damage_healed":0,"gold_gain":0,"player_choice":"Card Removal","damage_taken":0,"max_hp_gain":0,"max_hp_loss":0,"event_name":"The Cleric","floor":2,"gold_loss":75},{"damage_healed":0,"gold_gain":0,"player_choice":"Bought 3 Potions","damage_taken":0,"max_hp_gain":0,"max_hp_loss":0,"event_name":"The Woman in Blue","floor":3,"gold_loss":0},{"damage_healed":0,"gold_gain":150,"player_choice":"AGREE","damage_taken":0,"max_hp_gain":0,"max_hp_loss":0,"event_name":"Liars Game","floor":8,"gold_loss":0,"cards_obtained":["Doubt"]},{"damage_healed":0,"gold_gain":0,"player_choice":"Argue","damage_taken":0,"max_hp_gain":0,"max_hp_loss":0,"event_name":"conspire:LoneGhost","floor":11,"gold_loss":0},{"damage_healed":0,"gold_gain":75,"player_choice":"Gather Gold","damage_taken":11,"max_hp_gain":0,"max_hp_loss":0,"event_name":"World of Goop","floor":14,"gold_loss":0},{"damage_healed":0,"gold_gain":0,"player_choice":"Fought Bandits","damage_taken":0,"max_hp_gain":0,"max_hp_loss":0,"event_name":"Masked Bandits","floor":20,"gold_loss":0}],"is_beta":false,"boss_relics":[{"not_picked":["conspire:SeveredTorchhead","REME_LowDesire"],"picked":"Empty Cage"}],"items_purged_floors":[],"is_endless":false,"potions_floor_spawned":[5,12,16],"killed_by":"REME_1_Revenger","ascension_level":20}}