{"host":"kpyoctgc7jne3jiy","time":1609755744,"event":{"mods":["AchievementEnabler","BaseMod","Minty Spire (QoL Compilation)","Relic Stats"],"gold_per_floor":[114,129,79,94,109,109,139,239,239,254,269,284,284,299,299,399,399,414,114,129,144,159,159,189,189,214,214,229,244,259,274,274,374,374,389,389,404,404,4,19,19,49,49,64,94,94,94,109,109,109],"floor_reached":51,"playtime":3596,"items_purged":[],"score":762,"play_id":"a9dd31d5-12d3-48b6-b1fc-d610d26881f2","local_time":"20210104112224","daily_mods":["Allstar","Hoarder","Terminal"],"is_ascension_mode":false,"campfire_choices":[{"data":"Armaments","floor":6.0,"key":"SMITH"},{"data":"Combust","floor":13.0,"key":"SMITH"},{"data":"Feed","floor":15.0,"key":"SMITH"},{"floor":23.0,"key":"REST"},{"floor":27.0,"key":"REST"},{"floor":32.0,"key":"REST"},{"floor":41,"key":"REST"},{"data":"Corruption","floor":46,"key":"PURGE"},{"data":"Searing Blow","floor":49,"key":"PURGE"}],"circlet_count":0,"master_deck":["Strike_R","Strike_R","Strike_R","Strike_R","Defend_R","Defend_R","Defend_R","Defend_R","Bash","Thinking Ahead","Thinking Ahead","Thinking Ahead","The Bomb","The Bomb","The Bomb","PanicButton","PanicButton","PanicButton","Secret Weapon","Secret Weapon","Secret Weapon","Good Instincts","Good Instincts","Good Instincts","Hemokinesis","Hemokinesis","Hemokinesis","Armaments","Armaments","Armaments+1","Burning Pact","Burning Pact","Burning Pact","Spot Weakness","Spot Weakness","Spot Weakness","Feel No Pain","Feel No Pain","Feel No Pain","Combust","Combust+1","Combust","Feed","Feed","Feed+1","Corruption","True Grit","True Grit","True Grit","Metallicize","Metallicize","Metallicize","Berserk","Berserk","Berserk","Shrug It Off","Shrug It Off","Shrug It Off","Reaper","Reaper","Reaper","Flex+1","Flex+1","Flex+1","Shockwave","Shockwave","Shockwave","Mayhem","Mayhem","Mayhem","Battle Trance+1","Battle Trance+1","Battle Trance+1","Body Slam+1","Body Slam+1","Body Slam+1","Searing Blow","Searing Blow"],"relics":["Burning Blood","Thread and Needle","Anchor","Fusion Hammer","CaptainsWheel","Kunai","MutagenicStrength","Omamori","Sozu","TheAbacus","Pear","Strawberry","Peace Pipe","Mercury Hourglass"],"acts_visited":["Exordium","TheCity","TheBeyond"],"potions_floor_usage":[50],"damage_taken":[{"damage":0.0,"enemies":"Small Slimes","floor":1.0,"turns":6.0},{"damage":2.0,"enemies":"2 Louse","floor":2.0,"turns":2.0},{"damage":0.0,"enemies":"Cultist","floor":4.0,"turns":3.0},{"damage":12.0,"enemies":"Gremlin Gang","floor":5.0,"turns":5.0},{"damage":13.0,"enemies":"3 Sentries","floor":7.0,"turns":8.0},{"damage":2.0,"enemies":"2 Fungi Beasts","floor":10.0,"turns":3.0},{"damage":5.0,"enemies":"Exordium Wildlife","floor":11.0,"turns":3.0},{"damage":2.0,"enemies":"3 Louse","floor":12.0,"turns":4.0},{"damage":5.0,"enemies":"Red Slaver","floor":14.0,"turns":4.0},{"damage":61.0,"enemies":"Hexaghost","floor":16.0,"turns":10.0},{"damage":10.0,"enemies":"3 Byrds","floor":18.0,"turns":4.0},{"damage":10.0,"enemies":"Spheric Guardian","floor":20.0,"turns":5.0},{"damage":20.0,"enemies":"Shelled Parasite and Fungi","floor":21.0,"turns":8.0},{"damage":2.0,"enemies":"3 Cultists","floor":22.0,"turns":5.0},{"damage":16.0,"enemies":"Slavers","floor":24.0,"turns":9.0},{"damage":6.0,"enemies":"Snecko","floor":28.0,"turns":10.0},{"damage":9.0,"enemies":"Chosen and Byrds","floor":29.0,"turns":8.0},{"damage":12.0,"enemies":"Snake Plant","floor":30.0,"turns":9.0},{"damage":13.0,"enemies":"Sentry and Sphere","floor":31.0,"turns":7.0},{"damage":34.0,"enemies":"Collector","floor":33.0,"turns":11.0},{"damage":4,"enemies":"3 Shapes","floor":35,"turns":5},{"damage":9,"enemies":"Orb Walker","floor":37,"turns":5},{"damage":54,"enemies":"Spire Growth","floor":40,"turns":7},{"damage":67,"enemies":"Nemesis","floor":42,"turns":11},{"damage":6,"enemies":"Sphere and 2 Shapes","floor":44,"turns":7},{"damage":31,"enemies":"Reptomancer","floor":45,"turns":9},{"damage":8,"enemies":"Transient","floor":48,"turns":5},{"damage":46,"enemies":"Donu and Deca","floor":50,"turns":9}],"seed_played":"4251252283042701915","potions_obtained":[{"floor":1.0,"key":"GamblersBrew"},{"floor":7.0,"key":"SteroidPotion"},{"floor":10.0,"key":"FearPotion"},{"floor":12.0,"key":"LiquidBronze"},{"floor":16.0,"key":"BloodPotion"},{"floor":18.0,"key":"LiquidMemories"}],"is_trial":false,"path_per_floor":["M","M","?","M","M","R","E","?","T","M","M","M","R","M","R","B",null,"M","$","M","M","M","R","E","?","T","R","M","M","M","M","R","B",null,"M","?","M","?","$","M","R","E","T","M","E","R","?","M","R","B",null],"character_chosen":"IRONCLAD","items_purchased":["CaptainsWheel","TheAbacus","Pear"],"campfire_rested":4,"item_purchase_floors":[19,39,39],"current_hp_per_floor":[78,77,76,75,69,69,62,62,62,66,67,70,69,71,70,32,71,67,67,63,49,59,71,64,64,64,70,69,69,66,62,74,50,76,78,77,76,75,84,42,66,56,56,75,89,88,87,86,85,62],"gold":109,"neow_bonus":"","is_daily":true,"chose_seed":false,"campfire_upgraded":3,"win_rate":0.0,"timestamp":1609755744,"path_taken":["M","M","?","M","M","R","E","?","T","?","M","?","R","M","R","BOSS","M","$","M","M","M","R","E","?","T","R","M","M","M","M","R","BOSS","M","?","M","?","$","M","R","E","T","M","E","R","?","?","R","BOSS"],"items_purchased_type":["Relic","Relic","Relic"],"build_version":"2020-12-22","purchased_purges":0,"victory":true,"max_hp_per_floor":[78,77,76,75,74,73,72,71,70,69,68,70,69,71,70,72,71,70,69,68,67,72,71,73,72,71,70,69,71,73,75,74,77,76,78,77,76,75,84,83,82,88,87,90,89,88,87,86,85,84],"relic_stats":{"Sozu":4,"Peace Pipe":2,"TheAbacus":[6],"counters":[28,182],"Kunai":[6],"obtain_stats":[{"Pear":39,"Thread and Needle":7,"Omamori":26,"Burning Blood":0,"Mercury Hourglass":45,"Sozu":34,"Peace Pipe":43,"Anchor":9,"CaptainsWheel":19,"TheAbacus":39,"MutagenicStrength":25,"Strawberry":42,"Fusion Hammer":17,"Kunai":24},{"Pear":22,"Thread and Needle":5,"Omamori":15,"Burning Blood":0,"Mercury Hourglass":26,"Sozu":20,"Peace Pipe":24,"Anchor":5,"CaptainsWheel":11,"TheAbacus":22,"MutagenicStrength":15,"Strawberry":24,"Fusion Hammer":10,"Kunai":15},{"Pear":134,"Thread and Needle":24,"Omamori":79,"Burning Blood":0,"Mercury Hourglass":168,"Sozu":124,"Peace Pipe":152,"Anchor":24,"CaptainsWheel":52,"TheAbacus":134,"MutagenicStrength":79,"Strawberry":152,"Fusion Hammer":48,"Kunai":79}],"Burning Blood":133,"Mercury Hourglass":[45]},"card_choices":[{"not_picked":["Iron Wave","Twin Strike"],"picked":"Hemokinesis","floor":1.0},{"not_picked":["Perfected Strike","Anger"],"picked":"Armaments","floor":2.0},{"not_picked":["Flex","Combust"],"picked":"Burning Pact","floor":4.0},{"not_picked":["Combust","Sword Boomerang"],"picked":"Spot Weakness","floor":5.0},{"not_picked":["Rage","Body Slam"],"picked":"Feel No Pain","floor":7.0},{"not_picked":["Pummel","Clothesline"],"picked":"Combust","floor":10.0},{"not_picked":["Bloodletting","Burning Pact"],"picked":"Feed","floor":11.0},{"not_picked":["Entrench","Blood for Blood","Havoc"],"picked":"SKIP","floor":12.0},{"not_picked":["Dropkick","Pommel Strike","Warcry"],"picked":"SKIP","floor":14.0},{"not_picked":["Barricade","Berserk"],"picked":"Corruption","floor":16.0},{"not_picked":["Wild Strike","Pummel"],"picked":"True Grit","floor":18.0},{"not_picked":["True Grit","Pommel Strike"],"picked":"Metallicize","floor":20.0},{"not_picked":["Iron Wave","Heavy Blade"],"picked":"Berserk","floor":21.0},{"not_picked":["Clothesline","Searing Blow+1","Armaments"],"picked":"SKIP","floor":22.0},{"not_picked":["Searing Blow","Spot Weakness","True Grit"],"picked":"SKIP","floor":24.0},{"not_picked":["Headbutt","Carnage","Thunderclap"],"picked":"SKIP","floor":28.0},{"not_picked":["Heavy Blade","Pommel Strike","Warcry"],"picked":"SKIP","floor":29.0},{"not_picked":["Clothesline","Heavy Blade"],"picked":"Shrug It Off","floor":30.0},{"not_picked":["Thunderclap","Anger","Dropkick"],"picked":"SKIP","floor":31.0},{"not_picked":["Impervious","Barricade"],"picked":"Reaper","floor":33.0},{"not_picked":["Battle Trance","Second Wind"],"picked":"Flex+1","floor":35},{"not_picked":["Sword Boomerang","Headbutt+1"],"picked":"Shockwave","floor":37},{"not_picked":["Bandage Up","Master of Strategy"],"picked":"Mayhem","floor":38},{"not_picked":["Flex","Armaments+1"],"picked":"Battle Trance+1","floor":40},{"not_picked":["Carnage","Havoc+1","Wild Strike+1"],"picked":"SKIP","floor":42},{"not_picked":["Cleave","Corruption"],"picked":"Body Slam+1","floor":44},{"not_picked":["Heavy Blade","Warcry","Burning Pact"],"picked":"SKIP","floor":45},{"not_picked":["Combust+1","Sever Soul+1","Sword Boomerang"],"picked":"SKIP","floor":48}],"player_experience":282591,"relics_obtained":[{"floor":7.0,"key":"Thread and Needle"},{"floor":9.0,"key":"Anchor"},{"floor":24.0,"key":"Kunai"},{"floor":26.0,"key":"Omamori"},{"floor":42,"key":"Strawberry"},{"floor":43,"key":"Peace Pipe"},{"floor":45,"key":"Mercury Hourglass"}],"event_choices":[{"cards_removed":["Strike_R"],"damage_healed":0.0,"max_hp_gain":0.0,"max_hp_loss":0.0,"gold_gain":0.0,"event_name":"The Cleric","player_choice":"Card Removal","floor":3.0,"gold_loss":50.0,"damage_taken":0.0},{"damage_healed":0.0,"max_hp_gain":0.0,"max_hp_loss":0.0,"gold_gain":100.0,"event_name":"Golden Shrine","player_choice":"Pray","floor":8.0,"gold_loss":0.0,"damage_taken":0.0},{"damage_healed":0.0,"max_hp_gain":0.0,"max_hp_loss":0.0,"gold_gain":0.0,"event_name":"Drug Dealer","player_choice":"Inject Mutagens","floor":25.0,"gold_loss":0.0,"damage_taken":0.0,"relics_obtained":["MutagenicStrength"]},{"damage_healed":20,"gold_gain":0,"player_choice":"Writhe","damage_taken":0,"max_hp_gain":0,"max_hp_loss":0,"event_name":"Winding Halls","floor":36,"gold_loss":0,"cards_obtained":["Writhe"]},{"damage_healed":0,"gold_gain":0,"player_choice":"Memory 1","damage_taken":0,"max_hp_gain":0,"max_hp_loss":0,"event_name":"SensoryStone","floor":38,"gold_loss":0},{"damage_healed":0,"gold_gain":0,"cards_transformed":["Corruption"],"player_choice":"Transformed","damage_taken":0,"max_hp_gain":0,"max_hp_loss":0,"event_name":"Transmorgrifier","floor":47,"gold_loss":0,"cards_obtained":["Searing Blow"]}],"is_beta":false,"boss_relics":[{"not_picked":["Busted Crown","SacredBark"],"picked":"Fusion Hammer"},{"not_picked":["Black Star","Tiny House"],"picked":"Sozu"}],"items_purged_floors":[],"is_endless":false,"potions_floor_spawned":[1,7,10,12,16,18,29,30,35,40,42,48],"ascension_level":0}}