{"host":"x1qj4d8ympd5jdqh","time":1609743695,"event":{"mods":["AchievementEnabler","AlwaysNeverKeys","BaseMod","Colored Map","Custom Start","DeckTracker","Highlight Path","Minty Spire (QoL Compilation)","StSLib","SuperFastMode"],"gold_per_floor":[116,41,58,58,58,58,87,43,43,118,148,148,148,34,34,34,34],"floor_reached":16,"playtime":233,"items_purged":["Parasite"],"score":258,"play_id":"9ea02820-f550-4815-b9b9-4eeee7586396","local_time":"20210104160135","is_ascension_mode":true,"campfire_choices":[{"data":"Sword Boomerang","floor":6.0,"key":"SMITH"},{"data":"Disarm","floor":13,"key":"SMITH"},{"data":"Hemokinesis","floor":15,"key":"SMITH"}],"circlet_count":0,"master_deck":["AscendersBane","Strike_R","Strike_R","Defend_R","Defend_R","Defend_R","Defend_R","Bash","Sword Boomerang+1","Cleave","Fire Breathing","Shrug It Off","Hemokinesis+1","Disarm+1","Second Wind"],"relics":["Burning Blood","NeowsBlessing","Bag of Marbles","Shuriken"],"acts_visited":["Exordium"],"potions_floor_usage":[],"damage_taken":[{"damage":0.0,"enemies":"Jaw Worm","floor":1.0,"turns":1.0},{"damage":0.0,"enemies":"Small Slimes","floor":3.0,"turns":1.0},{"damage":0.0,"enemies":"Lagavulin","floor":7.0,"turns":1.0},{"damage":36,"enemies":"Gremlin Nob","floor":11,"turns":4},{"damage":48,"enemies":"The Guardian","floor":16,"turns":17}],"seed_played":"686229897756901639","potions_obtained":[{"floor":11,"key":"ElixirPotion"}],"is_trial":false,"path_per_floor":["M","?","M","?","?","R","E","$","T","?","E","?","R","$","R","B"],"character_chosen":"IRONCLAD","items_purchased":["Hemokinesis","Second Wind"],"campfire_rested":0,"item_purchase_floors":[8,14],"current_hp_per_floor":[74,74,75,75,68,68,74,74,74,63,33,51,51,51,51,3,3],"gold":34,"neow_bonus":"THREE_ENEMY_KILL","is_daily":false,"chose_seed":false,"campfire_upgraded":3,"win_rate":0.0,"timestamp":1609743695,"path_taken":["M","?","M","?","?","R","E","$","T","?","E","?","R","$","R","BOSS"],"items_purchased_type":["Card","Card"],"build_version":"2020-12-22","purchased_purges":1,"victory":false,"max_hp_per_floor":[75,75,75,75,75,75,75,75,75,75,75,75,75,72,72,72,72],"card_choices":[{"not_picked":["Cleave","Twin Strike"],"picked":"Sword Boomerang","floor":1.0},{"not_picked":["Dark Embrace","Sword Boomerang"],"picked":"Cleave","floor":3.0},{"not_picked":["Anger","Iron Wave"],"picked":"Shrug It Off","floor":7.0},{"not_picked":["Uppercut","Entrench"],"picked":"Disarm","floor":11}],"player_experience":1313535,"relics_obtained":[{"floor":7.0,"key":"Bag of Marbles"},{"floor":11,"key":"Shuriken"}],"event_choices":[{"cards_removed":["Strike_R"],"damage_healed":0.0,"max_hp_gain":0.0,"max_hp_loss":0.0,"gold_gain":0.0,"event_name":"The Cleric","player_choice":"Card Removal","floor":2.0,"gold_loss":75.0,"damage_taken":0.0},{"damage_healed":0.0,"max_hp_gain":0.0,"max_hp_loss":0.0,"gold_gain":0.0,"cards_transformed":["Strike_R"],"event_name":"Living Wall","player_choice":"Change","floor":4.0,"gold_loss":0.0,"damage_taken":0.0,"cards_obtained":["Fire Breathing"]},{"cards_removed":["Strike_R"],"damage_healed":0.0,"max_hp_gain":0.0,"max_hp_loss":0.0,"gold_gain":0.0,"event_name":"Golden Wing","player_choice":"Card Removal","floor":5.0,"gold_loss":0.0,"damage_taken":7.0},{"damage_healed":0.0,"max_hp_gain":0.0,"max_hp_loss":0.0,"gold_gain":75.0,"event_name":"World of Goop","player_choice":"Gather Gold","floor":10.0,"gold_loss":0.0,"damage_taken":11.0},{"damage_healed":18,"gold_gain":0,"player_choice":"Healed and dodged fight","damage_taken":0,"max_hp_gain":0,"max_hp_loss":0,"event_name":"Mushrooms","floor":12,"gold_loss":0,"cards_obtained":["Parasite"]}],"is_beta":false,"boss_relics":[],"items_purged_floors":[14],"is_endless":false,"potions_floor_spawned":[11],"killed_by":"The Guardian","ascension_level":20}}