{"host":"cux5c0ypkurx8q5k","time":1609795530,"event":{"mods":["BaseMod","Colored Map","Colored Powertips","Minty Spire (QoL Compilation)","StSLib"],"gold_per_floor":[114,114,128,148,98,126,126,51,51,51,82,82,102,116,116,116,116],"floor_reached":16,"playtime":444,"items_purged":["Strike_R"],"score":127,"play_id":"16ddd89d-f40e-456e-9d98-a59bb974cd78","local_time":"20210104162530","is_ascension_mode":true,"campfire_choices":[{"floor":10,"key":"REST"},{"data":"Pommel Strike","floor":12,"key":"SMITH"},{"floor":15,"key":"REST"}],"circlet_count":0,"master_deck":["Strike_R","Strike_R","Strike_R+1","Defend_R","Defend_R+1","Defend_R","Defend_R","Bash","Headbutt","Whirlwind","Pommel Strike+1","True Grit"],"relics":["SacredBark","Lantern","Centennial Puzzle","InkBottle","Red Skull"],"acts_visited":["Exordium"],"potions_floor_usage":[6,11,14],"damage_taken":[{"damage":4,"enemies":"2 Louse","floor":1,"turns":4},{"damage":7,"enemies":"Jaw Worm","floor":3,"turns":3},{"damage":1,"enemies":"Cultist","floor":4,"turns":3},{"damage":18,"enemies":"Gremlin Nob","floor":6,"turns":4},{"damage":35,"enemies":"Lagavulin","floor":11,"turns":5},{"damage":3,"enemies":"Blue Slaver","floor":13,"turns":2},{"damage":0,"enemies":"2 Fungi Beasts","floor":14,"turns":2},{"damage":32,"enemies":"Slime Boss","floor":16,"turns":6}],"seed_played":"7207875957913304166","potions_obtained":[{"floor":1,"key":"Weak Potion"},{"floor":6,"key":"Explosive Potion"},{"floor":13,"key":"ColorlessPotion"}],"is_trial":false,"path_per_floor":["M","?","M","M","?","E","?","$","T","R","E","R","M","M","R","B"],"character_chosen":"IRONCLAD","items_purchased":[],"campfire_rested":2,"item_purchase_floors":[],"current_hp_per_floor":[76,58,51,50,50,32,16,16,16,40,5,5,2,2,26,0,0],"gold":116,"neow_bonus":"BOSS_RELIC","is_daily":false,"chose_seed":false,"campfire_upgraded":1,"win_rate":0.0,"timestamp":1609795530,"path_taken":["M","?","M","M","?","E","?","?","T","R","E","R","M","M","R","BOSS"],"items_purchased_type":[],"build_version":"2020-12-22","purchased_purges":1,"victory":false,"max_hp_per_floor":[80,80,80,80,80,80,80,80,80,80,80,80,80,80,80,80,80],"card_choices":[{"not_picked":["Armaments","Clash"],"picked":"Headbutt","floor":1},{"not_picked":["Dual Wield","Intimidate"],"picked":"Whirlwind","floor":3},{"not_picked":["Evolve","Cleave","Sever Soul"],"picked":"SKIP","floor":4},{"not_picked":["Whirlwind","Wild Strike"],"picked":"Pommel Strike","floor":6},{"not_picked":["Combust","Dark Embrace","Headbutt"],"picked":"SKIP","floor":11},{"not_picked":["Infernal Blade","Uppercut"],"picked":"True Grit","floor":13},{"not_picked":["Sword Boomerang","True Grit","Clothesline"],"picked":"SKIP","floor":14}],"player_experience":97322,"relics_obtained":[{"floor":6,"key":"Centennial Puzzle"},{"floor":9,"key":"InkBottle"},{"floor":11,"key":"Red Skull"}],"event_choices":[{"damage_healed":0,"gold_gain":0,"player_choice":"Success","damage_taken":18,"relics_obtained":["Lantern"],"max_hp_gain":0,"max_hp_loss":0,"event_name":"Scrap Ooze","floor":2,"gold_loss":0},{"cards_removed":["Strike_R"],"damage_healed":0,"gold_gain":0,"player_choice":"Card Removal","damage_taken":0,"max_hp_gain":0,"max_hp_loss":0,"event_name":"The Cleric","floor":5,"gold_loss":50},{"damage_healed":0,"gold_gain":0,"player_choice":"Entered Light","damage_taken":16,"max_hp_gain":0,"max_hp_loss":0,"event_name":"Shining Light","floor":7,"gold_loss":0,"cards_upgraded":["Defend_R","Strike_R"]}],"is_beta":false,"boss_relics":[],"items_purged_floors":[8],"is_endless":false,"potions_floor_spawned":[1,6,13],"killed_by":"Slime Boss","ascension_level":3}}