{"host":"3icp1y0s51ghu4x2","time":1609726665,"event":{"mods":["AchievementEnabler","BaseMod","Bestiary","Card Forge","ChefMod","Colored Map","Hermit","Infinite Spire","Minty Spire (QoL Compilation)","Relic Filter","Replay The Spire","Shop Mod","StSLib","Td1madao Mod","The Bug Knight","The Hierophant","The Marked"],"gold_per_floor":[111,111,122,1173,1173,1204,1204,1247,1247,1268,1314,1333,1348,841,841,970,970,985,985,1009,304,328,362,362,386,438,963,963,1311,1327,1327,1327,1446,1446,1471,1361,1361,1381,1444,1444,1477,1477,1503,1528,1544,1544,1560,1560,1560,1680,1680,1678,1678],"floor_reached":52,"playtime":6378,"items_purged":["Endless Agony+1","Unload+1"],"score":1235,"play_id":"7f4b1426-c150-40a1-b8c1-be24ac81a477","local_time":"20210103181745","is_ascension_mode":false,"campfire_choices":[{"data":"Replay:Bag of Tricks","floor":7.0,"key":"SMITH"},{"floor":15.0,"key":"REST"},{"data":"infinitespire:UltimateForm","floor":15.0,"key":"SMITH"},{"floor":32.0,"key":"REST"},{"floor":40.0,"key":"REST"},{"floor":42.0,"key":"REST"},{"floor":46.0,"key":"REST"},{"floor":49.0,"key":"REST"}],"circlet_count":1,"master_deck":["PiercingWail+1","A Thousand Cuts+1","Acrobatics+1","Adrenaline+1","Atom Bomb+1","Backflip+1","Replay:Bag of Tricks+1","Bane+1","Blade Dance+1","Blur+1","Bouncing Flask+1","Caltrops+1","Catalyst+1","Corpse Explosion+1","Crippling Poison+1","Dagger Throw+1","Deadly Poison+1","Deflect+1","Die Die Die+1","Draining Mist+1","Expertise+1","ReplayTheSpireMod:Exploit Weakness+1","Finisher+1","Hidden Blade+1","Infinite Blades+1","Malaise+1","Masterful Stab+1","ReplayTheSpireMod:Necrosis+1","Noxious Fumes+1","Outmaneuver+1","Phantasmal Killer+1","PiercingWail+1","Poison Darts+1","Poisoned Stab+1","Predator+1","Prepared+1","Quick Slash+1","ReplayTheSpireMod:Scrap Shanks+1","ReplayTheSpireMod:Shiv Toss+1","Skewer+1","Sneak Up+1","Underhanded Strike+1","Terror+1","Toxin Wave+1","Well Laid Plans+1","Eruption+1","Mayhem+1","infinitespire:Collect+1","infinitespire:Execution+1","infinitespire:NeuralNetwork+1","infinitespire:Punishment+1","infinitespire:UltimateForm+1","Skewer+1","Wraith Form v2+1","Replay:Bag of Tricks+1","Backflip+1","A Thousand Cuts+1","Adrenaline+1","After Image+1","Backstab+1","Replay:Bag of Tricks+1","Burst+1","Catalyst+1","Choke+1","Concentrate+1","Corpse Explosion+1","Crippling Poison+1","Doppelganger+1","Draining Mist+1","Envenom+1","Finisher+1","Hidden Blade+1","Infinite Blades+1","ReplayTheSpireMod:Necrosis+1","infinitespire:Neurotoxin+1","Noxious Fumes+1","Night Terror+1","Phantasmal Killer+1","Poison Darts+1","Poisoned Stab+1","Predator+1","Skewer+1","Storm of Steel+1","Toxin Wave+1","Wraith Form v2+1","Choke+1","Crippling Poison+1","Finisher+1","infinitespire:UltimateForm+1","Night Terror+1","infinitespire:Punishment+1","Catalyst+1","Specialist+1","Panache+1","CurseOfTheBell","Atom Bomb+1","Deadly Poison+1","Madness+1","Madness+1","Corpse Explosion"],"relics":["Ring of the Serpent","Hammer of Thor","Seething Fire","Anvil of the Gods","ReplayTheSpireMod:Ring of Exchange","ReplayTheSpireMod:Ring of Collecting","Pondfish Scales","TheAbacus","infinitespire:Magic Flask","Golden Idol","Tingsha","Basket Of Snakes","Bottled Lightning","Ring of Fangs","Ring of Peace","Replay:Rubber Ducky","DollysMirror","Quantum Egg","Vajra","Medical Kit","Shuriken","Enchiridion","infinitespire:Beetle Shell","Garlic","Calling Bell","Bronze Scales","Meat on the Bone","Ring of Hypnosis","Replay:Bottled Eggs","Eternal Feather","Blood Vial","Philosopher\u0027s Stone","MerchantsRug","OrangePellets","infinitespire:Cupcake","Circlet","Replay:Bottled Snecko","Tough Bandages","ReplayTheSpireMod:Shallot","Whetstone","Honey Jar"],"acts_visited":["Exordium","TheCity","TheBeyond"],"potions_floor_usage":[],"damage_taken":[{"damage":8.0,"enemies":"Jaw Worm","floor":1.0,"turns":3.0},{"damage":3.0,"enemies":"2 Louse","floor":3.0,"turns":2.0},{"damage":0.0,"enemies":"Lagavulin","floor":6.0,"turns":3.0},{"damage":0.0,"enemies":"HollowMod:MossKnight","floor":8.0,"turns":2.0},{"damage":0.0,"enemies":"Small Slimes","floor":10.0,"turns":2.0},{"damage":0.0,"enemies":"Exordium Wildlife","floor":12.0,"turns":2.0},{"damage":0.0,"enemies":"Exordium Thugs","floor":13.0,"turns":2.0},{"damage":0.0,"enemies":"The Guardian","floor":16.0,"turns":3.0},{"damage":0.0,"enemies":"3 Byrds","floor":18.0,"turns":3.0},{"damage":0.0,"enemies":"Spheric Guardian","floor":20.0,"turns":2.0},{"damage":0.0,"enemies":"Centurion and Healer","floor":22.0,"turns":2.0},{"damage":0.0,"enemies":"Slavers","floor":23.0,"turns":3.0},{"damage":0.0,"enemies":"Snake Plant","floor":25.0,"turns":1.0},{"damage":0.0,"enemies":"Shelled Parasite and Fungi","floor":30.0,"turns":2.0},{"damage":0.0,"enemies":"Automaton","floor":33.0,"turns":2.0},{"damage":0.0,"enemies":"3 Shapes","floor":35.0,"turns":2.0},{"damage":0.0,"enemies":"3 Darklings","floor":38.0,"turns":3.0},{"damage":0.0,"enemies":"Mind Bloom Boss Battle","floor":39.0,"turns":2.0},{"damage":0.0,"enemies":"Nightmare","floor":41.0,"turns":3.0},{"damage":0.0,"enemies":"Sphere and 2 Shapes","floor":44.0,"turns":2.0},{"damage":0.0,"enemies":"Transient","floor":45.0,"turns":3.0},{"damage":0.0,"enemies":"3 Darklings","floor":47.0,"turns":3.0},{"damage":0.0,"enemies":"infinitespire:MassOfShapes","floor":50.0,"turns":2.0},{"damage":999,"enemies":"Small Slimes","floor":52,"turns":1}],"seed_played":"3604818670183921599","potions_obtained":[{"floor":6.0,"key":"Reflective Coating"},{"floor":10.0,"key":"DistilledChaos"},{"floor":12.0,"key":"Adrenaline Potion"}],"is_trial":false,"path_per_floor":["M","?","M","$","?","E","R","E","T","M","T","M","M","?","R","B",null,"M","?","M","$","M","E","?","M","T","$","T","$","M","AVR","R","B",null,"M","$","?","M","?","R","NM","R","T","M","M","R","M","?","R","B",null,"M"],"character_chosen":"THE_SILENT","items_purchased":["Pondfish Scales","TheAbacus","infinitespire:Magic Flask","Skewer","Wraith Form v2","Specialist","Quantum Egg","Vajra","Medical Kit","Garlic","Panache","Calling Bell","Eternal Feather","Blood Vial","Philosopher\u0027s Stone","MerchantsRug","Replay:Bottled Snecko"],"campfire_rested":6,"item_purchase_floors":[4,4,4,4,4,21,21,21,21,27,27,27,29,29,29,29,36],"current_hp_per_floor":[462,462,459,459,342,342,342,342,342,342,342,342,342,342,470,470,470,470,470,470,470,470,470,454,454,454,454,454,454,456,456,470,470,470,470,470,470,470,470,470,470,470,470,470,470,470,470,411,470,470,470,0,0],"gold":1678,"neow_bonus":"RANDOM_COLORLESS","is_daily":false,"chose_seed":false,"campfire_upgraded":2,"win_rate":0.0,"timestamp":1609726665,"path_taken":["M","?","M","$","?","E","R","E","T","M","?","M","M","?","R","BOSS","M","?","M","$","M","E","?","?","T","?","?","$","M","AVR","R","BOSS","M","$","?","M","?","R","NM","R","T","M","M","R","M","?","R","BOSS","M"],"items_purchased_type":["Relic","Relic","Relic","Card","Card","Card","Relic","Relic","Relic","Relic","Card","Relic","Relic","Relic","Relic","Relic","Relic"],"build_version":"2020-12-22","purchased_purges":2,"victory":false,"max_hp_per_floor":[470,470,470,470,470,470,470,470,470,470,470,470,470,470,470,470,470,470,470,470,470,470,470,470,470,470,470,470,470,470,470,470,470,470,470,470,470,470,470,470,470,470,470,470,470,470,470,470,470,470,470,470,470],"card_choices":[{"not_picked":["ReplayTheSpireMod:Uncanny Aura","Finesse"],"picked":"Blind","floor":0.0},{"not_picked":["Deflect","Poisoned Stab"],"picked":"PiercingWail","floor":1.0},{"not_picked":["Slice","Outmaneuver"],"picked":"Riddle With Holes","floor":3.0},{"not_picked":["ReplayTheSpireMod:Speed Training","Burst"],"picked":"Replay:Bag of Tricks","floor":6.0},{"not_picked":["Flying Knee","Bullet Time"],"picked":"Backflip","floor":8.0},{"not_picked":["Reflex","Blade Dance"],"picked":"Choke","floor":10.0},{"not_picked":["Quick Slash","Infinite Blades"],"picked":"Crippling Poison","floor":12.0},{"not_picked":["Dodge and Roll","Dash"],"picked":"Finisher","floor":13.0},{"not_picked":["Replay:Fractal Strike","infinitespire:Collect"],"picked":"infinitespire:UltimateForm","floor":14.0},{"not_picked":["infinitespire:Neurotoxin","Venomology"],"picked":"Night Terror","floor":16.0},{"not_picked":["Skewer","Outmaneuver+1"],"picked":"Catalyst+1","floor":18.0},{"not_picked":["Acrobatics","Dagger Spray+1"],"picked":"Underhanded Strike","floor":20.0},{"not_picked":["Dodge and Roll","Masterful Stab"],"picked":"ReplayTheSpireMod:Scrap Shanks","floor":22.0},{"not_picked":["Bane","Outmaneuver+1"],"picked":"A Thousand Cuts","floor":23.0},{"not_picked":["Heel Hook","Flying Knee+1"],"picked":"Outmaneuver","floor":25.0},{"not_picked":["Poisoned Stab","Deflect+1"],"picked":"Quick Slash+1","floor":30.0},{"not_picked":["Venomology","Malaise"],"picked":"Atom Bomb","floor":33.0},{"not_picked":["Poisoned Stab+1","Acrobatics"],"picked":"Tactician","floor":35.0},{"not_picked":["Outmaneuver+1","Draining Mist+1","Backstab"],"picked":"SKIP","floor":38.0},{"not_picked":["Quick Slash+1","Deflect+1"],"picked":"Deadly Poison+1","floor":41.0},{"not_picked":["Dash","Night Terror","Endless Agony+1"],"picked":"SKIP","floor":44.0},{"not_picked":["Noxious Fumes","Hidden Blade+1","PiercingWail"],"picked":"SKIP","floor":45.0},{"not_picked":["Deflect+1","Blade Dance+1","ReplayTheSpireMod:Speed Training+1"],"picked":"SKIP","floor":47.0},{"not_picked":["Glass Knife","Die Die Die"],"picked":"Corpse Explosion","floor":50.0}],"player_experience":26658,"relics_obtained":[{"floor":2.0,"key":"ReplayTheSpireMod:Ring of Exchange"},{"floor":2.0,"key":"ReplayTheSpireMod:Ring of Collecting"},{"floor":6.0,"key":"Tingsha"},{"floor":8.0,"key":"Basket Of Snakes"},{"floor":9.0,"key":"Bottled Lightning"},{"floor":9.0,"key":"Ring of Fangs"},{"floor":11.0,"key":"Ring of Peace"},{"floor":11.0,"key":"Replay:Rubber Ducky"},{"floor":23.0,"key":"Shuriken"},{"floor":24.0,"key":"Enchiridion"},{"floor":26.0,"key":"infinitespire:Beetle Shell"},{"floor":27.0,"key":"Bronze Scales"},{"floor":27.0,"key":"Meat on the Bone"},{"floor":28.0,"key":"Ring of Hypnosis"},{"floor":28.0,"key":"Replay:Bottled Eggs"},{"floor":39.0,"key":"Tough Bandages"},{"floor":41.0,"key":"ReplayTheSpireMod:Shallot"},{"floor":43.0,"key":"Whetstone"}],"event_choices":[{"damage_healed":0.0,"max_hp_gain":0.0,"max_hp_loss":0.0,"gold_gain":0.0,"event_name":"Golden Idol","player_choice":"Take Damage","floor":5.0,"gold_loss":0.0,"damage_taken":117.0,"relics_obtained":["Golden Idol"]},{"damage_healed":0.0,"max_hp_gain":0.0,"max_hp_loss":0.0,"gold_gain":0.0,"event_name":"Ghosts","player_choice":"Ignored","floor":19.0,"gold_loss":0.0,"damage_taken":0.0},{"damage_healed":0.0,"max_hp_gain":0.0,"max_hp_loss":0.0,"gold_gain":0.0,"event_name":"Cursed Tome","player_choice":"Obtained Book","floor":24.0,"gold_loss":0.0,"damage_taken":16.0},{"cards_removed":["Heel Hook"],"damage_healed":0.0,"max_hp_gain":0.0,"max_hp_loss":0.0,"gold_gain":0.0,"event_name":"Falling","player_choice":"Removed Attack","floor":37.0,"gold_loss":0.0,"damage_taken":0.0},{"damage_healed":0.0,"max_hp_gain":0.0,"max_hp_loss":0.0,"gold_gain":0.0,"event_name":"MindBloom","player_choice":"Fight","floor":39.0,"gold_loss":0.0,"damage_taken":0.0},{"damage_healed":0.0,"max_hp_gain":0.0,"max_hp_loss":0.0,"gold_gain":0.0,"event_name":"Winding Halls","player_choice":"Embrace Madness","floor":48.0,"gold_loss":0.0,"damage_taken":59.0,"cards_obtained":["Madness","Madness"]}],"is_beta":false,"boss_relics":[{"not_picked":["Lee\u0027s Waffle","Snecko Scales"],"picked":"DollysMirror"},{"not_picked":["Sozu","Replay:Wanted Poster"],"picked":"Replay:Grab Bag"},{"not_picked":["ReplayTheSpireMod:DimensionalGlitch","Coffee Dripper"],"picked":"infinitespire:Cupcake"},{"not_picked":["Circlet","Circlet"],"picked":"Circlet"},{"not_picked":["Kintsugi","ReplayTheSpireMod:SealedPack"],"picked":"Ring of the Serpent"},{"not_picked":["Orrery","infinitespire:Chaos"],"picked":"Honey Jar"}],"items_purged_floors":[21,29],"is_endless":true,"potions_floor_spawned":[1,6,10,12,16,18,20,25,41,45,47,50],"killed_by":"Small Slimes","ascension_level":0}}