{"host":"pqs17sqrgflf4eqa","time":1609732307,"event":{"mods":["AchievementEnabler","BaseMod","Bestiary","Better Altar","Colored Map","Colored Powertips","Emptier Cage","Googly Eyes","Highlight Path","Minty Spire (QoL Compilation)","Quick Restart","StSLib","SuperFastMode","Transform Curses","slay the spire mod where everything is the same but ironclad has a cowboy hat"],"gold_per_floor":[111,124,299,299,51,81,97,97,121,141,166,178,178,197,197,294,294,311,330,245,256,59,93,368,368,368,368,378,393,4,18,18,18,18],"floor_reached":33,"playtime":1029,"items_purged":["Doubt"],"score":365,"play_id":"f725d533-3a38-4272-9044-b8c16ea501e7","local_time":"20210103225147","is_ascension_mode":true,"campfire_choices":[{"data":"Zap","floor":8.0,"key":"SMITH"},{"data":"Dualcast","floor":15.0,"key":"SMITH"},{"floor":25.0,"key":"REST"},{"data":"Echo Form","floor":27.0,"key":"SMITH"},{"data":"Defragment","floor":32,"key":"SMITH"}],"circlet_count":0,"master_deck":["Strike_B+1","Strike_B","Strike_B+1","Defend_B","Defend_B","Defend_B","Defend_B","Zap+1","Dualcast+1","Sweeping Beam","Cold Snap","Self Repair","Ball Lightning","Leap","Steam","Redo","Beam Cell","Streamline","Loop","Barrage","Echo Form+1","Defragment+1","Undo","Electrodynamics","FTL","Regret","Self Repair","Go for the Eyes+1"],"relics":["Cracked Core","NeowsBlessing","Akabeko","Whetstone","CaptainsWheel","Busted Crown","Shuriken","Bronze Scales","Sundial","Gremlin Horn","Lee\u0027s Waffle"],"acts_visited":["Exordium","TheCity"],"potions_floor_usage":[29,33,33],"damage_taken":[{"damage":0.0,"enemies":"Cultist","floor":1.0,"turns":1.0},{"damage":0.0,"enemies":"Small Slimes","floor":2.0,"turns":1.0},{"damage":0.0,"enemies":"Gremlin Nob","floor":6.0,"turns":1.0},{"damage":0.0,"enemies":"2 Louse","floor":7.0,"turns":2.0},{"damage":7.0,"enemies":"Red Slaver","floor":10.0,"turns":2.0},{"damage":24.0,"enemies":"Lagavulin","floor":11.0,"turns":4.0},{"damage":3.0,"enemies":"Blue Slaver","floor":12.0,"turns":2.0},{"damage":6.0,"enemies":"Exordium Wildlife","floor":14.0,"turns":2.0},{"damage":43.0,"enemies":"The Guardian","floor":16.0,"turns":8.0},{"damage":13.0,"enemies":"3 Byrds","floor":18.0,"turns":4.0},{"damage":23.0,"enemies":"Shell Parasite","floor":19.0,"turns":4.0},{"damage":24.0,"enemies":"Snake Plant","floor":21.0,"turns":4.0},{"damage":43.0,"enemies":"Book of Stabbing","floor":23.0,"turns":5.0},{"damage":14,"enemies":"Cultist and Chosen","floor":28,"turns":4},{"damage":18,"enemies":"Centurion and Healer","floor":29,"turns":5},{"damage":48,"enemies":"Snake Plant","floor":31,"turns":4},{"damage":48,"enemies":"Automaton","floor":33,"turns":6}],"seed_played":"-6061399491083504623","potions_obtained":[{"floor":1.0,"key":"AttackPotion"},{"floor":2.0,"key":"Swift Potion"},{"floor":7.0,"key":"LiquidBronze"},{"floor":14.0,"key":"EntropicBrew"},{"floor":23.0,"key":"LiquidMemories"}],"is_trial":false,"path_per_floor":["M","M","?","?","$","E","M","R","T","M","E","M","?","M","R","B",null,"M","M","?","M","$","E","?","R","T","R","M","M","$","M","R","B"],"character_chosen":"DEFECT","items_purchased":["Self Repair","Ball Lightning","Leap","Electrodynamics","AttackPotion","FTL","Gremlin Horn","Lee\u0027s Waffle"],"campfire_rested":1,"item_purchase_floors":[5,5,5,22,22,22,30,30],"current_hp_per_floor":[75,75,75,75,75,75,75,75,75,68,51,55,55,56,56,20,75,75,59,59,49,49,6,6,28,28,28,21,10,82,41,41,0,0],"gold":18,"neow_bonus":"THREE_ENEMY_KILL","is_daily":false,"chose_seed":false,"campfire_upgraded":4,"win_rate":0.0,"timestamp":1609732307,"path_taken":["M","M","?","?","$","E","M","R","T","?","E","M","?","?","R","BOSS","M","M","?","M","$","E","?","R","T","R","?","M","$","M","R","BOSS"],"items_purchased_type":["Card","Card","Card","Card","Potion","Card","Relic","Relic"],"build_version":"2020-12-22","purchased_purges":1,"victory":false,"max_hp_per_floor":[75,75,75,75,75,75,75,75,75,75,75,75,75,75,75,75,75,75,75,75,75,75,75,75,75,75,75,75,75,82,82,82,82,82],"card_choices":[{"not_picked":["Storm","Double Energy"],"picked":"Sweeping Beam","floor":1.0},{"not_picked":["Sweeping Beam","Stack"],"picked":"Cold Snap","floor":2.0},{"not_picked":["Leap","Reboot"],"picked":"Steam","floor":6.0},{"not_picked":["Ball Lightning","Beam Cell"],"picked":"Redo","floor":7.0},{"not_picked":["Redo","Go for the Eyes"],"picked":"Beam Cell","floor":10.0},{"not_picked":["Go for the Eyes","Storm"],"picked":"Streamline","floor":11.0},{"not_picked":["Turbo","Coolheaded"],"picked":"Loop","floor":12.0},{"not_picked":["Sweeping Beam","Streamline"],"picked":"Barrage","floor":14.0},{"not_picked":["Machine Learning","Buffer"],"picked":"Echo Form","floor":16.0},{"not_picked":[],"picked":"Defragment","floor":18.0},{"not_picked":[],"picked":"Undo","floor":19.0},{"not_picked":["Stack"],"picked":"SKIP","floor":21.0},{"not_picked":["Reinforced Body"],"picked":"SKIP","floor":23.0},{"not_picked":["Reinforced Body"],"picked":"SKIP","floor":28},{"not_picked":[],"picked":"Self Repair","floor":29},{"not_picked":[],"picked":"Go for the Eyes+1","floor":31}],"player_experience":137378,"relics_obtained":[{"floor":6.0,"key":"Akabeko"},{"floor":9.0,"key":"Whetstone"},{"floor":11.0,"key":"CaptainsWheel"},{"floor":23.0,"key":"Bronze Scales"},{"floor":26.0,"key":"Sundial"}],"event_choices":[{"damage_healed":0.0,"max_hp_gain":0.0,"max_hp_loss":0.0,"gold_gain":175.0,"event_name":"Liars Game","player_choice":"AGREE","floor":3.0,"gold_loss":0.0,"damage_taken":0.0,"cards_obtained":["Doubt"]},{"damage_healed":0.0,"max_hp_gain":0.0,"max_hp_loss":0.0,"gold_gain":0.0,"event_name":"Match and Keep!","player_choice":"0 cards matched","floor":4.0,"gold_loss":0.0,"damage_taken":0.0,"cards_obtained":[]},{"cards_removed":["Strike_B"],"damage_healed":0.0,"max_hp_gain":0.0,"max_hp_loss":0.0,"gold_gain":0.0,"event_name":"Bonfire Elementals","player_choice":"Offered Basic","floor":13.0,"gold_loss":0.0,"damage_taken":0.0},{"damage_healed":0.0,"max_hp_gain":0.0,"max_hp_loss":0.0,"gold_gain":0.0,"event_name":"Addict","player_choice":"Obtained Relic","floor":20.0,"gold_loss":85.0,"damage_taken":0.0,"relics_obtained":["Shuriken"]},{"damage_healed":0.0,"max_hp_gain":0.0,"max_hp_loss":0.0,"gold_gain":275.0,"event_name":"Golden Shrine","player_choice":"Desecrate","floor":24.0,"gold_loss":0.0,"damage_taken":0.0,"cards_obtained":["Regret"]}],"is_beta":false,"boss_relics":[{"not_picked":["SacredBark","Cursed Key"],"picked":"Busted Crown"}],"items_purged_floors":[5],"is_endless":false,"potions_floor_spawned":[1,2,7,14,16,18,23,28],"killed_by":"Automaton","ascension_level":4}}