{"host":"es89jqq87guwhc1m","time":1609764047,"event":{"mods":["BaseMod","Colored Map","DeckTracker","Lobotomy","Minty Spire (QoL Compilation)","StSLib","SuperFastMode"],"gold_per_floor":[113,126,136,136,136,136,149,149,202,218,218,218],"floor_reached":11,"playtime":320,"items_purged":[],"score":65,"play_id":"4fddebfb-4a0d-48cc-9cf1-e7edc04cfeb0","local_time":"20210104214047","is_ascension_mode":false,"campfire_choices":[{"data":"Blood for Blood","floor":6,"key":"SMITH"},{"data":"Bash","floor":8,"key":"SMITH"}],"circlet_count":0,"master_deck":["Strike_R","Strike_R","Strike_R","Strike_R+1","Defend_R","Defend_R","Defend_R","Defend_R","Bash+1","Bloodbath","Fire Breathing+1","VoidDream","Blood for Blood+1","Scorched","Limit Break","Freischutz","Murderer","Flex"],"relics":["Burning Blood","CogitoBucket","Centennial Puzzle"],"acts_visited":["Exordium"],"potions_floor_usage":[7],"damage_taken":[{"damage":3,"enemies":"Jaw Worm","floor":1,"turns":4},{"damage":2,"enemies":"2 Louse","floor":2,"turns":4},{"damage":0,"enemies":"Small Slimes","floor":3,"turns":3},{"damage":7,"enemies":"Exordium Thugs","floor":7,"turns":3},{"damage":41,"enemies":"3 Louse","floor":10,"turns":2},{"damage":31,"enemies":"Gremlin Nob","floor":11,"turns":3}],"seed_played":"243812191923495212","potions_obtained":[{"floor":1,"key":"FearPotion"},{"floor":7,"key":"Explosive Potion"}],"is_trial":false,"path_per_floor":["M","M","M","?","?","R","M","R","T","M","E"],"character_chosen":"IRONCLAD","items_purchased":[],"campfire_rested":0,"item_purchase_floors":[],"current_hp_per_floor":[80,80,80,64,64,64,63,63,63,29,0,0],"gold":218,"neow_bonus":"","is_daily":false,"chose_seed":false,"campfire_upgraded":2,"win_rate":0.0,"timestamp":1609764047,"path_taken":["M","M","M","?","?","R","M","R","T","M","E"],"items_purchased_type":[],"build_version":"2020-12-22","purchased_purges":0,"victory":false,"max_hp_per_floor":[80,80,80,80,80,80,80,80,80,80,80,80],"card_choices":[{"not_picked":["CrumblingArmor","MHz"],"picked":"Bloodbath","floor":1},{"not_picked":["Shrug It Off","Sever Soul"],"picked":"Fire Breathing","floor":1},{"not_picked":["MHz","SpiderBud"],"picked":"VoidDream","floor":2},{"not_picked":["Dropkick","True Grit"],"picked":"Blood for Blood","floor":2},{"not_picked":["Alriune","BeautyBeast"],"picked":"Scorched","floor":3},{"not_picked":["Anger","Whirlwind","Infernal Blade"],"picked":"SKIP","floor":3},{"not_picked":["BigBadWolf","PunishingBird"],"picked":"Freischutz","floor":7},{"not_picked":["Headbutt","Clash","Rampage"],"picked":"SKIP","floor":7},{"not_picked":["RedShoes","CherryBlossoms"],"picked":"Murderer","floor":10},{"not_picked":["Rage","Pommel Strike"],"picked":"Flex","floor":10}],"player_experience":1614347,"relics_obtained":[{"floor":9,"key":"Centennial Puzzle"}],"event_choices":[{"damage_healed":0,"gold_gain":0,"player_choice":"Entered Light","damage_taken":16,"max_hp_gain":0,"max_hp_loss":0,"event_name":"Shining Light","floor":4,"gold_loss":0,"cards_upgraded":["Fire Breathing","Strike_R"]},{"damage_healed":0,"gold_gain":0,"cards_transformed":["Strike_R"],"player_choice":"Change","damage_taken":0,"max_hp_gain":0,"max_hp_loss":0,"event_name":"Living Wall","floor":5,"gold_loss":0,"cards_obtained":["Limit Break"]}],"is_beta":false,"boss_relics":[],"items_purged_floors":[],"is_endless":false,"potions_floor_spawned":[1,7],"killed_by":"Gremlin Nob","ascension_level":0}}