{"host":"y7sd46uq4xlni546","time":1609796721,"event":{"mods":["AchievementEnabler","BaseMod","Colored Map","Colored Powertips","Curses Come First","Filter the Spire","Minty Spire (QoL Compilation)","Quick Restart","Random Character Button","Rare Cards Sparkle","StSLib"],"gold_per_floor":[111,111,69,69,144,169,30,30,30,58,233,243,257,271,271,369,369,380,398,422,436,450,476,495,181,181,181,216,216,216,250,250,363,363,374,397,410,426,450,478,478,515,515,526,562,562,596,614,614,614],"floor_reached":51,"playtime":2894,"items_purged":["Strike_R","Limit Break"],"score":883,"play_id":"61ddaa9c-7d26-4c6a-bc2b-99b89e92dc8f","local_time":"20210104224521","is_ascension_mode":false,"campfire_choices":[{"floor":8,"key":"REST"},{"floor":15,"key":"REST"},{"floor":27,"key":"REST"},{"floor":29,"key":"REST"},{"data":"Armaments","floor":32,"key":"SMITH"},{"data":"Body Slam","floor":41,"key":"SMITH"},{"data":"Body Slam","floor":46,"key":"SMITH"},{"data":"Madness","floor":49,"key":"SMITH"}],"circlet_count":0,"master_deck":["Bash","CurseOfTheBell","Cleave","Shrug It Off","Armaments+1","Body Slam+1","Shrug It Off","Offering+1","Feed","Cleave","Limit Break","Shrug It Off+1","Feel No Pain","Reckless Charge","Reaper","Infernal Blade","Body Slam+1","Juggernaut","Juggernaut","Fire Breathing+1","Body Slam","Demon Form+1","Pommel Strike+1","Madness","Madness+1"],"relics":["Calling Bell","Omamori","The Courier","Incense Burner","Pocketwatch","Letter Opener","Ornamental Fan","Tiny Chest","Strawberry","Pandora\u0027s Box","Blood Vial","CeramicFish","WingedGreaves","Pear","Mummified Hand","White Beast Statue","Bird Faced Urn","Sozu","War Paint","Akabeko","Lantern","Frozen Egg 2","Eternal Feather","Regal Pillow"],"acts_visited":["Exordium","TheCity","TheBeyond"],"potions_floor_usage":[18,22,23,31,33,38,50],"damage_taken":[{"damage":1,"enemies":"Cultist","floor":1,"turns":3},{"damage":36,"enemies":"Lagavulin","floor":6,"turns":11},{"damage":28,"enemies":"Gremlin Nob","floor":10,"turns":4},{"damage":0,"enemies":"2 Louse","floor":12,"turns":2},{"damage":6,"enemies":"Small Slimes","floor":13,"turns":2},{"damage":5,"enemies":"Blue Slaver","floor":14,"turns":2},{"damage":45,"enemies":"Slime Boss","floor":16,"turns":11},{"damage":1,"enemies":"3 Byrds","floor":18,"turns":4},{"damage":9,"enemies":"Chosen","floor":19,"turns":4},{"damage":12,"enemies":"Shelled Parasite and Fungi","floor":21,"turns":7},{"damage":20,"enemies":"Centurion and Healer","floor":22,"turns":5},{"damage":29,"enemies":"Book of Stabbing","floor":23,"turns":6},{"damage":16,"enemies":"Sentry and Sphere","floor":24,"turns":8},{"damage":33,"enemies":"Slavers","floor":28,"turns":6},{"damage":38,"enemies":"Book of Stabbing","floor":31,"turns":6},{"damage":33,"enemies":"Automaton","floor":33,"turns":10},{"damage":13,"enemies":"Orb Walker","floor":35,"turns":3},{"damage":6,"enemies":"3 Shapes","floor":37,"turns":2},{"damage":54,"enemies":"Sphere and 2 Shapes","floor":38,"turns":4},{"damage":7,"enemies":"3 Darklings","floor":39,"turns":4},{"damage":7,"enemies":"Reptomancer","floor":40,"turns":5},{"damage":11,"enemies":"Giant Head","floor":42,"turns":7},{"damage":8,"enemies":"Spire Growth","floor":44,"turns":2},{"damage":30,"enemies":"Nemesis","floor":45,"turns":7},{"damage":8,"enemies":"Giant Head","floor":47,"turns":6},{"damage":37,"enemies":"Donu and Deca","floor":50,"turns":5}],"seed_played":"-5464214551008043774","potions_obtained":[{"floor":13,"key":"FearPotion"},{"floor":14,"key":"Weak Potion"},{"floor":16,"key":"DistilledChaos"},{"floor":21,"key":"BloodPotion"},{"floor":22,"key":"SkillPotion"},{"floor":24,"key":"Ancient Potion"},{"floor":31,"key":"Explosive Potion"},{"floor":33,"key":"BloodPotion"}],"is_trial":false,"path_per_floor":["M","T","$","?","?","E","$","R","T","E","?","M","M","M","R","B",null,"M","M","T","M","M","E","M","$","T","R","E","R","?","E","R","B",null,"M","T","M","M","M","E","R","E","T","M","E","R","E","?","R","B",null],"character_chosen":"IRONCLAD","items_purchased":["Shrug It Off","Body Slam","Shrug It Off","WingedGreaves"],"campfire_rested":4,"item_purchase_floors":[3,7,7,25],"current_hp_per_floor":[79,79,79,76,65,29,29,53,53,32,32,32,26,21,47,2,87,86,80,80,77,62,39,28,28,38,69,50,81,81,72,72,45,106,99,99,108,68,69,87,87,91,91,98,82,94,111,96,111,88],"gold":614,"neow_bonus":"BOSS_RELIC","is_daily":false,"chose_seed":false,"campfire_upgraded":4,"win_rate":0.0,"timestamp":1609796721,"path_taken":["M","?","?","?","?","E","$","R","T","E","?","?","M","M","R","BOSS","M","?","?","?","?","E","M","$","T","R","E","R","?","E","R","BOSS","M","?","?","M","M","E","R","E","T","M","E","R","E","?","R","BOSS"],"items_purchased_type":["Card","Card","Card","Relic"],"build_version":"2020-12-22","purchased_purges":2,"victory":true,"max_hp_per_floor":[80,80,80,80,80,80,80,80,80,87,87,87,87,87,87,87,87,87,90,90,93,96,96,96,96,106,106,106,106,106,106,106,106,106,106,106,110,114,114,114,114,114,114,114,118,118,118,118,118,121],"card_choices":[{"not_picked":["Armaments","Spot Weakness"],"picked":"Cleave","floor":1},{"not_picked":["Perfected Strike","Twin Strike"],"picked":"Armaments","floor":6},{"not_picked":["Armaments","Headbutt","Clash"],"picked":"SKIP","floor":10},{"not_picked":["True Grit","Headbutt"],"picked":"Offering","floor":12},{"not_picked":["Cleave","Armaments","Flame Barrier"],"picked":"SKIP","floor":13},{"not_picked":["Uppercut","Heavy Blade","Perfected Strike"],"picked":"SKIP","floor":14},{"not_picked":["Limit Break","Corruption"],"picked":"Feed","floor":16},{"not_picked":["Headbutt","Metallicize"],"picked":"Body Slam","floor":18},{"not_picked":["Cleave","Whirlwind","Anger"],"picked":"SKIP","floor":19},{"not_picked":["Wild Strike+1","Sword Boomerang","Disarm+1"],"picked":"SKIP","floor":21},{"not_picked":["Pommel Strike","Havoc","Warcry"],"picked":"SKIP","floor":22},{"not_picked":["Impervious","Heavy Blade+1","Twin Strike+1"],"picked":"SKIP","floor":23},{"not_picked":["Cleave","Wild Strike+1","Flex"],"picked":"SKIP","floor":24},{"not_picked":["Flex","Sword Boomerang","Power Through+1"],"picked":"SKIP","floor":28},{"not_picked":["Feel No Pain+1","Havoc+1"],"picked":"Juggernaut","floor":31},{"not_picked":["Limit Break","Impervious"],"picked":"Juggernaut","floor":33},{"not_picked":["Uppercut+1","Cleave+1","Clash+1"],"picked":"SKIP","floor":35},{"not_picked":["Second Wind","Whirlwind","Fire Breathing"],"picked":"SKIP","floor":37},{"not_picked":["Sever Soul","Carnage+1","Dual Wield"],"picked":"SKIP","floor":38},{"not_picked":["Rage","Havoc"],"picked":"Fire Breathing+1","floor":39},{"not_picked":["Wild Strike","Heavy Blade","Carnage"],"picked":"SKIP","floor":40},{"not_picked":["Burning Pact+1","Uppercut"],"picked":"Body Slam","floor":42},{"not_picked":["Sever Soul","Rage","Perfected Strike+1"],"picked":"SKIP","floor":44},{"not_picked":["Burning Pact+1","Anger+1"],"picked":"Demon Form+1","floor":45},{"not_picked":["Reaper","Headbutt"],"picked":"Pommel Strike+1","floor":47}],"player_experience":602138,"relics_obtained":[{"floor":0,"key":"Omamori"},{"floor":0,"key":"The Courier"},{"floor":0,"key":"Incense Burner"},{"floor":2,"key":"Pocketwatch"},{"floor":6,"key":"Ornamental Fan"},{"floor":9,"key":"Tiny Chest"},{"floor":10,"key":"Strawberry"},{"floor":20,"key":"Blood Vial"},{"floor":23,"key":"CeramicFish"},{"floor":26,"key":"Pear"},{"floor":28,"key":"Mummified Hand"},{"floor":31,"key":"Bird Faced Urn"},{"floor":36,"key":"War Paint"},{"floor":40,"key":"Akabeko"},{"floor":42,"key":"Lantern"},{"floor":43,"key":"Frozen Egg 2"},{"floor":45,"key":"Eternal Feather"},{"floor":47,"key":"Regal Pillow"}],"event_choices":[{"damage_healed":0,"gold_gain":0,"player_choice":"Success","damage_taken":3,"relics_obtained":["Letter Opener"],"max_hp_gain":0,"max_hp_loss":0,"event_name":"Scrap Ooze","floor":4,"gold_loss":0},{"damage_healed":0,"gold_gain":75,"player_choice":"Gather Gold","damage_taken":11,"max_hp_gain":0,"max_hp_loss":0,"event_name":"World of Goop","floor":5,"gold_loss":0},{"damage_healed":0,"gold_gain":175,"player_choice":"AGREE","damage_taken":0,"max_hp_gain":0,"max_hp_loss":0,"event_name":"Liars Game","floor":11,"gold_loss":0,"cards_obtained":["Doubt"]},{"damage_healed":0,"gold_gain":0,"player_choice":"Opened","damage_taken":0,"relics_obtained":["White Beast Statue"],"max_hp_gain":0,"max_hp_loss":0,"event_name":"The Mausoleum","floor":30,"gold_loss":0},{"damage_healed":0,"gold_gain":0,"player_choice":"Embrace Madness","damage_taken":15,"max_hp_gain":0,"max_hp_loss":0,"event_name":"Winding Halls","floor":48,"gold_loss":0,"cards_obtained":["Madness","Madness"]}],"is_beta":false,"boss_relics":[{"not_picked":["Mark of Pain","Fusion Hammer"],"picked":"Pandora\u0027s Box"},{"not_picked":["Velvet Choker","Snecko Eye"],"picked":"Sozu"}],"items_purged_floors":[7,25],"is_endless":false,"potions_floor_spawned":[13,14,16,21,22,24,31,33,35,37,38,39,40,42,44,45,47],"ascension_level":0}}