{"host":"q79spna8ofw6hj3r","time":1609790643,"event":{"mods":["Aspiration","BaseMod","Bestiary","Better Altar","Better Match","Better Note","Better Sensory Stone","Better Skull","Better Third Choice","Better Vampires","BetterRewards","Block Reminder","Card Filter","Challenge The Spire","Colored Map","Colored Powertips","Conspire","Custom Start","Energized Spire","Halation","Hubris","Infinite Spire","Jedi Mod","Mimic Mod","Minty Spire (QoL Compilation)","Permanent Neow","Quick Restart","Relic Filter","Relic Sorter","Replay The Spire","Shop Mod","StSLib","SuperFastMode","Synergy Search","The Servant 0.9.4","vexMod"],"gold_per_floor":[112,130,130,55,72,72,106,106,106,106,121,46,81,81,81,180,180,105,125,125,145,66,158,158,158],"floor_reached":24,"playtime":1603,"items_purged":["Strike_S"],"score":252,"play_id":"152dba6d-c032-43e8-b2e7-1c7ed8281049","local_time":"20210104220403","is_ascension_mode":false,"campfire_choices":[{"data":"Barrier","floor":6,"key":"SMITH"},{"data":"Dilation","floor":8,"key":"SMITH"},{"data":"KidneyShot","floor":10,"key":"SMITH"},{"data":"Strike_S","floor":15,"key":"PURGE"}],"circlet_count":0,"master_deck":["Strike_S","Strike_S","Defend_S","Defend_S","Defend_S","Defend_S","KidneyShot+1","Exchange","Barrier+1","FastForward","Dilation+1","Contraction","Dilation","SilverBlades","Barrier","FanOfKnives","FanOfKnives"],"relics":["Uniform","Orichalcum","jedi:arcanewood","Girya","hubris:TerracottaHorce"],"acts_visited":["Exordium","TheCity"],"potions_floor_usage":[7,11,13,16],"damage_taken":[{"damage":0,"enemies":"Small Slimes","floor":1,"turns":4},{"damage":5,"enemies":"2 Louse","floor":2,"turns":4},{"damage":0,"enemies":"Cultist","floor":5,"turns":5},{"damage":9,"enemies":"Gremlin Nob","floor":7,"turns":6},{"damage":0,"enemies":"Lots of Slimes","floor":11,"turns":3},{"damage":0,"enemies":"Lagavulin","floor":13,"turns":25},{"damage":41,"enemies":"Slime Boss","floor":16,"turns":55},{"damage":0,"enemies":"2 Thieves","floor":18,"turns":5},{"damage":0,"enemies":"3 Byrds","floor":19,"turns":15},{"damage":0,"enemies":"Shelled Parasite and Fungi","floor":21,"turns":24},{"damage":41,"enemies":"Gremlin Leader","floor":24,"turns":5}],"seed_played":"-5337002589194281217","potions_obtained":[{"floor":0,"key":"Cursed Concoction"},{"floor":0,"key":"Explosive Potion"},{"floor":0,"key":"SpeedPotion"},{"floor":16,"key":"SpeedPotion"},{"floor":19,"key":"Energy Potion"},{"floor":21,"key":"Elixir"}],"is_trial":false,"path_per_floor":["M","M","?","?","M","R","E","R","T","R","M","$","E","$","R_BF","B",null,"M","M","?","M","$","?","E"],"character_chosen":"THE_SERVANT","items_purchased":["SilverBlades"],"campfire_rested":0,"item_purchase_floors":[22],"current_hp_per_floor":[65,60,60,60,60,60,51,51,51,51,51,51,51,51,51,10,51,51,51,51,51,51,35,0,0],"gold":158,"neow_bonus":"THREE_SMALL_POTIONS","is_daily":false,"chose_seed":false,"campfire_upgraded":3,"win_rate":0.0,"timestamp":1609790643,"path_taken":["M","M","?","?","?","R","E","R","T","R","M","$","E","$","R_BF","BOSS","M","M","?","M","$","?","E"],"items_purchased_type":["Card"],"build_version":"2020-12-22","purchased_purges":1,"victory":false,"max_hp_per_floor":[65,65,65,65,65,65,65,65,65,65,65,65,65,65,65,65,65,65,65,65,65,65,65,65,65],"card_choices":[{"not_picked":["BottledTime","BestPractice"],"picked":"Barrier","floor":1},{"not_picked":["Alleviate","Reset","SurpressingFire"],"picked":"SKIP","floor":2},{"not_picked":["Gouge","Defy"],"picked":"FastForward","floor":5},{"not_picked":["MoonPhase","Reset"],"picked":"Dilation","floor":7},{"not_picked":["SilverBlades","Defy"],"picked":"Contraction","floor":11},{"not_picked":["DoubleEdge","DualDimension","FastForward"],"picked":"SKIP","floor":13},{"not_picked":["PendulumOfEternity","Duplication"],"picked":"Dilation","floor":16},{"not_picked":["Rewind","TimeWarp","DoubleEdge+1"],"picked":"SKIP","floor":18},{"not_picked":["DualDimension","Revamp","Alleviate"],"picked":"SKIP","floor":19},{"not_picked":["FanOfKnives","ShatteredReality","TheWorld"],"picked":"SKIP","floor":21},{"not_picked":["Spin","BottledTime+1"],"picked":"Barrier","floor":23},{"not_picked":["Comet","StarChef"],"picked":"FanOfKnives","floor":23},{"not_picked":["Hightail","Gouge+1"],"picked":"FanOfKnives","floor":23}],"player_experience":200047,"relics_obtained":[{"floor":7,"key":"Orichalcum"},{"floor":9,"key":"jedi:arcanewood"},{"floor":13,"key":"Girya"}],"event_choices":[{"damage_healed":0,"gold_gain":0,"player_choice":"1","damage_taken":0,"max_hp_gain":0,"max_hp_loss":0,"event_name":"betterMatch:BetterMatch","floor":4,"gold_loss":0,"cards_obtained":[]},{"damage_healed":0,"gold_gain":0,"player_choice":"Ignored","damage_taken":0,"max_hp_gain":0,"max_hp_loss":0,"event_name":"betterNote:BetterNote","floor":20,"gold_loss":0,"cards_obtained":["ReplayTheSpireMod:Doomed"]}],"is_beta":false,"boss_relics":[{"not_picked":["conspire:SeveredTorchhead","aspiration:RitualDagger"],"picked":"hubris:TerracottaHorce"}],"items_purged_floors":[12],"is_endless":false,"potions_floor_spawned":[2,5,16,19,21],"killed_by":"Gremlin Leader","ascension_level":0}}