{"host":"emut9mh212kd9b86","time":1609733461,"event":{"mods":["ATMod(°¢èªMod)","Act Like it!","BaseMod","Better Vampires","Gensokyo","KomeijiMod","Minty Spire (QoL Compilation)","MostiFishMod","Shop Mod","Spicy Shops","StSLib","TestMod","noobMod","¡¾ÒÅÎï¿¨ÅÆ¡¿REMEMod"],"gold_per_floor":[114,128,142,153,185,185,195,228,255,410,410,446,503,503,503,629,629,672,1072,532,596,317,368,368,368,368,515,515,822,822,859,859,1160,1160,1251,811,811,847,847,1194,1194,1251,1251,1288,1337,1337,1337,1393,1393,1441],"floor_reached":51,"playtime":1465,"items_purged":["Strike_Komeiji"],"score":1966,"play_id":"37ab462c-4771-45f8-b2f4-65b5714508f8","local_time":"20210104121101","is_ascension_mode":true,"campfire_choices":[{"data":"AT_ShadowStep","floor":6.0,"key":"SMITH"},{"floor":11.0,"key":"RECALL"},{"data":"Gensokyo:CrescentMoonSlash","floor":15.0,"key":"SMITH"},{"data":"YuumeiNoKurin","floor":25.0,"key":"SMITH"},{"data":"YuumeiNoKurin+2","floor":28.0,"key":"SMITH"},{"data":"YuumeiNoKurin+5","floor":32.0,"key":"SMITH"},{"data":"YuumeiNoKurin+10","floor":41,"key":"SMITH"},{"data":"YuumeiNoKurin+13","floor":46,"key":"SMITH"},{"data":"Defend_Komeiji","floor":49,"key":"SMITH"}],"circlet_count":0,"master_deck":["AscendersBane","Strike_Komeiji+1","Strike_Komeiji+1","Defend_Komeiji","Defend_Komeiji+1","Dash_Komeiji+1","AT_ShadowStep+1","MostiFishMod:CullingBlade+1","KokorosuKi+1","Gensokyo:CrescentMoonSlash+1","Gensokyo:TarnishedGold","Gensokyo:BlemishedSteel"],"relics":["KomeijisEye","SpellCardsRule","MusicBox","ice","DaveBox","AT_ATBox","REME_ComplimentaryCards","testmod-BloodSacrificeSpiritualization","ChiXiaoBlade","AT_LudenTempest","SynthV:TestCard","SpellExtend","AT_MibuBalloonWealth","Smiling Mask","Orichalcum","Philosopher\u0027s Stone","testmod-Charity","HandDrill","MerchantsRug","Bag of Preparation","testmod-BalancedPeriapt","AT_ForceNature","testmod-OneHitWonder","Mercury Hourglass","testmod-Justice","AT_RedNoBalance","Oddly Smooth Stone","ExusiaiGun","Sling","FamiliarSpoon","REME_LimitBreaker","Kunai","Bottled Tornado","Ice Cream","Vajra","AT_SilvercatRing"],"acts_visited":["Exordium","Gensokyo:Gensokyo","Gensokyo:Gensokyoer"],"potions_floor_usage":[],"damage_taken":[{"damage":4.0,"enemies":"Gensokyo:Gryphon","floor":1.0,"turns":3.0},{"damage":23.0,"enemies":"Gensokyo:3_Fairies","floor":2.0,"turns":4.0},{"damage":4.0,"enemies":"Gensokyo:Python","floor":3.0,"turns":2.0},{"damage":4.0,"enemies":"Gensokyo:5_Fairies","floor":4.0,"turns":3.0},{"damage":4.0,"enemies":"Gensokyo:Mamizou","floor":5.0,"turns":7.0},{"damage":4.0,"enemies":"Gensokyo:LivingMonolith","floor":7.0,"turns":1.0},{"damage":4.0,"enemies":"Gensokyo:Aya","floor":8.0,"turns":1.0},{"damage":4.0,"enemies":"Gensokyo:Cirno","floor":10.0,"turns":4.0},{"damage":4.0,"enemies":"Gensokyo:VengefulSpirit","floor":12.0,"turns":1.0},{"damage":4.0,"enemies":"Gensokyo:Aya","floor":13.0,"turns":2.0},{"damage":10.0,"enemies":"Gensokyo:Kokoro","floor":16.0,"turns":6.0},{"damage":5.0,"enemies":"Gensokyo:CosmicMonolith","floor":18.0,"turns":2.0},{"damage":5.0,"enemies":"Gensokyo:2_Gloops","floor":21.0,"turns":2.0},{"damage":5.0,"enemies":"Gensokyo:Tenshi","floor":23.0,"turns":1.0},{"damage":3.0,"enemies":"Gensokyo:Reisen","floor":27.0,"turns":3.0},{"damage":16.0,"enemies":"Gensokyo:Tenshi","floor":29.0,"turns":2.0},{"damage":3.0,"enemies":"Gensokyo:Swordslinger","floor":31.0,"turns":2.0},{"damage":3.0,"enemies":"Gensokyo:Eternal_Rivals","floor":33.0,"turns":2.0},{"damage":3.0,"enemies":"Gensokyo:3_Bats","floor":35.0,"turns":1.0},{"damage":3.0,"enemies":"Gensokyo:AncientGuardian","floor":38.0,"turns":1.0},{"damage":3,"enemies":"Gensokyo:Kasen","floor":40,"turns":2},{"damage":3,"enemies":"Gensokyo:Marisa","floor":42,"turns":1},{"damage":3,"enemies":"Gensokyo:Rafflesia","floor":44,"turns":2},{"damage":3,"enemies":"Gensokyo:Doremy","floor":48,"turns":1},{"damage":0,"enemies":"Gensokyo:Shinki","floor":50,"turns":3}],"seed_played":"4932692246757628063","potions_obtained":[{"floor":2.0,"key":"DuplicationPotion"},{"floor":4.0,"key":"PpointPotion"},{"floor":16.0,"key":"testmod-SpacePotion"},{"floor":18.0,"key":"SpeedPotion"},{"floor":31.0,"key":"DuplicationPotion"},{"floor":35.0,"key":"BlessingOfTheForge"},{"floor":40,"key":"SteroidPotion"}],"is_trial":false,"path_per_floor":["M","M","M","M","?","R","M","E","T","E","R","M","E","?","R","B",null,"M","?","COS","M","$","E","?","R","T","E","R","E","T","M","R","B",null,"M","COS","?","M","?","E","R","E","T","M","T","R","?","E","R","B",null],"character_chosen":"KomeijiSatori","items_purchased":["MerchantsRug","Bag of Preparation"],"campfire_rested":0,"item_purchase_floors":[22,22],"current_hp_per_floor":[41,18,14,10,45,45,41,37,37,33,33,29,25,19,19,51,51,46,46,46,44,47,44,44,44,44,59,59,52,52,34,34,41,58,41,41,41,35,35,47,47,50,50,53,56,56,56,59,59,64],"gold":1441,"neow_bonus":"ONE_RARE_RELIC","is_daily":false,"chose_seed":false,"campfire_upgraded":8,"win_rate":0.0,"timestamp":1609733461,"path_taken":["M","?","M","M","?","R","M","E","T","E","R","M","E","?","R","BOSS","M","?","COS","M","$","E","?","R","T","E","R","E","?","M","R","BOSS","M","COS","?","M","?","E","R","E","T","M","?","R","?","E","R","BOSS"],"items_purchased_type":["Relic","Relic"],"build_version":"2020-12-22","purchased_purges":1,"victory":true,"max_hp_per_floor":[45,45,45,45,45,45,45,45,45,46,46,46,46,46,46,51,51,52,52,52,55,58,60,60,60,60,60,60,63,63,64,64,64,64,64,64,64,64,64,64,64,64,64,64,64,64,64,64,64,64],"card_choices":[{"not_picked":["JyouchiJin+1","DochyakuKami+1","NingyouKisou+1"],"picked":"SKIP","floor":1.0},{"not_picked":["Agarareta+1","SeekerDolls","Melting","NarrowSpark","NingyouSP+1"],"picked":"SKIP","floor":2.0},{"not_picked":["NingyouMusou+1","DemonLordCradle","Agarareta+1","NingyouShinki+1","ShyakuBuku"],"picked":"SKIP","floor":3.0},{"not_picked":["DochyakuKami+1","NingyouSousou+1","KimairaNoYoku","SeekerDolls","YoukiSo+1"],"picked":"SKIP","floor":4.0},{"not_picked":["WumiGaWareru","Agarareta+1","NingyouShinki+1","Sabishigari+1"],"picked":"KokorosuKi+1","floor":5.0},{"not_picked":["Agarareta+1","JyouchiJin+1","NingyouKisou+1","NingyouFukuhei+1","DemonLordCradle"],"picked":"SKIP","floor":7.0},{"not_picked":["ShanghaiNingyou","MissingPower","KimairaNoYoku","SeekerWire+1","RoshinSou+1"],"picked":"SKIP","floor":8.0},{"not_picked":["ShyakuBuku","NingyouSP+1","KimairaNoYoku","Sabishigari+1","KinbakuJin+1"],"picked":"SKIP","floor":10.0},{"not_picked":["KeiseiJin+1","FreezeTouchMe","NingyouSP+1","RikonNoKama+1","MajikuruSanhai+1"],"picked":"SKIP","floor":12.0},{"not_picked":["KeiseiJin+1","MissingPower","NingyouSP+1","DochyakuKami+1","MusuNoYume"],"picked":"SKIP","floor":13.0},{"not_picked":["ShanghaiNingyou","EverywhereHibernate","IceTornado","TerribleSouvenir"],"picked":"YuumeiNoKurin","floor":16.0},{"not_picked":["Melting+1","KeiseiJin+1","ShyakuBuku","NingyouKisou+1","KinbakuJin+1"],"picked":"SKIP","floor":18.0},{"not_picked":["ShyakuBuku","LittleLegion+1","NingyouSousou+1","NingyouYunhei+1","SenseofElegance"],"picked":"SKIP","floor":21.0},{"not_picked":["KouPou+1","SeekerDolls","TerribleSouvenir","RikonNoKama+1","MissingPower"],"picked":"SKIP","floor":23.0},{"not_picked":["NingyouKasou+1","JyouchiJin+1","MusouMyousyu","NingyouKisou+1","DemonsDinnerFork"],"picked":"SKIP","floor":27.0},{"not_picked":["NarrowSpark","KeiseiJin+1","HagoromoMizu+1","DochyakuKami+1","SeekerWire+1"],"picked":"SKIP","floor":29.0},{"not_picked":["HagoromoMizu","DemonLordCradle","NingyouFukuhei+1","HenyouMirume","KinbakuJin+1"],"picked":"SKIP","floor":31.0},{"not_picked":["DemonLordCradle","LittleLegion","MajikuruSanhai+1","NingyouChiyari+1","InscribeRedSoul"],"picked":"SKIP","floor":35.0},{"not_picked":["TenguNoTaiko","JyouchiJin+1","MusuNoYume","KoKei+1","GasuOrimono+1"],"picked":"SKIP","floor":38.0},{"not_picked":["NingyouFukuhei+1","Mishyaguji+1","Agarareta+1","GroundStardust+1","HagoromoMizu+1"],"picked":"SKIP","floor":40},{"not_picked":["KeiseiJin+1","RikonNoKama+1","SuitokuNoKyoryu+1","TenguNoTaiko","SemiAutomaton"],"picked":"SKIP","floor":42},{"not_picked":["NingyouMusou+1","MajikuruSanhai+1","ShyakuBuku","MusuNoYume","Agarareta+1"],"picked":"SKIP","floor":44},{"not_picked":["Mishyaguji+1","LittleLegion","VampireKiss","TenguNoTaiko","NingyouOkisou+1"],"picked":"SKIP","floor":48}],"player_experience":371606,"relics_obtained":[{"floor":1.0,"key":"SynthV:TestCard"},{"floor":5.0,"key":"SpellExtend"},{"floor":8.0,"key":"AT_MibuBalloonWealth"},{"floor":9.0,"key":"Smiling Mask"},{"floor":10.0,"key":"Orichalcum"},{"floor":13.0,"key":"Anchor"},{"floor":23.0,"key":"testmod-BalancedPeriapt"},{"floor":26.0,"key":"AT_ForceNature"},{"floor":27.0,"key":"Mercury Hourglass"},{"floor":29.0,"key":"AT_SilverBalance"},{"floor":30.0,"key":"Oddly Smooth Stone"},{"floor":40,"key":"REME_LimitBreaker"},{"floor":42,"key":"Kunai"},{"floor":43,"key":"Bottled Tornado"},{"floor":45,"key":"Vajra"},{"floor":48,"key":"AT_SilvercatRing"}],"event_choices":[{"damage_healed":0.0,"max_hp_gain":0.0,"max_hp_loss":0.0,"gold_gain":400.0,"event_name":"¶÷ÂåË¹µÄÅÌ×Ó","player_choice":"Sell","floor":19.0,"relics_lost":["testmod-TestBox"],"gold_loss":0.0,"damage_taken":0.0}],"is_beta":false,"boss_relics":[{"not_picked":["Fusion Hammer","TakeMeEscape"],"picked":"Philosopher\u0027s Stone"},{"not_picked":["testmod-DeterminationOfClimber","NightmareShop"],"picked":"ExusiaiGun"}],"items_purged_floors":[22],"is_endless":false,"potions_floor_spawned":[2,4,12,16,18,31,35,40,44],"ascension_level":12}}