{"host":"bf9sa99gaumonoeu","time":1609771748,"event":{"mods":["AchievementEnabler","Act Like it!","BaseMod","Better Sensory Stone","Colored Map","Colored Powertips","Downfall","Duelist Mod","Friendly Minions","Gensokyo","GifTheSpireLib","Hallownest","Hermit","Hubris","Jorbs\u0027s Wanderer Trilogy","KinomotoSakuraMod(????)","Koishi","Lobotomy","Marisa????????","Minty Spire (QoL Compilation)","Rare Cards Sparkle","Reimu??????","Remilia??????","Replay The Spire","Shop Mod","StSLib","The Administrix","The Animator","The Blue Laboratory","The Bug Knight","The Construct","The Cursed","The Disciple","The Hierophant","The Mystic","The Necromancer","The Poker Player","The Runesmith","The Senshi","The Servant 0.9.4","Waifu the Spire"],"gold_per_floor":[128,139,139,167,177,208,208,240,240,252,226,253,269,269,269,269,269],"floor_reached":16,"playtime":1051,"items_purged":[],"score":154,"play_id":"ad4b522f-d473-4d5f-a328-1d4e50a5aaef","local_time":"20210104124908","is_ascension_mode":true,"campfire_choices":[{"floor":7,"key":"REST"},{"floor":15,"key":"REST"}],"circlet_count":0,"master_deck":["animator:Strike_Overlord","animator:Defend_Overlord","animator:Strike","animator:Strike","animator:Strike","animator:Defend","animator:Defend","animator:Defend","animator:Cocytus","animator:Demiurge","animator:DolaRiku","animator:Cocytus","animator:SuzuneAmano","animator:UneriGinkaku","animator:Emonzaemon","animator:KrulTepes","animator:FielNirvalen","animator:PandorasActor","animator:Mikaela"],"relics":["animator:LivingPicture","animator:TheMissingPiece","Anchor","hubris:Towel","Replay:WaspNest","Akabeko","animator:BattleDrones"],"acts_visited":["Exordium"],"potions_floor_usage":[6,12,16,16],"damage_taken":[{"damage":2,"enemies":"2 Louse","floor":1,"turns":5},{"damage":1,"enemies":"Jaw Worm","floor":2,"turns":4},{"damage":0,"enemies":"Cultist","floor":4,"turns":3},{"damage":27,"enemies":"Lots of Slimes","floor":5,"turns":5},{"damage":15,"enemies":"Gremlin Nob","floor":6,"turns":3},{"damage":30,"enemies":"3 Sentries","floor":8,"turns":7},{"damage":0,"enemies":"2 Fungi Beasts","floor":10,"turns":2},{"damage":0,"enemies":"Exordium Thugs","floor":12,"turns":3},{"damage":0,"enemies":"Large Slime","floor":13,"turns":4},{"damage":21,"enemies":"Slime Boss","floor":16,"turns":6}],"seed_played":"-4149883329574499971","potions_obtained":[{"floor":2,"key":"blueLaboratory:RecallPotion"},{"floor":10,"key":"Weak Potion"},{"floor":12,"key":"Guardian:BlockOnCardUsePotion"}],"is_trial":false,"path_per_floor":["M","M","?","M","M","E","R","E","T","M","?","M","M","$","R","B"],"character_chosen":"THE_ANIMATOR","items_purchased":["Weak Potion"],"campfire_rested":2,"item_purchase_floors":[14],"current_hp_per_floor":[57,56,56,56,29,14,33,3,3,4,4,4,4,1,21,0,0],"gold":269,"neow_bonus":"RANDOM_COMMON_RELIC","is_daily":false,"chose_seed":false,"campfire_upgraded":0,"win_rate":0.0,"timestamp":1609771748,"path_taken":["M","M","?","M","M","E","R","E","T","M","?","M","M","?","R","BOSS"],"items_purchased_type":["Potion"],"build_version":"2020-12-22","purchased_purges":0,"victory":false,"max_hp_per_floor":[66,66,66,66,66,66,66,66,66,67,67,67,67,67,67,67,67],"card_choices":[{"not_picked":["animator:IrohaTamaki","animator:Evileye"],"picked":"animator:DolaRiku","floor":1},{"not_picked":["animator:DolaCouronne","animator:IzunaHatsuse"],"picked":"animator:Cocytus","floor":2},{"not_picked":["animator:NagisaMomoe","animator:Evileye"],"picked":"animator:SuzuneAmano","floor":4},{"not_picked":["animator:Entoma","animator:Mitsuba"],"picked":"animator:UneriGinkaku","floor":5},{"not_picked":["animator:FielNirvalen","animator:Ainz"],"picked":"animator:Emonzaemon","floor":6},{"not_picked":["animator:SakuraMatou","animator:Rena"],"picked":"animator:KrulTepes","floor":8},{"not_picked":["animator:Gilgamesh","animator:Ain"],"picked":"animator:FielNirvalen","floor":10},{"not_picked":["animator:Alexander","animator:Chung"],"picked":"animator:PandorasActor","floor":12},{"not_picked":["animator:Demiurge","animator:SayakaMiki"],"picked":"animator:Mikaela","floor":13}],"player_experience":738904,"relics_obtained":[{"floor":6,"key":"Replay:WaspNest"},{"floor":8,"key":"Akabeko"},{"floor":9,"key":"animator:BattleDrones"}],"event_choices":[{"damage_healed":0,"gold_gain":0,"player_choice":"Left Gold","damage_taken":0,"max_hp_gain":0,"max_hp_loss":0,"event_name":"World of Goop","floor":11,"gold_loss":26}],"is_beta":false,"boss_relics":[],"items_purged_floors":[],"is_endless":false,"potions_floor_spawned":[2,10,12],"killed_by":"Slime Boss","ascension_level":7}}