{"host":"dw8ij7emqco3quom","time":1609803875,"event":{"mods":["BaseMod","Minty Spire (QoL Compilation)"],"gold_per_floor":[115,129,129,96,46,79,79,92,92,11,11,28,28,46,46,141,141,154,167,167,177,177,177],"floor_reached":22,"playtime":1396,"items_purged":[],"score":205,"play_id":"43808984-7180-437c-9c90-51b6b68a987d","local_time":"20210105004435","is_ascension_mode":true,"campfire_choices":[{"data":"Eruption","floor":7,"key":"SMITH"},{"data":"Crescendo","floor":11,"key":"SMITH"},{"floor":13,"key":"REST"},{"floor":15,"key":"REST"}],"circlet_count":0,"master_deck":["Strike_P","Strike_P","Strike_P","Defend_P+1","Defend_P","Defend_P","Eruption+1","Vigilance","Crescendo+1","ClearTheMind","Consecrate+1","Perseverance","Adaptation","WindmillStrike","Tantrum","Collect","Alpha","Halt","LessonLearned","Evaluate","LikeWater","Protect"],"relics":["PureWater","Mummified Hand","Smiling Mask","Philosopher\u0027s Stone"],"acts_visited":["Exordium","TheCity"],"potions_floor_usage":[6,12,18,21,22],"damage_taken":[{"damage":3,"enemies":"Small Slimes","floor":1,"turns":2},{"damage":0,"enemies":"Cultist","floor":2,"turns":3},{"damage":19,"enemies":"Gremlin Nob","floor":6,"turns":5},{"damage":0,"enemies":"2 Louse","floor":8,"turns":3},{"damage":11,"enemies":"Exordium Wildlife","floor":12,"turns":3},{"damage":35,"enemies":"Gremlin Gang","floor":14,"turns":3},{"damage":26,"enemies":"Hexaghost","floor":16,"turns":6},{"damage":19,"enemies":"Shell Parasite","floor":18,"turns":4},{"damage":42,"enemies":"3 Byrds","floor":19,"turns":4},{"damage":26,"enemies":"Snecko","floor":21,"turns":6},{"damage":15,"enemies":"Snake Plant","floor":22,"turns":2}],"seed_played":"6581392499608062405","potions_obtained":[{"floor":2,"key":"Block Potion"},{"floor":8,"key":"FearPotion"},{"floor":14,"key":"Fire Potion"},{"floor":19,"key":"Weak Potion"},{"floor":21,"key":"GamblersBrew"}],"is_trial":false,"path_per_floor":["M","M","?","$","?","E","R","M","T","$","R","M","R","M","R","B",null,"M","M","?","M","M"],"character_chosen":"WATCHER","items_purchased":["Adaptation","Collect"],"campfire_rested":2,"item_purchase_floors":[4,10],"current_hp_per_floor":[69,69,69,69,69,50,50,50,50,50,50,39,60,25,46,20,72,53,11,35,9,0,0],"gold":177,"neow_bonus":"REMOVE_CARD","is_daily":false,"chose_seed":false,"campfire_upgraded":2,"win_rate":0.0,"timestamp":1609803875,"path_taken":["M","M","?","?","?","E","R","?","T","$","R","M","R","M","R","BOSS","M","?","?","M","M"],"items_purchased_type":["Card","Card"],"build_version":"2020-12-22","purchased_purges":0,"victory":false,"max_hp_per_floor":[72,72,72,72,72,72,72,72,72,72,72,72,72,72,72,72,72,72,72,72,72,72,72],"card_choices":[{"not_picked":["JustLucky","SignatureMove"],"picked":"Crescendo","floor":1},{"not_picked":["EmptyFist","Worship"],"picked":"ClearTheMind","floor":2},{"not_picked":["ClearTheMind","Vault"],"picked":"WindmillStrike","floor":6},{"not_picked":["FlurryOfBlows","Evaluate"],"picked":"Tantrum","floor":8},{"not_picked":["ClearTheMind","CrushJoints"],"picked":"Alpha","floor":12},{"not_picked":["ThirdEye","CrushJoints"],"picked":"Halt","floor":14},{"not_picked":["Omniscience","Alpha"],"picked":"LessonLearned","floor":16},{"not_picked":["EmptyBody","FlurryOfBlows+1"],"picked":"Evaluate","floor":18},{"not_picked":["Nirvana","Prostrate"],"picked":"LikeWater","floor":19},{"not_picked":["FollowUp+1","Sanctity"],"picked":"Protect","floor":21}],"player_experience":612411,"relics_obtained":[{"floor":6,"key":"Mummified Hand"},{"floor":9,"key":"Smiling Mask"}],"event_choices":[{"damage_healed":0,"gold_gain":0,"player_choice":"2 cards matched","damage_taken":0,"max_hp_gain":0,"max_hp_loss":0,"event_name":"Match and Keep!","floor":3,"gold_loss":0,"cards_obtained":["Consecrate","Perseverance"]},{"cards_removed":["Strike_P"],"damage_healed":0,"gold_gain":0,"player_choice":"Card Removal","damage_taken":0,"max_hp_gain":0,"max_hp_loss":0,"event_name":"The Cleric","floor":5,"gold_loss":50},{"damage_healed":24,"gold_gain":0,"player_choice":"Heal","damage_taken":0,"max_hp_gain":0,"max_hp_loss":0,"event_name":"The Library","floor":20,"gold_loss":0}],"is_beta":false,"boss_relics":[{"not_picked":["Sozu","Pandora\u0027s Box"],"picked":"Philosopher\u0027s Stone"}],"items_purged_floors":[],"is_endless":false,"potions_floor_spawned":[2,8,14,19,21],"killed_by":"Snake Plant","ascension_level":2}}