{"host":"dw8ij7emqco3quom","time":1609790278,"event":{"mods":["BaseMod","Minty Spire (QoL Compilation)"],"gold_per_floor":[110,110,128,147,158,158,191,191,191,191,191,191,191,191,191,319,319,343,343,393,418,431,431,431],"floor_reached":23,"playtime":1634,"items_purged":[],"score":246,"play_id":"ccfc9594-2979-4719-95b8-b5655b55b380","local_time":"20210104205758","is_ascension_mode":true,"campfire_choices":[{"data":"Armaments","floor":6,"key":"SMITH"},{"data":"Fire Breathing","floor":8,"key":"SMITH"},{"data":"Armaments","floor":10,"key":"SMITH"},{"floor":15,"key":"RECALL"}],"circlet_count":0,"master_deck":["Strike_R+1","Strike_R","Strike_R","Strike_R+1","Defend_R","Defend_R","Defend_R","Bash","Armaments+1","Armaments+1","Rage","Fire Breathing+1","Injury","Intimidate","Demon Form","Shrug It Off","Wild Strike","Bloodletting"],"relics":["Black Blood","NeowsBlessing","Whetstone","Golden Idol"],"acts_visited":["Exordium","TheCity"],"potions_floor_usage":[16,16,16,21],"damage_taken":[{"damage":0,"enemies":"Small Slimes","floor":1,"turns":1},{"damage":0,"enemies":"Jaw Worm","floor":3,"turns":1},{"damage":0,"enemies":"2 Louse","floor":4,"turns":1},{"damage":6,"enemies":"Blue Slaver","floor":5,"turns":4},{"damage":10,"enemies":"3 Sentries","floor":7,"turns":5},{"damage":31,"enemies":"The Guardian","floor":16,"turns":16},{"damage":14,"enemies":"3 Byrds","floor":18,"turns":10},{"damage":35,"enemies":"Shell Parasite","floor":21,"turns":9},{"damage":38,"enemies":"Centurion and Healer","floor":22,"turns":8},{"damage":28,"enemies":"Snake Plant","floor":23,"turns":4}],"seed_played":"5616538379428155656","potions_obtained":[{"floor":1,"key":"Weak Potion"},{"floor":5,"key":"Fire Potion"},{"floor":7,"key":"ColorlessPotion"},{"floor":18,"key":"SkillPotion"}],"is_trial":false,"path_per_floor":["M","?","M","M","M","R","E","R","T","R","?","?","?","?","R","B",null,"M","?","?","M","M","M"],"character_chosen":"IRONCLAD","items_purchased":[],"campfire_rested":0,"item_purchase_floors":[],"current_hp_per_floor":[78,78,80,80,80,80,76,76,76,76,76,81,81,81,81,56,78,76,76,76,53,27,0,0],"gold":431,"neow_bonus":"THREE_ENEMY_KILL","is_daily":false,"chose_seed":false,"campfire_upgraded":3,"win_rate":0.0,"timestamp":1609790278,"path_taken":["M","?","M","M","M","R","E","R","T","R","?","?","?","?","R","BOSS","M","?","?","?","?","M"],"items_purchased_type":[],"build_version":"2020-12-22","purchased_purges":0,"victory":false,"max_hp_per_floor":[80,80,80,80,80,80,80,80,80,80,80,85,85,85,85,85,85,85,85,85,85,85,85,85],"card_choices":[{"not_picked":["Rupture","Anger"],"picked":"Armaments","floor":1},{"not_picked":["Dual Wield","Second Wind"],"picked":"Armaments","floor":3},{"not_picked":["Evolve","Blood for Blood"],"picked":"Rage","floor":4},{"not_picked":["Thunderclap","Clash"],"picked":"Fire Breathing","floor":5},{"not_picked":["Sword Boomerang","Dark Embrace","Clothesline"],"picked":"SKIP","floor":7},{"not_picked":["Limit Break","Reaper"],"picked":"Demon Form","floor":16},{"not_picked":["Infernal Blade","Armaments"],"picked":"Shrug It Off","floor":18},{"not_picked":["True Grit","Havoc+1"],"picked":"Wild Strike","floor":21},{"not_picked":["Demon Form","Clash"],"picked":"Bloodletting","floor":22}],"player_experience":603028,"relics_obtained":[{"floor":7,"key":"Whetstone"}],"event_choices":[{"damage_healed":0,"gold_gain":0,"player_choice":"Ignored","damage_taken":0,"max_hp_gain":0,"max_hp_loss":0,"event_name":"Shining Light","floor":2,"gold_loss":0},{"damage_healed":0,"gold_gain":0,"player_choice":"Take Wound","damage_taken":0,"relics_obtained":["Golden Idol"],"max_hp_gain":0,"max_hp_loss":0,"event_name":"Golden Idol","floor":11,"gold_loss":0,"cards_obtained":["Injury"]},{"damage_healed":0,"gold_gain":0,"player_choice":"Donut","damage_taken":0,"max_hp_gain":5,"max_hp_loss":0,"event_name":"Big Fish","floor":12,"gold_loss":0},{"damage_healed":0,"gold_gain":0,"player_choice":"Ignored","damage_taken":0,"max_hp_gain":0,"max_hp_loss":0,"event_name":"Liars Game","floor":13,"gold_loss":0},{"damage_healed":0,"gold_gain":0,"cards_transformed":["Strike_R"],"player_choice":"Change","damage_taken":0,"max_hp_gain":0,"max_hp_loss":0,"event_name":"Living Wall","floor":14,"gold_loss":0,"cards_obtained":["Intimidate"]},{"cards_removed":["Defend_R"],"damage_healed":0,"gold_gain":0,"player_choice":"Elegance","damage_taken":0,"max_hp_gain":0,"max_hp_loss":0,"event_name":"Back to Basics","floor":19,"gold_loss":0},{"damage_healed":0,"gold_gain":100,"player_choice":"Bet on Murderer","damage_taken":0,"max_hp_gain":0,"max_hp_loss":0,"event_name":"The Joust","floor":20,"gold_loss":50}],"is_beta":false,"boss_relics":[{"not_picked":["Velvet Choker","SacredBark"],"picked":"Black Blood"}],"items_purged_floors":[],"is_endless":false,"potions_floor_spawned":[1,5,7,18],"killed_by":"Snake Plant","ascension_level":6}}