{"host":"k85tjwrh7mjrrc9a","time":1609785354,"event":{"mods":["AchievementEnabler","BaseMod","Colored Powertips","Highlight Path","Minty Spire (QoL Compilation)","Rare Cards Sparkle","StSLib"],"gold_per_floor":[118,128,143,143,143,143,163,163,163,163,191,191,203,22,22,125,125,135,151,151,169,169,169,169,169],"floor_reached":24,"playtime":1710,"items_purged":[],"score":196,"play_id":"ea5fd288-5411-4abc-86b7-eb6aecbcbc52","local_time":"20210104133554","is_ascension_mode":false,"campfire_choices":[{"data":"Eruption","floor":6,"key":"SMITH"},{"data":"CrushJoints","floor":8,"key":"SMITH"},{"floor":10,"key":"REST"},{"floor":15,"key":"REST"},{"floor":23,"key":"REST"}],"circlet_count":0,"master_deck":["Strike_P","Strike_P","Strike_P","Defend_P","Defend_P","Defend_P","Eruption+1","Vigilance","Evaluate","CrushJoints+1","Adaptation","JustLucky","Ragnarok","PathToVictory","Apotheosis","Establishment","Swivel","TalkToTheHand"],"relics":["HolyWater","InkBottle","Prayer Wheel","Enchiridion"],"acts_visited":["Exordium","TheCity"],"potions_floor_usage":[],"damage_taken":[{"damage":0,"enemies":"Cultist","floor":1,"turns":2},{"damage":2,"enemies":"Jaw Worm","floor":2,"turns":6},{"damage":0,"enemies":"Small Slimes","floor":3,"turns":2},{"damage":32,"enemies":"Exordium Wildlife","floor":7,"turns":7},{"damage":18,"enemies":"Lagavulin","floor":11,"turns":5},{"damage":2,"enemies":"3 Louse","floor":13,"turns":3},{"damage":34,"enemies":"The Guardian","floor":16,"turns":7},{"damage":16,"enemies":"Spheric Guardian","floor":18,"turns":6},{"damage":10,"enemies":"3 Byrds","floor":19,"turns":4},{"damage":7,"enemies":"Shelled Parasite and Fungi","floor":21,"turns":5},{"damage":55,"enemies":"Slavers","floor":24,"turns":4}],"seed_played":"-2100909372851714556","potions_obtained":[{"floor":3,"key":"Swift Potion"},{"floor":21,"key":"Strength Potion"}],"is_trial":false,"path_per_floor":["M","M","M","$","?","R","M","R","T","R","E","?","M","$","R","B",null,"M","M","?","M","?","R","E"],"character_chosen":"WATCHER","items_purchased":["Apotheosis"],"campfire_rested":3,"item_purchase_floors":[14],"current_hp_per_floor":[79,77,77,77,70,70,38,38,38,61,43,43,41,41,64,30,79,63,53,37,30,30,53,0,0],"gold":169,"neow_bonus":"TEN_PERCENT_HP_BONUS","is_daily":false,"chose_seed":false,"campfire_upgraded":2,"win_rate":0.0,"timestamp":1609785354,"path_taken":["M","M","?","?","?","R","M","R","T","R","E","?","?","$","R","BOSS","M","M","?","M","?","R","E"],"items_purchased_type":["Card"],"build_version":"2020-12-22","purchased_purges":0,"victory":false,"max_hp_per_floor":[79,79,79,79,79,79,79,79,79,79,79,79,79,79,79,79,79,79,79,79,79,79,79,79,79],"card_choices":[{"not_picked":["Consecrate","SashWhip"],"picked":"Evaluate","floor":1},{"not_picked":["InnerPeace","ClearTheMind"],"picked":"CrushJoints","floor":2},{"not_picked":["BowlingBash","Consecrate"],"picked":"Adaptation","floor":3},{"not_picked":["LikeWater","CrushJoints"],"picked":"JustLucky","floor":7},{"not_picked":["CutThroughFate","Consecrate"],"picked":"Ragnarok","floor":11},{"not_picked":["Collect","JustLucky"],"picked":"PathToVictory","floor":13},{"not_picked":["EmptyFist","DeceiveReality","ReachHeaven"],"picked":"SKIP","floor":13},{"not_picked":["Omniscience","DevaForm"],"picked":"Establishment","floor":16},{"not_picked":["Consecrate+1","EmptyFist","SashWhip"],"picked":"SKIP","floor":18},{"not_picked":["Consecrate","ThirdEye","JustLucky"],"picked":"SKIP","floor":18},{"not_picked":["ThirdEye+1","Vault"],"picked":"Swivel","floor":19},{"not_picked":["Consecrate+1","SignatureMove","CutThroughFate"],"picked":"SKIP","floor":19},{"not_picked":["SashWhip","Tantrum+1"],"picked":"TalkToTheHand","floor":21},{"not_picked":["BowlingBash","CarveReality","Wallop"],"picked":"SKIP","floor":21}],"player_experience":135440,"relics_obtained":[{"floor":9,"key":"InkBottle"},{"floor":11,"key":"Prayer Wheel"},{"floor":20,"key":"Enchiridion"}],"event_choices":[{"cards_removed":["Strike_P"],"damage_healed":0,"gold_gain":0,"player_choice":"Card Removal","damage_taken":7,"max_hp_gain":0,"max_hp_loss":0,"event_name":"Golden Wing","floor":5,"gold_loss":0},{"cards_removed":["Defend_P"],"damage_healed":0,"gold_gain":0,"player_choice":"Forget","damage_taken":0,"max_hp_gain":0,"max_hp_loss":0,"event_name":"Living Wall","floor":12,"gold_loss":0},{"damage_healed":0,"gold_gain":0,"player_choice":"Obtained Book","damage_taken":16,"max_hp_gain":0,"max_hp_loss":0,"event_name":"Cursed Tome","floor":20,"gold_loss":0},{"damage_healed":0,"gold_gain":0,"player_choice":"Bought 0 Potions","damage_taken":0,"max_hp_gain":0,"max_hp_loss":0,"event_name":"The Woman in Blue","floor":22,"gold_loss":0}],"is_beta":false,"boss_relics":[{"not_picked":["Astrolabe","SacredBark"],"picked":"HolyWater"}],"items_purged_floors":[],"is_endless":false,"potions_floor_spawned":[3,21],"killed_by":"Slavers","ascension_level":0}}