{"host":"kabf61oc9jgfwufg","time":1609777191,"event":{"mods":["AchievementEnabler","Act Like it!","Aspiration","BaseMod","Conspire","GifTheSpireLib","Halation","HexUI Lib","Hubris","Infinite Spire","Minty Spire (QoL Compilation)","Pale of the Ancients","Rare Cards Sparkle","Replay The Spire","StSLib","The Jungle"],"gold_per_floor":[113,113,113,131,131,131,151,163,163,194,85,85,85],"floor_reached":12,"playtime":268,"items_purged":["Strike_P"],"score":78,"play_id":"b7ad1d8d-311c-4bfb-8c28-e0bc236d106f","local_time":"20210104161951","is_ascension_mode":false,"campfire_choices":[{"data":"Deflect","floor":6,"key":"SMITH"}],"circlet_count":0,"master_deck":["Strike_P","Strike_P","Strike_P","Defend_P","Eruption","Vigilance","FlyingSleeves","Deflect+1","Hidden Blade","Indignation","EmptyFist","DeceiveReality","Study"],"relics":["PureWater","NeowsBlessing","hubris:Icosahedron","hubris:BottledRain","Quantum Egg"],"acts_visited":["Exordium"],"potions_floor_usage":[4],"damage_taken":[{"damage":0,"enemies":"Jaw Worm","floor":1,"turns":1},{"damage":0,"enemies":"2 Louse","floor":4,"turns":1},{"damage":0,"enemies":"Cultist","floor":7,"turns":1},{"damage":5,"enemies":"Exordium Wildlife","floor":8,"turns":2},{"damage":32,"enemies":"Gremlin Nob","floor":10,"turns":3},{"damage":40,"enemies":"Lagavulin","floor":12,"turns":3}],"seed_played":"-6050706960133697279","potions_obtained":[{"floor":4,"key":"ColorlessPotion"},{"floor":8,"key":"GamblersBrew"},{"floor":10,"key":"Weak Potion"}],"is_trial":false,"path_per_floor":["M","?","?","M","?","R","M","M","T","E","$","E"],"character_chosen":"WATCHER","items_purchased":["Study"],"campfire_rested":0,"item_purchase_floors":[11],"current_hp_per_floor":[72,72,72,72,72,72,72,67,67,35,35,0,0],"gold":85,"neow_bonus":"THREE_ENEMY_KILL","is_daily":false,"chose_seed":false,"campfire_upgraded":1,"win_rate":0.0,"timestamp":1609777191,"path_taken":["M","?","?","M","?","R","M","?","T","E","$","E"],"items_purchased_type":["Card"],"build_version":"2020-12-22","purchased_purges":1,"victory":false,"max_hp_per_floor":[72,72,72,72,72,72,72,72,72,72,72,72,72],"card_choices":[{"not_picked":["EmptyFist","Replay:ManipulateFuture"],"picked":"FlyingSleeves","floor":1},{"not_picked":["Collect","Tantrum","CrushJoints"],"picked":"SKIP","floor":4},{"not_picked":["Replay:Vibes","JustLucky"],"picked":"Indignation","floor":7},{"not_picked":["Protect","Ragnarok"],"picked":"EmptyFist","floor":8},{"not_picked":["Crescendo","FlyingSleeves"],"picked":"DeceiveReality","floor":10}],"player_experience":32601,"relics_obtained":[{"floor":9,"key":"hubris:BottledRain"},{"floor":10,"key":"Quantum Egg"}],"event_choices":[{"cards_removed":["ReplayTheSpireMod:Speed Training"],"damage_healed":0,"gold_gain":0,"player_choice":"Purged","damage_taken":0,"max_hp_gain":0,"max_hp_loss":0,"event_name":"Purifier","floor":5,"gold_loss":0}],"is_beta":false,"boss_relics":[],"items_purged_floors":[11],"is_endless":false,"potions_floor_spawned":[4,8,10],"killed_by":"Lagavulin","ascension_level":0}}