{"host":"6hzrz31j95f2y1pa","time":1609766204,"event":{"mods":["BaseMod","Colored Map","Downfall","Minty Spire (QoL Compilation)","StSLib"],"gold_per_floor":[0,20,31,50,63,63,90,108,141,152,186,206,218,54,74,178,178,103,119,219,53,38,51,51,70,70,83,45,45,80,95,106,209,259,259,277,291,305,48,77,77,96,21,41,68,68,88,106,123,123],"floor_reached":51,"playtime":3595,"items_purged":["Guardian:Defend_Guardian","Guardian:Strike_Guardian"],"score":981,"play_id":"1b62503e-401e-406b-a43c-e4e64b8c6aaf","local_time":"20210104081644","is_ascension_mode":true,"campfire_choices":[{"floor":1.0,"key":"RECALL"},{"data":"Guardian:BaubleBeam","floor":6.0,"key":"SMITH"},{"data":"Guardian:TemporalShield","floor":18.0,"key":"SMITH"},{"data":"Guardian:EvasiveProtocol","floor":26.0,"key":"SMITH"},{"data":"Guardian:BaubleBeam","floor":35.0,"key":"SMITH"},{"data":"Guardian:StasisEngine","floor":43,"key":"SMITH"},{"data":"Guardian:Defend_Guardian","floor":46,"key":"PURGE"}],"circlet_count":0,"master_deck":["Guardian:Strike_Guardian","Guardian:Strike_Guardian+1","Guardian:Defend_Guardian","Guardian:CurlUp","Guardian:TwinSlam","Guardian:BaubleBeam+1","Guardian:GuardianWhirl","Guardian:Reroute","Guardian:Planning","Guardian:TemporalShield+1","Guardian:SpikerProtocol","Guardian:BronzeArmor","Guardian:EvasiveProtocol+1","Guardian:StasisEngine+1","Guardian:TemporalStrike","Guardian:RollAttack","Guardian:Planning+1","Guardian:Harden","Guardian:Incinerate+1","Guardian:BaubleBeam+1","Guardian:Gem_Fragmented","Guardian:ChargeCore+1","Guardian:Suspension+1"],"relics":["Guardian:ModeShifter","Ancient Tea Set","Pen Nib","Peace Pipe","Empty Cage","downfall:HeartBlessingRed","Meat on the Bone","White Beast Statue","Singing Bowl","Tiny House","Bronze Scales","Mummified Hand","downfall:HeartBlessingBlue","Bottled Flame"],"acts_visited":["Exordium","TheCity","TheBeyond"],"potions_floor_usage":[40,50],"damage_taken":[{"damage":0.0,"enemies":"Jaw Worm","floor":2.0,"turns":4.0},{"damage":2.0,"enemies":"Cultist","floor":3.0,"turns":3.0},{"damage":2.0,"enemies":"Small Slimes","floor":4.0,"turns":3.0},{"damage":14.0,"enemies":"Gremlin Gang","floor":5.0,"turns":4.0},{"damage":10.0,"enemies":"Lots of Slimes","floor":8.0,"turns":3.0},{"damage":16.0,"enemies":"Gremlin Nob","floor":9.0,"turns":3.0},{"damage":4.0,"enemies":"2 Fungi Beasts","floor":10.0,"turns":3.0},{"damage":16.0,"enemies":"Lagavulin","floor":11.0,"turns":6.0},{"damage":3.0,"enemies":"Blue Slaver","floor":12.0,"turns":3.0},{"damage":1.0,"enemies":"3 Louse","floor":13.0,"turns":2.0},{"damage":0.0,"enemies":"downfall:FleeingMerchant","floor":14.0,"turns":4.0},{"damage":0.0,"enemies":"Exordium Wildlife","floor":15.0,"turns":3.0},{"damage":3.0,"enemies":"downfall:Watcher","floor":16.0,"turns":10.0},{"damage":0.0,"enemies":"Chosen","floor":19.0,"turns":3.0},{"damage":11.0,"enemies":"downfall:FleeingMerchant","floor":21.0,"turns":4.0},{"damage":2.0,"enemies":"downfall:FleeingMerchant","floor":22.0,"turns":4.0},{"damage":19.0,"enemies":"Snecko","floor":23.0,"turns":6.0},{"damage":0.0,"enemies":"Cultist and Chosen","floor":25.0,"turns":4.0},{"damage":6.0,"enemies":"Centurion and Healer","floor":27.0,"turns":2.0},{"damage":0.0,"enemies":"downfall:FleeingMerchant","floor":28.0,"turns":3.0},{"damage":15.0,"enemies":"Slavers","floor":30.0,"turns":3.0},{"damage":0.0,"enemies":"Snecko","floor":31.0,"turns":3.0},{"damage":0.0,"enemies":"3 Cultists","floor":32.0,"turns":3.0},{"damage":22.0,"enemies":"downfall:Silent","floor":33.0,"turns":6.0},{"damage":6.0,"enemies":"3 Darklings","floor":36.0,"turns":4.0},{"damage":1.0,"enemies":"Orb Walker","floor":37.0,"turns":3.0},{"damage":18.0,"enemies":"4 Shapes","floor":38.0,"turns":5.0},{"damage":22,"enemies":"Nemesis","floor":40,"turns":3},{"damage":15,"enemies":"3 Darklings","floor":42,"turns":4},{"damage":7,"enemies":"Maw","floor":44,"turns":6},{"damage":0,"enemies":"Giant Head","floor":45,"turns":6},{"damage":16,"enemies":"Jaw Worm Horde","floor":47,"turns":3},{"damage":0,"enemies":"Spire Growth","floor":48,"turns":3},{"damage":7,"enemies":"4 Shapes","floor":49,"turns":6},{"damage":0,"enemies":"downfall:Defect","floor":50,"turns":5}],"seed_played":"-2661881687718996434","potions_obtained":[{"floor":4.0,"key":"Guardian:AcceleratePotion"},{"floor":9.0,"key":"Strength Potion"},{"floor":11.0,"key":"PowerPotion"},{"floor":12.0,"key":"hexamod:EctoCoolerPotion"},{"floor":13.0,"key":"sneckomod:MuddlingPotion"},{"floor":15.0,"key":"SkillPotion"},{"floor":19.0,"key":"LiquidMemories"},{"floor":30.0,"key":"ColorlessPotion"},{"floor":32.0,"key":"hexamod:EctoCoolerPotion"},{"floor":33.0,"key":"Strength Potion"},{"floor":34.0,"key":"SneckoOil"},{"floor":36.0,"key":"ColorlessPotion"},{"floor":37.0,"key":"Energy Potion"},{"floor":40,"key":"Guardian:StasisDiscoveryPotion"}],"is_trial":false,"path_per_floor":["R","M","M","M","M","R","T","M","E","M","E","M","M","$","M","B",null,"R","M","?","$","$","M","T","M","R","M","$","?","E","M","M","B",null,"R","M","M","M","$","E","T","M","R","M","E","R","M","M","M","B",null],"character_chosen":"GUARDIAN","items_purchased":["Guardian:Gem_White","Guardian:EvasiveProtocol","Guardian:RollAttack","Guardian:Gem_Cyan","Guardian:Gem_Crimson","White Beast Statue","Guardian:Gem_Green","Bronze Scales"],"campfire_rested":0,"item_purchase_floors":[14,14,21,21,21,28,28,39],"current_hp_per_floor":[80,80,78,76,62,62,62,52,36,32,16,13,12,12,12,9,80,80,80,80,69,67,48,48,48,48,42,42,42,41,53,53,45,91,91,85,84,68,68,60,60,57,67,62,62,62,60,62,69,69],"gold":123,"neow_bonus":"THREE_RARE_CARDS","is_daily":false,"chose_seed":false,"campfire_upgraded":5,"win_rate":0.0,"timestamp":1609766204,"path_taken":["R","M","M","M","M","R","T","M","E","M","E","M","M","$","M","BOSS","R","M","?","?","$","M","T","M","R","M","$","?","E","M","M","BOSS","R","M","M","M","$","E","T","M","R","M","E","R","?","?","M","BOSS"],"items_purchased_type":["Card","Card","Card","Card","Card","Relic","Card","Relic"],"build_version":"2020-12-22","purchased_purges":2,"victory":true,"max_hp_per_floor":[80,80,80,80,80,80,80,80,80,80,80,80,80,80,80,80,80,80,80,80,80,80,80,80,80,80,80,80,80,82,82,82,84,91,91,91,91,93,93,95,95,95,105,107,107,107,109,111,113,113],"card_choices":[{"not_picked":["Guardian:StasisStrike","Guardian:GatlingBeam"],"picked":"Guardian:BaubleBeam","floor":0.0},{"not_picked":["Guardian:Incinerate","Guardian:Clone"],"picked":"Guardian:GuardianWhirl","floor":2.0},{"not_picked":["Guardian:Suspension","Guardian:PrismaticBeam"],"picked":"Guardian:Reroute","floor":3.0},{"not_picked":["Guardian:Recover","Guardian:Emergency"],"picked":"Guardian:Gem_Fragmented","floor":4.0},{"not_picked":["Guardian:TimeCapacitor","Guardian:TemporalShield"],"picked":"Guardian:Gem_Orange","floor":5.0},{"not_picked":["Guardian:MultiBeam","Guardian:Incinerate"],"picked":"Guardian:Planning","floor":8.0},{"not_picked":["Guardian:WalkerClaw","Guardian:RollAttack","Guardian:Suspension"],"picked":"SKIP","floor":9.0},{"not_picked":["Guardian:Incinerate","Guardian:WalkerClaw"],"picked":"Guardian:TemporalShield","floor":10.0},{"not_picked":["Guardian:PiercingHide","Guardian:Orbwalk"],"picked":"Guardian:Gem_Blue","floor":11.0},{"not_picked":["Guardian:DecasProtection","Guardian:FloatingOrbs"],"picked":"Guardian:Gem_Fragmented","floor":12.0},{"not_picked":["Guardian:Gem_Cyan","Guardian:RollAttack"],"picked":"Guardian:SpikerProtocol","floor":13.0},{"not_picked":["Guardian:VentSteam","Guardian:TimeBomb"],"picked":"Guardian:BronzeArmor","floor":14.0},{"not_picked":["Guardian:GuardianWhirl","Guardian:Gem_Lightblue"],"picked":"Guardian:Gem_Cyan","floor":15.0},{"not_picked":["Guardian:GemFinder","Guardian:RevengeProtocol"],"picked":"Guardian:StasisEngine","floor":16.0},{"not_picked":["Guardian:ChargeCore","Guardian:Reroute"],"picked":"Guardian:TemporalStrike","floor":19.0},{"not_picked":["Guardian:FierceBash","Guardian:EvasiveProtocol"],"picked":"Guardian:Gem_Red","floor":21.0},{"not_picked":["Guardian:Harden","Guardian:ShieldCharger"],"picked":"Guardian:Planning+1","floor":22.0},{"not_picked":["Guardian:RollAttack","Guardian:Reroute","Guardian:RefractedBeam"],"picked":"SKIP","floor":23.0},{"not_picked":["Guardian:PiercingHide+1","Guardian:PrimingBeam","Guardian:Planning+1"],"picked":"SKIP","floor":25.0},{"not_picked":["Guardian:WalkerClaw","Guardian:Preprogram"],"picked":"Guardian:Gem_Green","floor":27.0},{"not_picked":["Guardian:RevengeProtocol","Guardian:Clone"],"picked":"Guardian:Harden","floor":28.0},{"not_picked":["Guardian:DonusPower","Guardian:Gem_Fragmented","Guardian:Gem_Crimson"],"picked":"Singing Bowl","floor":30.0},{"not_picked":["Guardian:Gem_Purple","Guardian:PiercingHide"],"picked":"Guardian:Incinerate+1","floor":31.0},{"not_picked":["Guardian:GuardianWhirl+1","Guardian:Gem_Cyan"],"picked":"Guardian:BaubleBeam","floor":32.0},{"not_picked":["Guardian:GatlingBeam","Guardian:Gem_Synthetic","Guardian:ConstructionForm"],"picked":"Singing Bowl","floor":33.0},{"not_picked":["Guardian:Clone","Guardian:RefractedBeam","Guardian:ChargeCore"],"picked":"Singing Bowl","floor":34.0},{"not_picked":["Guardian:SentryBeam+1","Guardian:ShieldCharger+1"],"picked":"Guardian:Gem_Fragmented","floor":36.0},{"not_picked":["Guardian:PiercingHide","Guardian:DonusPower+1"],"picked":"Guardian:ChargeCore+1","floor":37.0},{"not_picked":["Guardian:VentSteam+1","Guardian:Repulse+1","Guardian:Gem_Lightblue"],"picked":"Singing Bowl","floor":38.0},{"not_picked":["Guardian:MultiBeam+1","Guardian:HyperBeam_Guardian","Guardian:Gem_Cyan"],"picked":"Singing Bowl","floor":40},{"not_picked":["Guardian:CrystalBeam","Guardian:Reroute"],"picked":"Guardian:Gem_White","floor":42},{"not_picked":["Guardian:Suspension","Guardian:Gem_Blue","Guardian:WalkerClaw+1"],"picked":"Singing Bowl","floor":44},{"not_picked":["Guardian:Recover","Guardian:Gem_Blue"],"picked":"Guardian:Suspension+1","floor":45},{"not_picked":["Guardian:EvasiveProtocol","Guardian:ChargeUp+1","Guardian:WalkerClaw+1"],"picked":"Singing Bowl","floor":47},{"not_picked":["Guardian:Gem_White","Guardian:Incinerate+1","Guardian:EvasiveProtocol"],"picked":"Singing Bowl","floor":48},{"not_picked":["Guardian:Planning+1","Guardian:Gem_Yellow","Guardian:FuturePlans+1"],"picked":"Singing Bowl","floor":49}],"player_experience":1282835,"relics_obtained":[{"floor":7.0,"key":"Ancient Tea Set"},{"floor":9.0,"key":"Pen Nib"},{"floor":11.0,"key":"Peace Pipe"},{"floor":24.0,"key":"Meat on the Bone"},{"floor":30.0,"key":"Singing Bowl"},{"floor":40,"key":"Mummified Hand"},{"floor":45,"key":"Bottled Flame"}],"event_choices":[],"is_beta":false,"boss_relics":[{"not_picked":["Guardian:ModeShifterPlus","Runic Pyramid"],"picked":"Empty Cage"},{"not_picked":["Guardian:StasisSlotReductionRelic","Philosopher\u0027s Stone"],"picked":"Tiny House"}],"items_purged_floors":[28,39],"is_endless":false,"potions_floor_spawned":[4,9,11,12,13,15,19,23,30,31,32,33,36,37,38,40,42,44,45,47,48,49],"ascension_level":2}}