{"host":"cv77zuuuekizn3ic","time":1609778983,"event":{"mods":["AchievementEnabler","BaseMod","Marisa£®ÏF”Í°°ƒß¿Ì…≥£©","Minty Spire (QoL Compilation)","StSLib","Waifu the Spire","everything is the same but u backflip on backflip","slay the spire mod where everything is the same but ironclad has a cowboy hat"],"gold_per_floor":[117,87,98,98,116,116,132,132,132,150,179,191,203,234,234,335,335,348,273,273,24,24,56,75,92,118,130,144,144,178,210,210,308,308,322,49,49,59,59,92,92,122,122,154,179,201,226,270,282,294,306,318,51,83,83],"floor_reached":56,"playtime":4857,"items_purged":["Defend_B","Defend_B","Leap","Auto Shields"],"score":2080,"play_id":"0bcb20b9-37b3-4700-88ae-a55aa051a02a","local_time":"20210105004943","is_ascension_mode":true,"campfire_choices":[{"data":"Self Repair","floor":6.0,"key":"SMITH"},{"data":"Defragment","floor":8.0,"key":"SMITH"},{"data":"Creative AI","floor":15.0,"key":"SMITH"},{"data":"Heatsinks","floor":29.0,"key":"SMITH"},{"data":"Coolheaded","floor":32.0,"key":"SMITH"},{"data":"Apotheosis","floor":41,"key":"SMITH"},{"floor":49,"key":"RECALL"},{"data":"Coolheaded","floor":52,"key":"SMITH"}],"circlet_count":0,"master_deck":["AscendersBane","Zap","Dualcast","Creative AI+1","Leap","Coolheaded+1","Defragment+1","Self Repair+1","Leap","Force Field","White Noise","Biased Cognition","Heatsinks+1","Defragment","Glacier","Turbo","Recycle","Electrodynamics","Apotheosis+1","Madness","Madness","Madness","Scrape","Heatsinks+1","Parasite","Coolheaded+1"],"relics":["Cracked Core","Matryoshka","Lantern","Anchor","Empty Cage","Membership Card","Boot","Bag of Preparation","MealTicket","Red Mask","Sundial","Coffee Dripper","PreservedInsect","Oddly Smooth Stone","Centennial Puzzle","Bronze Scales","MawBank","Calipers","OrangePellets","InkBottle","Art of War"],"acts_visited":["Exordium","TheCity","TheBeyond","TheEnding"],"potions_floor_usage":[55,55],"damage_taken":[{"damage":14.0,"enemies":"Jaw Worm","floor":1.0,"turns":8.0},{"damage":6.0,"enemies":"Cultist","floor":3.0,"turns":4.0},{"damage":4.0,"enemies":"Small Slimes","floor":5.0,"turns":4.0},{"damage":1.0,"enemies":"3 Louse","floor":7.0,"turns":7.0},{"damage":0.0,"enemies":"Blue Slaver","floor":10.0,"turns":6.0},{"damage":14.0,"enemies":"3 Sentries","floor":11.0,"turns":10.0},{"damage":7.0,"enemies":"Exordium Thugs","floor":12.0,"turns":7.0},{"damage":14.0,"enemies":"Gremlin Gang","floor":13.0,"turns":9.0},{"damage":8.0,"enemies":"Lagavulin","floor":14.0,"turns":9.0},{"damage":34.0,"enemies":"Slime Boss","floor":16.0,"turns":8.0},{"damage":7.0,"enemies":"Shell Parasite","floor":18.0,"turns":7.0},{"damage":44.0,"enemies":"Book of Stabbing","floor":23.0,"turns":9.0},{"damage":10.0,"enemies":"Chosen","floor":24.0,"turns":7.0},{"damage":6.0,"enemies":"Snake Plant","floor":25.0,"turns":9.0},{"damage":6.0,"enemies":"Sentry and Sphere","floor":27.0,"turns":14.0},{"damage":8.0,"enemies":"3 Cultists","floor":28.0,"turns":6.0},{"damage":0.0,"enemies":"Masked Bandits","floor":30.0,"turns":2.0},{"damage":34.0,"enemies":"Slavers","floor":31.0,"turns":10.0},{"damage":12.0,"enemies":"Collector","floor":33.0,"turns":11.0},{"damage":0.0,"enemies":"Orb Walker","floor":35.0,"turns":6.0},{"damage":0,"enemies":"3 Darklings","floor":38,"turns":2},{"damage":0,"enemies":"Reptomancer","floor":40,"turns":3},{"damage":0,"enemies":"Giant Head","floor":42,"turns":6},{"damage":0,"enemies":"Nemesis","floor":44,"turns":7},{"damage":0,"enemies":"Maw","floor":45,"turns":4},{"damage":0,"enemies":"Transient","floor":46,"turns":5},{"damage":0,"enemies":"Writhing Mass","floor":47,"turns":4},{"damage":0,"enemies":"Giant Head","floor":48,"turns":3},{"damage":41,"enemies":"Donu and Deca","floor":50,"turns":5},{"damage":0,"enemies":"Shield and Spear","floor":54,"turns":1},{"damage":10,"enemies":"The Heart","floor":55,"turns":6}],"seed_played":"7026454761487942044","potions_obtained":[{"floor":2.0,"key":"EssenceOfSteel"},{"floor":2.0,"key":"Strength Potion"},{"floor":10.0,"key":"Fire Potion"},{"floor":11.0,"key":"Weak Potion"},{"floor":12.0,"key":"ColorlessPotion"},{"floor":24.0,"key":"Strength Potion"},{"floor":25.0,"key":"EssenceOfSteel"},{"floor":27.0,"key":"Energy Potion"},{"floor":31.0,"key":"SteroidPotion"},{"floor":33.0,"key":"BlessingOfTheForge"},{"floor":42,"key":"FocusPotion"},{"floor":44,"key":"FocusPotion"}],"is_trial":false,"path_per_floor":["M","?","M","?","M","R","M","R","T","M","E","M","M","E","R","B",null,"M","$","?","$","?","E","M","M","T","M","M","R","?","E","R","B",null,"M","$","?","M","?","E","R","E","T","E","M","M","M","E","R","B",null,"R","$","E","B",null],"character_chosen":"DEFECT","items_purchased":["Membership Card","Heatsinks","Swift Potion","PreservedInsect","Apotheosis","Madness","OrangePellets","InkBottle"],"campfire_rested":0,"item_purchase_floors":[21,21,21,36,36,36,53,53],"current_hp_per_floor":[36,36,30,23,19,19,28,28,28,38,34,37,33,45,45,21,62,65,65,65,65,65,31,31,45,45,49,51,51,51,27,27,25,63,73,75,66,75,75,75,75,75,75,75,75,75,75,75,75,44,67,67,75,75,75],"gold":83,"neow_bonus":"TRANSFORM_TWO_CARDS","is_daily":false,"chose_seed":false,"campfire_upgraded":7,"win_rate":0.0,"timestamp":1609778983,"path_taken":["M","?","?","?","M","R","M","R","T","M","E","M","M","E","R","BOSS","M","$","?","$","?","E","?","M","T","M","?","R","?","E","R","BOSS","M","$","?","M","?","E","R","E","T","E","M","M","M","E","R","BOSS","R","$","E","BOSS"],"items_purchased_type":["Relic","Card","Potion","Relic","Card","Card","Relic","Relic"],"build_version":"2020-12-22","purchased_purges":4,"victory":true,"max_hp_per_floor":[75,75,75,75,75,75,75,75,75,75,75,75,75,75,75,75,75,75,75,75,75,75,75,75,75,75,75,75,75,75,75,75,75,75,75,75,75,75,75,75,75,75,75,75,75,75,75,75,75,75,75,75,75,75,75],"card_choices":[{"not_picked":["Go for the Eyes","Rebound"],"picked":"Coolheaded","floor":1.0},{"not_picked":["Go for the Eyes","Capacitor"],"picked":"Defragment","floor":3.0},{"not_picked":["Rip and Tear","Streamline"],"picked":"Self Repair","floor":5.0},{"not_picked":["Tempest","Storm"],"picked":"Leap","floor":7.0},{"not_picked":["Steam","Melter"],"picked":"Force Field","floor":10.0},{"not_picked":["Hyperbeam","Gash"],"picked":"White Noise","floor":11.0},{"not_picked":["Gash","Leap","Streamline"],"picked":"SKIP","floor":12.0},{"not_picked":["Compile Driver","Melter"],"picked":"Auto Shields","floor":13.0},{"not_picked":["Cold Snap","Darkness","Melter"],"picked":"SKIP","floor":14.0},{"not_picked":["Meteor Strike","Thunder Strike"],"picked":"Biased Cognition","floor":16.0},{"not_picked":["Cold Snap","Beam Cell","White Noise"],"picked":"SKIP","floor":18.0},{"not_picked":["Hologram+1","Streamline"],"picked":"Defragment","floor":23.0},{"not_picked":["Ball Lightning","Reprogram+1"],"picked":"Glacier","floor":24.0},{"not_picked":["Streamline","Steam Power","Loop"],"picked":"SKIP","floor":25.0},{"not_picked":["Ball Lightning+1","Hologram"],"picked":"Sunder","floor":27.0},{"not_picked":["Gash","Go for the Eyes"],"picked":"Turbo","floor":28.0},{"not_picked":["Auto Shields","Rebound"],"picked":"Recycle","floor":30.0},{"not_picked":["Melter","Steam","Sweeping Beam"],"picked":"SKIP","floor":31.0},{"not_picked":["Multi-Cast","Thunder Strike"],"picked":"Electrodynamics","floor":33.0},{"not_picked":["Ball Lightning+1","Gash","Barrage"],"picked":"SKIP","floor":35.0},{"not_picked":["Recycle","Stack","Ball Lightning"],"picked":"SKIP","floor":38},{"not_picked":["Rebound+1","Leap","Echo Form"],"picked":"SKIP","floor":40},{"not_picked":["Loop","Recycle","Multi-Cast"],"picked":"SKIP","floor":42},{"not_picked":["Undo+1","Conserve Battery"],"picked":"Scrape","floor":44},{"not_picked":["Conserve Battery","Compile Driver+1"],"picked":"Heatsinks+1","floor":45},{"not_picked":["Barrage","Cold Snap","White Noise"],"picked":"SKIP","floor":46},{"not_picked":["Rebound","Storm","Melter"],"picked":"SKIP","floor":47},{"not_picked":["Storm","Conserve Battery+1"],"picked":"Coolheaded","floor":48},{"not_picked":["Turbo","Streamline","Seek"],"picked":"SKIP","floor":54}],"player_experience":727948,"relics_obtained":[{"floor":9.0,"key":"Matryoshka"},{"floor":11.0,"key":"Lantern"},{"floor":14.0,"key":"Anchor"},{"floor":23.0,"key":"Boot"},{"floor":26.0,"key":"Bag of Preparation"},{"floor":26.0,"key":"MealTicket"},{"floor":30.0,"key":"Red Mask"},{"floor":31.0,"key":"Sundial"},{"floor":40,"key":"Oddly Smooth Stone"},{"floor":42,"key":"Centennial Puzzle"},{"floor":43,"key":"Bronze Scales"},{"floor":44,"key":"MawBank"},{"floor":48,"key":"Calipers"},{"floor":54,"key":"Art of War"}],"event_choices":[{"damage_healed":0.0,"max_hp_gain":0.0,"max_hp_loss":0.0,"gold_gain":0.0,"event_name":"The Woman in Blue","player_choice":"Bought 2 Potions","floor":2.0,"gold_loss":0.0,"damage_taken":0.0},{"cards_removed":["Strike_B"],"damage_healed":0.0,"max_hp_gain":0.0,"max_hp_loss":0.0,"gold_gain":0.0,"event_name":"Golden Wing","player_choice":"Card Removal","floor":4.0,"gold_loss":0.0,"damage_taken":7.0},{"damage_healed":0.0,"max_hp_gain":0.0,"max_hp_loss":0.0,"gold_gain":0.0,"event_name":"Cursed Tome","player_choice":"Ignored","floor":20.0,"gold_loss":0.0,"damage_taken":0.0},{"damage_healed":0.0,"max_hp_gain":0.0,"max_hp_loss":0.0,"gold_gain":0.0,"cards_transformed":["Defend_B"],"event_name":"Transmorgrifier","player_choice":"Transformed","floor":22.0,"gold_loss":0.0,"damage_taken":0.0,"cards_obtained":["Leap"]},{"damage_healed":0.0,"max_hp_gain":0.0,"max_hp_loss":0.0,"gold_gain":0.0,"event_name":"Masked Bandits","player_choice":"Fought Bandits","floor":30.0,"gold_loss":0.0,"damage_taken":0.0},{"damage_healed":0,"gold_gain":0,"player_choice":"Embrace Madness","damage_taken":9,"max_hp_gain":0,"max_hp_loss":0,"event_name":"Winding Halls","floor":37,"gold_loss":0,"cards_obtained":["Madness","Madness"]},{"cards_removed":["Sunder"],"damage_healed":0,"gold_gain":0,"player_choice":"Removed Attack","damage_taken":0,"max_hp_gain":0,"max_hp_loss":0,"event_name":"Falling","floor":39,"gold_loss":0}],"is_beta":false,"boss_relics":[{"not_picked":["Inserter","SlaversCollar"],"picked":"Empty Cage"},{"not_picked":["FrozenCore","Runic Pyramid"],"picked":"Coffee Dripper"}],"items_purged_floors":[19,21,36,53],"is_endless":false,"potions_floor_spawned":[3,5,10,11,12,24,25,27,31,33,40,42,44,45,48,54],"ascension_level":12}}