{"host":"9kuc8qxv67wkis18","time":1609798936,"event":{"mods":["2.2 Compatiblity","AchievementEnabler","Aspiration","Astrologer","Bard","BaseMod","Beaked The Cultist","Bestiary","Better Note","Better Third Choice","Block Reminder","Challenge The Spire","ChefMod","Conspire","Curses Come First","GifTheSpireLib","Glutton Mod","Halation","Hermit","Highlight Path","Hubris","Infinite Spire","Jorbs\u0027s Wanderer Trilogy","Marked Mod","Melee Mod","Minty Spire (QoL Compilation)","Permanent Neow","Potionbrewer","Random Character Button","Rare Cards Sparkle","Replay The Spire","Shade Mod","Somnambulant","Spikes Relics","StSLib","Stuff the Spire","The Accelerator","The Blue Laboratory","The Caster","The Construct","The Cursed","The Disciple","The Florist","The Forsaken","The Hierophant","The Judge","The Juggle","The Jungle","The Marked","The Necromancer","The Showman","The Wild Card","TheArtist","Thieving Mod","everything is the same but u backflip on backflip","thorton","vexMod"],"gold_per_floor":[118,43,61,76,30,55,68,82,82,93,93,113,68,98,98,201,201,211,62,79,94,109,142,142,156,156,156,156,166,166,11,11,109,109,128,146,21,38,56,56,71,71,71,71,71,84,84,95,95,95,95],"floor_reached":50,"playtime":3527,"items_purged":["Strike_G","Strike_G","Strike_G","Languid"],"score":520,"play_id":"74251d4c-85dc-4952-946c-eb60b2515388","local_time":"20210104172216","is_ascension_mode":false,"campfire_choices":[{"data":"StuffTheSpire:BumpUp","floor":11,"key":"SMITH"},{"floor":15,"key":"REST"},{"floor":24,"key":"REST"},{"floor":27,"key":"REST"},{"data":"StuffTheSpire:BumpUp","floor":30,"key":"SMITH"},{"floor":32,"key":"REST"},{"floor":40,"key":"REST"},{"floor":42,"key":"REST"},{"floor":44,"key":"REST"},{"floor":49,"key":"REST"}],"circlet_count":0,"master_deck":["StuffTheSpire:BumpUp","Strike_G","Strike_G","Defend_G","Defend_G","Defend_G","Defend_G","Defend_G","Survivor","Neutralize","Flying Knee","Calculated Gamble+1","StuffTheSpire:BumpUp+1","Prepared","Choke","StuffTheSpire:BumpUp+1","Replay:Bag of Tricks+1","StuffTheSpire:BumpUp+1","Terror","Underhanded Strike+1","Phantasmal Killer","Underhanded Strike+1","A Thousand Cuts","infinitespire:Starlight","Underhanded Strike"],"relics":["Ring of the Snake","Oddly Smooth Stone","Ninja Scroll","infinitespire:CheckeredPen","Odd Mushroom","StuffTheSpire:RunicConfusion","Bird Faced Urn","Ancient Tea Set","Guide Book","CosmicIsotope","Replay:Bottled Flurry","Sozu"],"acts_visited":["Exordium","TheCity","TheBeyond"],"potions_floor_usage":[16,22,23,48,50,50],"damage_taken":[{"damage":0,"enemies":"Cultist","floor":1,"turns":5},{"damage":0,"enemies":"Jaw Worm","floor":3,"turns":5},{"damage":0,"enemies":"2 Louse","floor":4,"turns":3},{"damage":27,"enemies":"Lagavulin","floor":6,"turns":10},{"damage":0,"enemies":"Exordium Wildlife","floor":7,"turns":3},{"damage":0,"enemies":"2 Fungi Beasts","floor":8,"turns":3},{"damage":2,"enemies":"Looter","floor":10,"turns":3},{"damage":0,"enemies":"Lots of Slimes","floor":12,"turns":3},{"damage":7,"enemies":"The Mushroom Lair","floor":14,"turns":4},{"damage":27,"enemies":"Hexaghost","floor":16,"turns":9},{"damage":6,"enemies":"Shell Parasite","floor":18,"turns":5},{"damage":0,"enemies":"Spheric Guardian","floor":20,"turns":3},{"damage":6,"enemies":"3 Cultists","floor":21,"turns":5},{"damage":15,"enemies":"Snake Plant","floor":22,"turns":3},{"damage":56,"enemies":"Slavers","floor":23,"turns":6},{"damage":6,"enemies":"Cultist and Chosen","floor":25,"turns":5},{"damage":0,"enemies":"Shelled Parasite and Fungi","floor":29,"turns":4},{"damage":59,"enemies":"Automaton","floor":33,"turns":7},{"damage":9,"enemies":"Orb Walker","floor":35,"turns":2},{"damage":6,"enemies":"3 Shapes","floor":36,"turns":4},{"damage":18,"enemies":"3 Darklings","floor":38,"turns":5},{"damage":36,"enemies":"Jaw Worm Horde","floor":39,"turns":6},{"damage":18,"enemies":"4 Shapes","floor":41,"turns":7},{"damage":17,"enemies":"Spire Growth","floor":46,"turns":3},{"damage":23,"enemies":"Jaw Worm Horde","floor":48,"turns":4},{"damage":51,"enemies":"Replay:Hell Engine","floor":50,"turns":6}],"seed_played":"-1015387623199066202","potions_obtained":[{"floor":4,"key":"blueLaboratory:PyrophylliteBrew"},{"floor":6,"key":"Strength Potion"},{"floor":12,"key":"SpeedPotion"},{"floor":20,"key":"Weak Potion"},{"floor":22,"key":"blueLaboratory:FruitPreserves"},{"floor":29,"key":"blueLaboratory:EnragingPotion"},{"floor":38,"key":"potionbrewer:EndurancePotion"}],"is_trial":false,"path_per_floor":["M","$","M","M","$","E","M","M","T","M","R","M","$","?","R","B",null,"M","$","M","M","M","E","R","M","T","R","?","M","R","$","R","B",null,"M","M","$","M","M","R","M","R","T","R","?","M","AVR","M","R","B"],"character_chosen":"THE_SILENT","items_purchased":["StuffTheSpire:BumpUp","StuffTheSpire:BumpUp","StuffTheSpire:BumpUp","Guide Book"],"campfire_rested":8,"item_purchase_floors":[5,13,19,31],"current_hp_per_floor":[70,70,70,70,70,43,43,43,43,41,41,41,41,34,55,28,70,64,64,64,58,43,19,40,34,34,55,55,55,55,55,70,11,70,61,55,55,37,1,22,4,25,25,46,46,29,29,16,37,0,0],"gold":95,"neow_bonus":"RANDOM_COMMON_RELIC","is_daily":false,"chose_seed":false,"campfire_upgraded":2,"win_rate":0.0,"timestamp":1609798936,"path_taken":["M","$","M","?","?","E","M","M","T","M","R","M","$","?","R","BOSS","M","$","M","M","M","E","R","M","T","R","?","M","R","$","R","BOSS","M","M","$","M","M","R","M","R","T","R","?","M","AVR","?","R","BOSS"],"items_purchased_type":["Card","Card","Card","Relic"],"build_version":"2020-12-22","purchased_purges":4,"victory":false,"max_hp_per_floor":[70,70,70,70,70,70,70,70,70,70,70,70,70,70,70,70,70,70,70,70,70,70,70,70,70,70,70,70,70,70,70,70,70,70,70,70,70,70,70,70,70,70,70,70,70,70,70,70,70,70,70],"card_choices":[{"not_picked":["Bane","Sucker Punch"],"picked":"Flying Knee","floor":1},{"not_picked":["Bouncing Flask","Leg Sweep","Skewer"],"picked":"SKIP","floor":3},{"not_picked":["Acrobatics","Poisoned Stab"],"picked":"Calculated Gamble","floor":4},{"not_picked":["Masterful Stab","StuffTheSpire:DoubleShiv","Acrobatics"],"picked":"SKIP","floor":6},{"not_picked":["Malaise","StuffTheSpire:BrimstoneBlast"],"picked":"Prepared","floor":7},{"not_picked":["Heel Hook","Expertise","Tactician"],"picked":"SKIP","floor":8},{"not_picked":["StuffTheSpire:Python","Deadly Poison","Dodge and Roll"],"picked":"SKIP","floor":10},{"not_picked":["hubris:SlightOfHand","Replay:Poison Smokescreen"],"picked":"Choke","floor":12},{"not_picked":["Tools of the Trade","Burst"],"picked":"Replay:Bag of Tricks","floor":16},{"not_picked":["Bane","Acrobatics","hubris:Counter"],"picked":"SKIP","floor":18},{"not_picked":["ReplayTheSpireMod:Scrap Shanks","Dash"],"picked":"Terror","floor":20},{"not_picked":["Dodge and Roll+1","Dagger Spray","Dagger Throw"],"picked":"SKIP","floor":21},{"not_picked":["Bouncing Flask","Dagger Spray","Dodge and Roll"],"picked":"SKIP","floor":22},{"not_picked":["Heel Hook+1","StuffTheSpire:Shiver","Toxin Wave"],"picked":"SKIP","floor":23},{"not_picked":["Toxin Wave","Fluid Movement+1","hubris:SlightOfHand"],"picked":"SKIP","floor":25},{"not_picked":["Leg Sweep+1","Deflect"],"picked":"Underhanded Strike+1","floor":29},{"not_picked":["Poison Darts","Burst"],"picked":"Phantasmal Killer","floor":33},{"not_picked":["Draining Mist","Deflect+1","Dodge and Roll"],"picked":"SKIP","floor":35},{"not_picked":["Slice+1","Expertise+1","StuffTheSpire:ClusterCrunch+1"],"picked":"SKIP","floor":36},{"not_picked":["Dagger Spray","hubris:Counter+1","Reflex"],"picked":"SKIP","floor":38},{"not_picked":["Backflip","Dagger Throw","Hidden Blade"],"picked":"SKIP","floor":39},{"not_picked":["PiercingWail","StuffTheSpire:ClusterCrunch"],"picked":"Underhanded Strike+1","floor":41},{"not_picked":["InfectiousVector+1","StuffTheSpire:Injection+1","Masterful Stab+1"],"picked":"SKIP","floor":46},{"not_picked":["Distraction","Sucker Punch"],"picked":"Underhanded Strike","floor":48}],"player_experience":172859,"relics_obtained":[{"floor":6,"key":"Ninja Scroll"},{"floor":9,"key":"infinitespire:CheckeredPen"},{"floor":14,"key":"Odd Mushroom"},{"floor":23,"key":"Bird Faced Urn"},{"floor":26,"key":"Ancient Tea Set"},{"floor":43,"key":"Replay:Bottled Flurry"}],"event_choices":[{"damage_healed":0,"gold_gain":0,"player_choice":"Fought Mushrooms","damage_taken":0,"max_hp_gain":0,"max_hp_loss":0,"event_name":"Mushrooms","floor":14,"gold_loss":0},{"damage_healed":0,"gold_gain":0,"player_choice":"Forge","damage_taken":0,"max_hp_gain":0,"max_hp_loss":0,"event_name":"Accursed Blacksmith","floor":28,"gold_loss":0,"cards_upgraded":["StuffTheSpire:BumpUp"]},{"damage_healed":0,"gold_gain":0,"player_choice":"2 cards matched","damage_taken":0,"max_hp_gain":0,"max_hp_loss":0,"event_name":"Match and Keep!","floor":45,"gold_loss":0,"cards_obtained":["A Thousand Cuts","Languid"]}],"is_beta":false,"boss_relics":[{"not_picked":["halation:HeavySnake","Ring of Chaos"],"picked":"StuffTheSpire:RunicConfusion"},{"not_picked":["halation:ForbiddenBikini","Replay:Fungal Core"],"picked":"CosmicIsotope"}],"items_purged_floors":[2,19,37,47],"is_endless":false,"potions_floor_spawned":[4,6,12,14,20,22,29,38,39,41,48],"killed_by":"Replay:Hell Engine","ascension_level":0}}