{"host":"J","time":1609758654,"event":{"mods":["AchievementEnabler","BaseMod","Block Reminder","Highlight Path","Minty Spire (QoL Compilation)","Permanent Neow","Quick Restart","Relic Stats","UnlockEverythingMod"],"gold_per_floor":[118,129,141,151,151,151,181,181,181,198,198,211,211,236,236,313,313,323,323,323,323,343,343,343,376,376,243,243,243,243],"floor_reached":29,"playtime":3571,"items_purged":["Strike_B"],"score":602,"play_id":"d873f10e-bce2-4964-b882-74832357c9b6","local_time":"20210104121054","is_ascension_mode":true,"campfire_choices":[{"data":"Zap","floor":6.0,"key":"SMITH"},{"data":"Electrodynamics","floor":8.0,"key":"SMITH"},{"data":"Static Discharge","floor":11.0,"key":"SMITH"},{"data":"Dualcast","floor":13.0,"key":"SMITH"},{"data":"Undo","floor":15.0,"key":"SMITH"},{"data":"Creative AI","floor":23.0,"key":"SMITH"},{"floor":28,"key":"REST"}],"circlet_count":0,"master_deck":["AscendersBane","Strike_B","Defend_B","Defend_B+1","Defend_B","Zap+1","Dualcast+1","Biased Cognition+1","Echo Form+1","Compile Driver+1","Conserve Battery+1","Glacier+1","Ball Lightning+1","Electrodynamics+1","Static Discharge+1","Rainbow","Undo+1","Creative AI+1","Compile Driver","Self Repair","Conserve Battery","Coolheaded"],"relics":["Astrolabe","War Paint","White Beast Statue","Prayer Wheel","Black Star","MutagenicStrength","Lantern","Boot","TungstenRod"],"acts_visited":["Exordium","TheCity"],"potions_floor_usage":[25,25],"damage_taken":[{"damage":6.0,"enemies":"2 Louse","floor":1.0,"turns":3.0},{"damage":8.0,"enemies":"Small Slimes","floor":2.0,"turns":3.0},{"damage":2.0,"enemies":"Jaw Worm","floor":3.0,"turns":4.0},{"damage":10.0,"enemies":"3 Louse","floor":4.0,"turns":6.0},{"damage":0.0,"enemies":"Lagavulin","floor":7.0,"turns":4.0},{"damage":0.0,"enemies":"Blue Slaver","floor":10.0,"turns":2.0},{"damage":0.0,"enemies":"Large Slime","floor":12.0,"turns":2.0},{"damage":0.0,"enemies":"3 Sentries","floor":14.0,"turns":1.0},{"damage":6.0,"enemies":"Hexaghost","floor":16.0,"turns":5.0},{"damage":12.0,"enemies":"2 Thieves","floor":18.0,"turns":2.0},{"damage":1.0,"enemies":"Spheric Guardian","floor":22.0,"turns":3.0},{"damage":20,"enemies":"Slavers","floor":25,"turns":3},{"damage":16,"enemies":"Book of Stabbing","floor":29,"turns":2}],"seed_played":"-2398100634052422987","potions_obtained":[{"floor":2.0,"key":"Regen Potion"},{"floor":3.0,"key":"FocusPotion"},{"floor":7.0,"key":"DistilledChaos"},{"floor":10.0,"key":"AttackPotion"},{"floor":12.0,"key":"FearPotion"},{"floor":14.0,"key":"PowerPotion"},{"floor":16.0,"key":"Ancient Potion"},{"floor":18.0,"key":"ColorlessPotion"},{"floor":22.0,"key":"Weak Potion"},{"floor":25,"key":"GamblersBrew"}],"is_trial":false,"path_per_floor":["M","M","M","M","?","R","E","R","T","M","R","M","R","E","R","B",null,"M","?","?","?","M","R","T","E","T","$","R","E"],"character_chosen":"DEFECT","items_purchased":["Coolheaded"],"campfire_rested":1,"item_purchase_floors":[27],"current_hp_per_floor":[58,50,48,53,32,32,32,32,32,32,32,32,32,32,32,26,60,48,48,28,28,27,27,27,7,7,7,29,13,13],"gold":243,"neow_bonus":"BOSS_RELIC","is_daily":false,"chose_seed":false,"campfire_upgraded":6,"win_rate":0.0,"timestamp":1609758654,"path_taken":["M","M","M","M","?","R","E","R","T","M","R","M","R","E","R","BOSS","M","?","?","?","M","R","?","E","T","$","R","E"],"items_purchased_type":["Card"],"build_version":"2020-12-18","purchased_purges":1,"victory":false,"max_hp_per_floor":[71,71,71,71,71,71,71,71,71,71,71,71,71,71,71,71,71,71,71,76,76,76,76,76,76,76,76,76,76,76],"relic_stats":{"counters":[13,40],"Astrolabe":["Biased Cognition","Echo Form","Compile Driver"],"Prayer Wheel":2,"Black Star":1,"War Paint":["Conserve Battery","Glacier"],"Boot":[0],"obtain_stats":[{"Lantern":25,"Astrolabe":0,"MutagenicStrength":21,"Prayer Wheel":14,"Black Star":17,"War Paint":7,"Cracked Core":0,"Boot":25,"White Beast Statue":9,"TungstenRod":26},{"Lantern":12,"Astrolabe":0,"MutagenicStrength":10,"Prayer Wheel":8,"Black Star":9,"War Paint":5,"Cracked Core":0,"Boot":12,"White Beast Statue":5,"TungstenRod":12},{"Lantern":38,"Astrolabe":0,"MutagenicStrength":32,"Prayer Wheel":25,"Black Star":30,"War Paint":20,"Cracked Core":0,"Boot":38,"White Beast Statue":20,"TungstenRod":38}],"TungstenRod":2},"card_choices":[{"not_picked":["Steam","Force Field"],"picked":"Conserve Battery","floor":1.0},{"not_picked":["White Noise","Redo"],"picked":"Glacier","floor":2.0},{"not_picked":["Beam Cell","Rebound","Gash"],"picked":"SKIP","floor":3.0},{"not_picked":["Compile Driver","FTL"],"picked":"Ball Lightning","floor":4.0},{"not_picked":["Sweeping Beam","Stack"],"picked":"Electrodynamics","floor":7.0},{"not_picked":["Turbo","Conserve Battery"],"picked":"Static Discharge","floor":10.0},{"not_picked":["Ball Lightning","Sweeping Beam"],"picked":"Rainbow","floor":12.0},{"not_picked":["Go for the Eyes","Barrage"],"picked":"Undo","floor":14.0},{"not_picked":["Hyperbeam","All For One"],"picked":"Creative AI","floor":16.0},{"not_picked":["Steam Power","Melter"],"picked":"Compile Driver","floor":18.0},{"not_picked":["Gash","Turbo","Hologram"],"picked":"SKIP","floor":18.0},{"not_picked":["Cold Snap","Gash"],"picked":"Self Repair","floor":22.0},{"not_picked":["Stack","Barrage","Rebound"],"picked":"SKIP","floor":22.0},{"not_picked":["Turbo","Rebound"],"picked":"Conserve Battery","floor":25}],"player_experience":284215,"relics_obtained":[{"floor":7.0,"key":"War Paint"},{"floor":9.0,"key":"White Beast Statue"},{"floor":14.0,"key":"Prayer Wheel"},{"floor":25,"key":"Lantern"},{"floor":25,"key":"Boot"},{"floor":26,"key":"TungstenRod"}],"event_choices":[{"damage_healed":0.0,"max_hp_gain":0.0,"max_hp_loss":0.0,"gold_gain":0.0,"event_name":"Shining Light","player_choice":"Entered Light","floor":5.0,"gold_loss":0.0,"damage_taken":21.0,"cards_upgraded":["Ball Lightning","Defend_B"]},{"damage_healed":0.0,"max_hp_gain":0.0,"max_hp_loss":0.0,"gold_gain":0.0,"event_name":"Vampires","player_choice":"Ignored","floor":19.0,"gold_loss":0.0,"damage_taken":0.0},{"damage_healed":0.0,"max_hp_gain":5.0,"max_hp_loss":0.0,"gold_gain":0.0,"event_name":"Forgotten Altar","player_choice":"Shed Blood","floor":20.0,"gold_loss":0.0,"damage_taken":25.0},{"damage_healed":0.0,"max_hp_gain":0.0,"max_hp_loss":0.0,"gold_gain":0.0,"event_name":"Drug Dealer","player_choice":"Inject Mutagens","floor":21.0,"gold_loss":0.0,"damage_taken":0.0,"relics_obtained":["MutagenicStrength"]}],"is_beta":true,"boss_relics":[{"not_picked":["Empty Cage","Runic Pyramid"],"picked":"Black Star"}],"items_purged_floors":[27],"is_endless":false,"potions_floor_spawned":[2,3,7,10,12,14,16,18,22,25],"killed_by":"Book of Stabbing","ascension_level":20}}