{"host":"5fasz840ryq7obdf","time":1609781846,"event":{"mods":["2.2 Compatiblity","AchievementEnabler","BaseMod","Bestiary","Better Altar","Better Skull","Better Third Choice","BetterRewards","Block Reminder","Colored Powertips","Curses Come First","Downfall","Minty Spire (QoL Compilation)","Quick Restart","Relic Sorter","Relic Stats","Shop Mod","Spicy Shops","StSLib","SuperFastMode","ojb\u0027s Better Paths Mod","ojb\u0027s Info Mod"],"gold_per_floor":[99,109,119,132,45,372,372,0,100,126,126,140,160,190,204,301,301,301,314,314,414,433,533,559,587,657,721,734,752,752,752,752],"floor_reached":30,"playtime":3950,"items_purged":[],"score":419,"play_id":"172f2eee-60ad-4517-8de3-a8f6bd31f16c","local_time":"20210104173726","is_ascension_mode":true,"campfire_choices":[{"data":"champ:Taunt","floor":1.0,"key":"SMITH"},{"data":"champ:EndlessRage","floor":11.0,"key":"SMITH"},{"data":"champ:DefensiveStyle","floor":18.0,"key":"SMITH"}],"circlet_count":0,"master_deck":["champ:Strike","champ:Strike","champ:Defend","champ:Execute","champ:Taunt+1","champ:MurderStrike","champ:BringItOn","champ:ArenaPreparation","champ:FanOfKnives","champ:ShieldWall","champ:DefensiveStyle+1","champ:EndlessRage+1","champ:IronFortress","champ:CalledShot","champ:AdrenalArmor","champ:HeartStrike","champ:Backstep","champ:FlashCut","champ:DefensiveShout","champ:GutPunch","champ:ShieldSlam","champ:CalledShot+1","champ:Encircle+1","champ:Aggression+1","champ:StanceDance+1","champ:MurderStrike","champ:Shatter","J.A.X.","champ:BerserkersShout","champ:RageSigil","champ:EndlessRage","champ:SwordThrow","champ:Circumvent","champ:GladiatorStyle","champ:Lariat"],"relics":["champ:ChampionCrown","Old Coin","Thread and Needle","champ:SpectersHand","Pear","Astrolabe","downfall:RedIOU","MutagenicStrength","downfall:CloakOfManyFaces","CultistMask","FaceOfCleric","NlothsMask","GremlinMask","SsserpentHead","Blood Vial"],"acts_visited":["Exordium","TheCity"],"potions_floor_usage":[26,29],"damage_taken":[{"damage":18.0,"enemies":"Cultist","floor":2.0,"turns":6.0},{"damage":7.0,"enemies":"Jaw Worm","floor":3.0,"turns":3.0},{"damage":5.0,"enemies":"Small Slimes","floor":4.0,"turns":3.0},{"damage":32.0,"enemies":"downfall:FleeingMerchant","floor":5.0,"turns":4.0},{"damage":33.0,"enemies":"Gremlin Nob","floor":6.0,"turns":7.0},{"damage":10.0,"enemies":"downfall:FleeingMerchant","floor":8.0,"turns":4.0},{"damage":12.0,"enemies":"Lagavulin","floor":10.0,"turns":7.0},{"damage":15.0,"enemies":"Exordium Thugs","floor":12.0,"turns":3.0},{"damage":31.0,"enemies":"Gremlin Gang","floor":13.0,"turns":5.0},{"damage":49.0,"enemies":"Gremlin Nob","floor":14.0,"turns":5.0},{"damage":10.0,"enemies":"3 Louse","floor":15.0,"turns":3.0},{"damage":24.0,"enemies":"downfall:Silent","floor":16.0,"turns":10.0},{"damage":51.0,"enemies":"3 Byrds","floor":19.0,"turns":5.0},{"damage":30.0,"enemies":"downfall:Augmenter","floor":21.0,"turns":5.0},{"damage":20.0,"enemies":"Shell Parasite","floor":22.0,"turns":3.0},{"damage":40.0,"enemies":"downfall:FaceTrader","floor":23.0,"turns":6.0},{"damage":29.0,"enemies":"Slavers","floor":25.0,"turns":3.0},{"damage":19,"enemies":"3 Cultists","floor":26,"turns":5},{"damage":14,"enemies":"Centurion and Healer","floor":27,"turns":6},{"damage":11,"enemies":"Shelled Parasite and Fungi","floor":28,"turns":5},{"damage":14,"enemies":"Snake Plant","floor":29,"turns":3},{"damage":19,"enemies":"Centurion and Healer","floor":30,"turns":2}],"seed_played":"264664950423210912","potions_obtained":[{"floor":2.0,"key":"Ancient Potion"},{"floor":6.0,"key":"Dexterity Potion"},{"floor":10.0,"key":"LiquidBronze"},{"floor":12.0,"key":"CultistPotion"},{"floor":16.0,"key":"champ:TechniquePotion"},{"floor":22.0,"key":"SpeedPotion"},{"floor":23.0,"key":"PowerPotion"},{"floor":25.0,"key":"Guardian:BlockOnCardUsePotion"},{"floor":28,"key":"AttackPotion"}],"is_trial":false,"path_per_floor":["R","M","M","M","$","E","T","$","?","E","R","M","M","E","M","B",null,"R","M","?","?","M","?","T","E","M","M","M","M","M"],"character_chosen":"THE_CHAMP","items_purchased":["champ:DefensiveStyle","champ:SpectersHand","champ:CalledShot","champ:AdrenalArmor"],"campfire_rested":0,"item_purchase_floors":[5,8,8,8],"current_hp_per_floor":[90,82,80,80,80,63,63,63,63,73,73,70,53,22,19,2,100,100,66,66,47,47,30,30,18,13,10,13,12,0,0,0],"gold":752,"neow_bonus":"ONE_RANDOM_RARE_CARD","is_daily":false,"chose_seed":false,"campfire_upgraded":3,"win_rate":0.0,"timestamp":1609781846,"path_taken":["R","M","M","M","$","E","T","$","?","E","R","M","M","E","M","BOSS","R","M","?","?","M","?","T","E","?","?","M","M","M"],"items_purchased_type":["Card","Relic","Card","Card"],"build_version":"2020-12-22","purchased_purges":0,"victory":false,"max_hp_per_floor":[90,90,90,90,90,90,90,90,90,100,100,100,100,100,100,100,100,100,100,100,100,100,100,100,101,102,103,104,105,105,105,105],"relic_stats":{"Blood Vial":10,"SsserpentHead":100,"FaceOfCleric":5,"counters":[22,103],"Astrolabe":["champ:CalledShot","champ:Encircle","champ:Aggression"],"obtain_stats":[{"Pear":10,"Astrolabe":17,"Oddly Smooth Stone":14,"champ:ChampionCrown":0,"Thread and Needle":7,"GremlinMask":23,"Old Coin":6,"Blood Vial":25,"SsserpentHead":23,"FaceOfCleric":23,"MutagenicStrength":21,"downfall:RedIOU":20,"CultistMask":23,"downfall:CloakOfManyFaces":23,"champ:SpectersHand":8,"NlothsMask":23},{"Pear":7,"Astrolabe":12,"Oddly Smooth Stone":10,"champ:ChampionCrown":0,"Thread and Needle":5,"GremlinMask":16,"Old Coin":5,"Blood Vial":17,"SsserpentHead":16,"FaceOfCleric":16,"MutagenicStrength":14,"downfall:RedIOU":13,"CultistMask":16,"downfall:CloakOfManyFaces":16,"champ:SpectersHand":6,"NlothsMask":16},{"Pear":34,"Astrolabe":60,"Oddly Smooth Stone":47,"champ:ChampionCrown":0,"Thread and Needle":23,"GremlinMask":79,"Old Coin":23,"Blood Vial":82,"SsserpentHead":79,"FaceOfCleric":79,"MutagenicStrength":70,"downfall:RedIOU":65,"CultistMask":79,"downfall:CloakOfManyFaces":79,"champ:SpectersHand":27,"NlothsMask":79}]},"card_choices":[{"not_picked":["champ:FanOfKnives","champ:AdrenalArmor"],"picked":"champ:BringItOn","floor":2.0},{"not_picked":["champ:TornadoPunch","champ:PerfectedStrike"],"picked":"champ:ArenaPreparation","floor":3.0},{"not_picked":["champ:BladeFlurry","champ:RapidStrikes"],"picked":"champ:FanOfKnives","floor":4.0},{"not_picked":["champ:FanOfKnives","champ:CrookedStrike"],"picked":"champ:ShieldWall","floor":5.0},{"not_picked":["champ:GladiatorsShout","champ:FanOfKnives"],"picked":"champ:EndlessRage","floor":6.0},{"not_picked":["champ:Riposte","champ:RapidStrikes"],"picked":"champ:IronFortress","floor":8.0},{"not_picked":["champ:Duel","champ:StanceDance"],"picked":"champ:HeartStrike","floor":10.0},{"not_picked":["champ:FalseCounter","champ:SkillfulDodge"],"picked":"champ:Backstep","floor":12.0},{"not_picked":["champ:Backstep","champ:PerfectedStrike"],"picked":"champ:FlashCut","floor":13.0},{"not_picked":["champ:FaceSlap","champ:Aggression"],"picked":"champ:DefensiveShout","floor":14.0},{"not_picked":["champ:FightOn","champ:FocusedDefense"],"picked":"champ:GutPunch","floor":15.0},{"not_picked":["champ:MurderStrike","champ:CheapShot"],"picked":"champ:ShieldSlam","floor":16.0},{"not_picked":["champ:BerserkersShout+1","champ:RageSigil+1"],"picked":"champ:StanceDance+1","floor":19.0},{"not_picked":[],"picked":"J.A.X.","floor":21.0},{"not_picked":["champ:PerfectedStrike","champ:RapidStrikes+1"],"picked":"champ:BerserkersShout","floor":21.0},{"not_picked":["champ:TornadoPunch","champ:DefensiveShout"],"picked":"champ:RageSigil","floor":22.0},{"not_picked":["champ:PreciseThrust+1","champ:Haymaker"],"picked":"champ:EndlessRage","floor":23.0},{"not_picked":["champ:CrookedStrike","champ:BerserkersShout"],"picked":"champ:SwordThrow","floor":25.0},{"not_picked":["champ:TornadoPunch+1","champ:Circumvent","champ:FlashCut"],"picked":"SKIP","floor":26},{"not_picked":["champ:DefensiveStyle+1","champ:TornadoPunch"],"picked":"champ:Circumvent","floor":27},{"not_picked":["champ:HeartStrike","champ:GladiatorsShout"],"picked":"champ:GladiatorStyle","floor":28},{"not_picked":["champ:RageSigil","champ:EnragedBash"],"picked":"champ:Lariat","floor":29}],"player_experience":1491201,"relics_obtained":[{"floor":6.0,"key":"Old Coin"},{"floor":7.0,"key":"Thread and Needle"},{"floor":10.0,"key":"Pear"},{"floor":14.0,"key":"Oddly Smooth Stone"},{"floor":21.0,"key":"MutagenicStrength"},{"floor":23.0,"key":"downfall:CloakOfManyFaces"},{"floor":25.0,"key":"Blood Vial"}],"event_choices":[],"is_beta":false,"boss_relics":[{"not_picked":["Runic Pyramid","Runic Dome"],"picked":"Astrolabe"}],"items_purged_floors":[],"is_endless":false,"potions_floor_spawned":[2,6,10,12,16,22,23,25,28],"killed_by":"Centurion and Healer","ascension_level":3}}