{"host":"9w1j3v3kvq5208ps","time":1609773066,"event":{"mods":["2.2 Compatiblity","BaseMod","CapriCore","Colored Map","DeckTracker","Highlight Path","Keyboard Shortcuts","Minty Spire (QoL Compilation)","Permanent Neow","Quick Restart","StSLib","SuperFastMode","The Immortal","everything is the same but u backflip on backflip"],"gold_per_floor":[117,131,131,142,4,4,104,104,155,169,188,199,218,17,17,115,115,115,133,151,170,28,28,54,54,81,81,106,106,123,26,26,26,26],"floor_reached":33,"playtime":1917,"items_purged":["Defend_R"],"score":334,"play_id":"eb02b965-210f-433d-91a9-4dd927b3a2aa","local_time":"20210105001106","is_ascension_mode":true,"campfire_choices":[{"data":"Power Through","floor":6,"key":"SMITH"},{"data":"Feel No Pain","floor":8,"key":"SMITH"},{"data":"Dark Embrace","floor":15,"key":"SMITH"},{"data":"Infernal Blade","floor":23,"key":"SMITH"},{"data":"Fiend Fire","floor":27,"key":"SMITH"},{"data":"Pommel Strike","floor":29,"key":"SMITH"},{"data":"Evolve","floor":32,"key":"SMITH"}],"circlet_count":0,"master_deck":["Strike_R","Strike_R","Strike_R","Defend_R","Defend_R","Bash","Power Through+1","Feel No Pain+1","Impervious+1","Second Wind+1","Sever Soul","Infernal Blade+1","Dark Embrace+1","Shrug It Off","Fiend Fire+1","Exhume+1","Seeing Red+1","Shockwave+1","Body Slam+1","Armaments+1","Evolve+1","Pommel Strike+1","Dropkick","Warcry"],"relics":["Burning Blood","NeowsBlessing","Gremlin Horn","Anchor","Astrolabe","War Paint","Blood Vial","Strawberry","Magic Flower"],"acts_visited":["Exordium","TheCity"],"potions_floor_usage":[12,16,18,21,24,30,33],"damage_taken":[{"damage":0,"enemies":"Cultist","floor":1,"turns":1},{"damage":0,"enemies":"Small Slimes","floor":2,"turns":1},{"damage":0,"enemies":"2 Louse","floor":4,"turns":1},{"damage":11,"enemies":"Red Slaver","floor":10,"turns":5},{"damage":6,"enemies":"Exordium Wildlife","floor":11,"turns":5},{"damage":10,"enemies":"Gremlin Gang","floor":12,"turns":6},{"damage":0,"enemies":"Blue Slaver","floor":13,"turns":3},{"damage":32,"enemies":"Slime Boss","floor":16,"turns":11},{"damage":27,"enemies":"Spheric Guardian","floor":18,"turns":8},{"damage":2,"enemies":"Chosen","floor":19,"turns":3},{"damage":0,"enemies":"Centurion and Healer","floor":20,"turns":4},{"damage":4,"enemies":"Snake Plant","floor":21,"turns":4},{"damage":11,"enemies":"Gremlin Leader","floor":24,"turns":5},{"damage":0,"enemies":"Book of Stabbing","floor":28,"turns":5},{"damage":0,"enemies":"3 Cultists","floor":30,"turns":3},{"damage":93,"enemies":"Automaton","floor":33,"turns":14}],"seed_played":"1695090327205435312","potions_obtained":[{"floor":2,"key":"SteroidPotion"},{"floor":10,"key":"Strength Potion"},{"floor":11,"key":"CultistPotion"},{"floor":12,"key":"SmokeBomb"},{"floor":21,"key":"Fire Potion"},{"floor":28,"key":"SkillPotion"},{"floor":30,"key":"DistilledChaos"}],"is_trial":false,"path_per_floor":["M","M","?","M","$","R","?","R","T","M","M","M","M","$","R","B",null,"M","M","M","M","$","R","E","?","T","R","E","R","M","?","R","B"],"character_chosen":"IRONCLAD","items_purchased":["Power Through","Feel No Pain","Infernal Blade","Dark Embrace","Shrug It Off","Evolve"],"campfire_rested":0,"item_purchase_floors":[5,5,14,14,14,22],"current_hp_per_floor":[80,80,73,79,79,79,79,79,79,74,74,70,76,76,76,50,80,59,63,69,71,71,71,66,71,71,71,86,86,87,87,87,0,0],"gold":26,"neow_bonus":"THREE_ENEMY_KILL","is_daily":false,"chose_seed":false,"campfire_upgraded":7,"win_rate":0.0,"timestamp":1609773066,"path_taken":["M","M","?","M","$","R","?","R","T","M","M","M","M","$","R","BOSS","M","M","?","M","$","R","E","?","T","R","E","R","?","?","R","BOSS"],"items_purchased_type":["Card","Card","Card","Card","Card","Card"],"build_version":"2020-12-22","purchased_purges":1,"victory":false,"max_hp_per_floor":[80,80,80,80,80,80,80,80,80,80,80,80,80,80,80,80,80,80,80,80,80,80,80,80,80,80,80,87,87,87,87,87,87,87],"card_choices":[{"not_picked":["Clothesline","Thunderclap","Blood for Blood"],"picked":"SKIP","floor":1},{"not_picked":["Headbutt","Anger","True Grit"],"picked":"SKIP","floor":2},{"not_picked":["Second Wind","Flex"],"picked":"Perfected Strike","floor":4},{"not_picked":["Headbutt","Disarm"],"picked":"Impervious","floor":10},{"not_picked":["Iron Wave","Intimidate","Anger"],"picked":"SKIP","floor":11},{"not_picked":["Sword Boomerang","Headbutt"],"picked":"Second Wind","floor":12},{"not_picked":["Flex","Dual Wield"],"picked":"Sever Soul","floor":13},{"not_picked":["Bludgeon","Feed"],"picked":"Fiend Fire","floor":16},{"not_picked":["Twin Strike","Shockwave"],"picked":"Body Slam+1","floor":19},{"not_picked":["Spot Weakness","Havoc+1","Armaments"],"picked":"SKIP","floor":20},{"not_picked":["Iron Wave","Flex"],"picked":"Armaments+1","floor":21},{"not_picked":["Sword Boomerang+1","Flame Barrier"],"picked":"Pommel Strike","floor":24},{"not_picked":["Twin Strike","Sword Boomerang"],"picked":"Dropkick","floor":28},{"not_picked":["Armaments","True Grit+1"],"picked":"Warcry","floor":30}],"player_experience":201352,"relics_obtained":[{"floor":9,"key":"Anchor"},{"floor":24,"key":"War Paint"},{"floor":26,"key":"Blood Vial"},{"floor":28,"key":"Strawberry"}],"event_choices":[{"damage_healed":0,"gold_gain":0,"player_choice":"Success","damage_taken":7,"relics_obtained":["Gremlin Horn"],"max_hp_gain":0,"max_hp_loss":0,"event_name":"Scrap Ooze","floor":3,"gold_loss":0},{"damage_healed":0,"gold_gain":100,"player_choice":"Pray","damage_taken":0,"max_hp_gain":0,"max_hp_loss":0,"event_name":"Golden Shrine","floor":7,"gold_loss":0},{"cards_removed":["Perfected Strike"],"damage_healed":5,"gold_gain":0,"player_choice":"Offered Common","damage_taken":0,"max_hp_gain":0,"max_hp_loss":0,"event_name":"Bonfire Elementals","floor":25,"gold_loss":0},{"cards_removed":["Perfected Strike"],"damage_healed":5,"gold_gain":0,"player_choice":"Offered Special","damage_taken":0,"max_hp_gain":0,"max_hp_loss":0,"event_name":"Bonfire Elementals","floor":25,"gold_loss":0},{"damage_healed":0,"gold_gain":0,"player_choice":"Paid Gold","damage_taken":0,"relics_obtained":["Magic Flower"],"max_hp_gain":0,"max_hp_loss":0,"event_name":"WeMeetAgain","floor":31,"gold_loss":97}],"is_beta":false,"boss_relics":[{"not_picked":["Black Star","Velvet Choker"],"picked":"Astrolabe"}],"items_purged_floors":[22],"is_endless":false,"potions_floor_spawned":[2,10,11,12,18,21,28,30],"killed_by":"Automaton","ascension_level":2}}