{"host":"ifd7sfhtlbe34qll","time":1609803352,"event":{"mods":["2.2 Compatiblity","Act Like it!","BaseMod","Block Reminder","Colored Map","Curses Come First","Downfall","Highlight Path","Minty Spire (QoL Compilation)","Potion Indicator Mod","Quick Restart","Random Character Button","Relic Stats","StSLib"],"gold_per_floor":[99,99,99,99,99,99,126,138,167,167,167,186,186,196,215,287,287,287,306,306,306,306],"floor_reached":20,"playtime":1228,"items_purged":[],"score":340,"play_id":"2b7acb25-3bb2-4d12-a7d5-20128bb254d1","local_time":"20210104173552","is_ascension_mode":true,"campfire_choices":[{"data":"champ:Execute","floor":1.0,"key":"SMITH"},{"data":"champ:EnragedBash","floor":6.0,"key":"SMITH"},{"floor":11,"key":"REST"},{"data":"champ:StanceDance","floor":13,"key":"SMITH"},{"data":"champ:Taunt","floor":18,"key":"SMITH"}],"circlet_count":0,"master_deck":["AscendersBane","champ:Strike","champ:Strike","champ:Strike","champ:Defend","champ:Defend","champ:Defend","champ:Defend","champ:Execute+1","champ:Taunt+1","champ:DefensiveStyle","champ:StanceDance+1","champ:EnragedBash+1","champ:RageSigil","champ:EnGarde","champ:AdrenalArmor","champ:BerserkerStyle","champ:Duel","champ:EnchantSword","CurseOfTheBell","champ:ShieldSigil+1"],"relics":["champ:ChampionCrown","downfall:HeartsMalice","Orichalcum","Regal Pillow","champ:LiftRelic","Calling Bell","Akabeko","champ:SpectersHand","Du-Vu Doll"],"acts_visited":["Exordium","TheCity"],"potions_floor_usage":[20],"damage_taken":[{"damage":0.0,"enemies":"Small Slimes","floor":2.0,"turns":1.0},{"damage":0.0,"enemies":"Cultist","floor":4.0,"turns":1.0},{"damage":0.0,"enemies":"2 Louse","floor":5.0,"turns":1.0},{"damage":36.0,"enemies":"Large Slime","floor":8.0,"turns":6.0},{"damage":41.0,"enemies":"3 Sentries","floor":9.0,"turns":9.0},{"damage":3,"enemies":"Exordium Wildlife","floor":12,"turns":2},{"damage":12,"enemies":"Gremlin Gang","floor":14,"turns":3},{"damage":17,"enemies":"Large Slime","floor":15,"turns":5},{"damage":89,"enemies":"ArchetypeAct1Statuses","floor":16,"turns":10},{"damage":20,"enemies":"Shell Parasite","floor":19,"turns":5},{"damage":63,"enemies":"Shelled Parasite and Fungi","floor":20,"turns":6}],"seed_played":"1944105217472190523","potions_obtained":[{"floor":12,"key":"SteroidPotion"},{"floor":14,"key":"Fire Potion"}],"is_trial":false,"path_per_floor":["R","M","?","M","M","R","T","M","E","?","R","M","R","M","M","B",null,"R","M","M"],"character_chosen":"THE_CHAMP","items_purchased":[],"campfire_rested":1,"item_purchase_floors":[],"current_hp_per_floor":[73,73,73,73,73,73,73,62,38,38,77,74,74,73,73,24,67,67,63,0,0,0],"gold":306,"neow_bonus":"THREE_ENEMY_KILL","is_daily":false,"chose_seed":false,"campfire_upgraded":4,"win_rate":0.0,"timestamp":1609803352,"path_taken":["R","M","?","M","?","R","T","M","E","?","R","M","R","M","M","BOSS","R","M","M"],"items_purchased_type":[],"build_version":"2020-12-22","purchased_purges":0,"victory":false,"max_hp_per_floor":[81,81,81,81,81,81,81,81,81,81,81,81,81,81,81,81,81,81,81,81,81,81],"relic_stats":{"Regal Pillow":15,"counters":[11,46],"Orichalcum":[42],"obtain_stats":[{"Calling Bell":17,"Du-Vu Doll":17,"Regal Pillow":9,"champ:LiftRelic":10,"champ:ChampionCrown":0,"downfall:HeartsMalice":0,"Orichalcum":7,"Akabeko":17,"champ:SpectersHand":17},{"Calling Bell":9,"Du-Vu Doll":9,"Regal Pillow":5,"champ:LiftRelic":5,"champ:ChampionCrown":0,"downfall:HeartsMalice":0,"Orichalcum":3,"Akabeko":9,"champ:SpectersHand":9},{"Calling Bell":35,"Du-Vu Doll":35,"Regal Pillow":15,"champ:LiftRelic":15,"champ:ChampionCrown":0,"downfall:HeartsMalice":0,"Orichalcum":0,"Akabeko":35,"champ:SpectersHand":35}]},"card_choices":[{"not_picked":["champ:PreciseThrust","champ:BerserkersShout"],"picked":"champ:DefensiveStyle","floor":2.0},{"not_picked":["champ:FocusedBerserking","champ:CrownThrow"],"picked":"champ:StanceDance","floor":4.0},{"not_picked":["champ:SetATrap","champ:BringItOn"],"picked":"champ:EnragedBash","floor":5.0},{"not_picked":["champ:SetATrap","champ:PreemptiveStrike"],"picked":"champ:RageSigil","floor":8.0},{"not_picked":["champ:FalseCounter","champ:StanceDance"],"picked":"champ:EnGarde","floor":9.0},{"not_picked":["champ:BladeFlurry","champ:FalseCounter"],"picked":"champ:AdrenalArmor","floor":12},{"not_picked":["champ:ShieldSlam","champ:Haymaker"],"picked":"champ:BerserkerStyle","floor":14},{"not_picked":["champ:BerserkersShout","champ:GutPunch"],"picked":"champ:Duel","floor":15},{"not_picked":["champ:EnchantShield","champ:DancingMaster"],"picked":"champ:EnchantSword","floor":16},{"not_picked":["champ:PreciseThrust","champ:GutPunch"],"picked":"champ:ShieldSigil+1","floor":19}],"player_experience":1638825,"relics_obtained":[{"floor":7.0,"key":"Orichalcum"},{"floor":9.0,"key":"Regal Pillow"},{"floor":17,"key":"Akabeko"},{"floor":17,"key":"champ:SpectersHand"},{"floor":17,"key":"Du-Vu Doll"}],"event_choices":[{"cards_removed":["champ:Strike"],"damage_healed":0.0,"max_hp_gain":0.0,"max_hp_loss":0.0,"gold_gain":0.0,"event_name":"Bonfire Elementals","player_choice":"Offered Basic","floor":3.0,"gold_loss":0.0,"damage_taken":0.0}],"is_beta":false,"boss_relics":[{"not_picked":["Black Star","Busted Crown"],"picked":"Calling Bell"}],"items_purged_floors":[],"is_endless":false,"potions_floor_spawned":[12,14],"killed_by":"Shelled Parasite and Fungi","ascension_level":20}}