{"host":"t7mx8yfj1no5p62f","time":1609739303,"event":{"mods":["BaseMod","Colored Map","Colored Powertips","Minty Spire (QoL Compilation)","Relic Stats","StSLib"],"gold_per_floor":[365,515,121,131,206,206,206,206],"floor_reached":7,"playtime":162,"items_purged":["Doubt"],"score":78,"play_id":"81d0503e-0073-4e51-b235-fda0455d9c4a","local_time":"20210104004823","is_ascension_mode":true,"campfire_choices":[{"data":"Crippling Poison","floor":6,"key":"SMITH"}],"circlet_count":0,"master_deck":["AscendersBane","Strike_G","Strike_G","Strike_G","Strike_G","Strike_G","Defend_G","Defend_G","Defend_G","Defend_G","Defend_G","Survivor","Neutralize","Outmaneuver","Flechettes","Slice","Crippling Poison+1"],"relics":["Ring of the Snake","Membership Card","Eternal Feather"],"acts_visited":["Exordium"],"potions_floor_usage":[],"damage_taken":[{"damage":1.0,"enemies":"2 Louse","floor":1.0,"turns":3.0},{"damage":9.0,"enemies":"Jaw Worm","floor":4.0,"turns":5.0},{"damage":41,"enemies":"Lagavulin","floor":7,"turns":9}],"seed_played":"-4564340820373689368","potions_obtained":[],"is_trial":false,"path_per_floor":["M","?","$","M","?","R","E"],"character_chosen":"THE_SILENT","items_purchased":["Membership Card","Flechettes","Slice","Eternal Feather"],"campfire_rested":0,"item_purchase_floors":[3,3,3,3],"current_hp_per_floor":[58,58,58,49,38,47,6,6],"gold":206,"neow_bonus":"TWO_FIFTY_GOLD","is_daily":false,"chose_seed":false,"campfire_upgraded":1,"win_rate":0.0,"timestamp":1609739303,"path_taken":["M","?","$","M","?","R","E"],"items_purchased_type":["Relic","Card","Card","Relic"],"build_version":"2020-12-22","purchased_purges":1,"victory":false,"max_hp_per_floor":[60,60,60,60,60,60,60,60],"relic_stats":{"counters":[3,17],"Eternal Feather":9,"obtain_stats":[{"Eternal Feather":3,"Membership Card":3,"Ring of the Snake":0},{"Eternal Feather":1,"Membership Card":1,"Ring of the Snake":0},{"Eternal Feather":3,"Membership Card":3,"Ring of the Snake":0}],"Ring of the Snake":[6]},"card_choices":[{"not_picked":["Deflect","Prepared"],"picked":"Outmaneuver","floor":1.0},{"not_picked":["PiercingWail","Calculated Gamble"],"picked":"Crippling Poison","floor":4.0}],"player_experience":1658218,"relics_obtained":[],"event_choices":[{"damage_healed":0.0,"max_hp_gain":0.0,"max_hp_loss":0.0,"gold_gain":150.0,"event_name":"Liars Game","player_choice":"AGREE","floor":2.0,"gold_loss":0.0,"damage_taken":0.0,"cards_obtained":["Doubt"]},{"damage_healed":0.0,"max_hp_gain":0.0,"max_hp_loss":0.0,"gold_gain":75.0,"event_name":"World of Goop","player_choice":"Gather Gold","floor":5.0,"gold_loss":0.0,"damage_taken":11.0}],"is_beta":false,"boss_relics":[],"items_purged_floors":[3],"is_endless":false,"potions_floor_spawned":[],"killed_by":"Lagavulin","ascension_level":20}}