{"host":"j0vzbnzm6n2ctevn","time":1609743090,"event":{"mods":["AchievementEnabler","BaseMod","Better Note","Dota2Spire","Minty Spire (QoL Compilation)","Quick Restart","Shop Mod","Spicy Shops","StSLib"],"gold_per_floor":[112,128,31,31,44,44,75,113,159,184,259,259,259],"floor_reached":12,"playtime":428,"items_purged":["Strike_R"],"score":78,"play_id":"8b11b73d-1c7d-4d8d-8c5c-f5fc5e178dd5","local_time":"20210104145130","is_ascension_mode":false,"campfire_choices":[{"data":"Armaments","floor":6,"key":"SMITH"}],"circlet_count":0,"master_deck":["Strike_R","Strike_R","Strike_R","Strike_R","Defend_R","Defend_R","Defend_R","Defend_R","Bash","Heavy Blade","Shrug It Off","Injury","Armaments+1","Ghostly Armor","Infernal Blade","Spot Weakness"],"relics":["Dota2Spire:RefresherOrb","Membership Card","Golden Idol","Smiling Mask","Odd Mushroom"],"acts_visited":["Exordium"],"potions_floor_usage":[12,12],"damage_taken":[{"damage":3,"enemies":"Small Slimes","floor":1,"turns":3},{"damage":6,"enemies":"Jaw Worm","floor":2,"turns":2},{"damage":0,"enemies":"2 Louse","floor":5,"turns":2},{"damage":20,"enemies":"3 Sentries","floor":7,"turns":9},{"damage":8,"enemies":"The Mushroom Lair","floor":8,"turns":5},{"damage":5,"enemies":"Large Slime","floor":10,"turns":6},{"damage":7,"enemies":"Lagavulin","floor":12,"turns":3}],"seed_played":"4635690395196875226","potions_obtained":[{"floor":2,"key":"Energy Potion"},{"floor":8,"key":"Dexterity Potion"}],"is_trial":false,"path_per_floor":["M","M","$","?","M","R","E","?","T","M","?","E"],"character_chosen":"IRONCLAD","items_purchased":["Membership Card"],"campfire_rested":0,"item_purchase_floors":[3],"current_hp_per_floor":[77,71,71,51,51,51,31,23,23,18,7,0,0],"gold":259,"neow_bonus":"BOSS_RELIC","is_daily":false,"chose_seed":false,"campfire_upgraded":1,"win_rate":0.0,"timestamp":1609743090,"path_taken":["M","M","$","?","M","R","E","?","T","M","?","E"],"items_purchased_type":["Relic"],"build_version":"2020-12-22","purchased_purges":1,"victory":false,"max_hp_per_floor":[80,80,80,80,80,80,80,80,80,80,80,80,80],"card_choices":[{"not_picked":["Iron Wave","Feel No Pain"],"picked":"Heavy Blade","floor":1},{"not_picked":["Pommel Strike","Armaments"],"picked":"Shrug It Off","floor":2},{"not_picked":["Clothesline","Power Through"],"picked":"Armaments","floor":5},{"not_picked":["Perfected Strike","Body Slam"],"picked":"Ghostly Armor","floor":7},{"not_picked":["Seeing Red","Barricade"],"picked":"Infernal Blade","floor":8},{"not_picked":["Body Slam","Warcry"],"picked":"Spot Weakness","floor":10}],"player_experience":120891,"relics_obtained":[{"floor":7,"key":"Smiling Mask"},{"floor":8,"key":"Odd Mushroom"}],"event_choices":[{"damage_healed":0,"gold_gain":0,"player_choice":"Take Damage","damage_taken":20,"relics_obtained":["Golden Idol"],"max_hp_gain":0,"max_hp_loss":0,"event_name":"Golden Idol","floor":4,"gold_loss":0},{"damage_healed":0,"gold_gain":0,"player_choice":"Fought Mushrooms","damage_taken":0,"max_hp_gain":0,"max_hp_loss":0,"event_name":"Mushrooms","floor":8,"gold_loss":0},{"damage_healed":0,"gold_gain":75,"player_choice":"Gather Gold","damage_taken":11,"max_hp_gain":0,"max_hp_loss":0,"event_name":"World of Goop","floor":11,"gold_loss":0}],"is_beta":false,"boss_relics":[],"items_purged_floors":[3],"is_endless":false,"potions_floor_spawned":[2,8],"killed_by":"Lagavulin","ascension_level":0}}