{"host":"vex7walpoxzv48nx","time":1609728379,"event":{"mods":["BaseMod","Highlight Path","Minty Spire (QoL Compilation)","Permanent Neow","Quick Restart","Relic Stats"],"gold_per_floor":[109,109,109,22,22,57,57,95,95,95,20,20,40,76,76,171,171,171,171],"floor_reached":18,"playtime":1228,"items_purged":["Strike_B"],"score":473,"play_id":"a4e426d8-4205-4557-9268-c63b02c6f691","local_time":"20210104034619","daily_mods":["Specialized","Heirloom","Time Dilation","Flight","Elite Swarm"],"is_ascension_mode":true,"campfire_choices":[{"data":"Echo Form","floor":7,"key":"SMITH"},{"data":"Machine Learning","floor":10,"key":"SMITH"},{"floor":15,"key":"REST"}],"circlet_count":0,"master_deck":["AscendersBane","Strike_B","Strike_B","Defend_B","Defend_B","Defend_B","Defend_B","Zap","Dualcast","Rip and Tear+1","Rip and Tear","Rip and Tear+1","Rip and Tear","Rip and Tear","Go for the Eyes","Auto Shields","Echo Form+1","Machine Learning+1","Multi-Cast"],"relics":["Cracked Core","FossilizedHelix","Golden Idol","Lantern","Girya","Potion Belt","Omamori","Calling Bell","Juzu Bracelet","Mummified Hand","Gambling Chip"],"acts_visited":["Exordium","TheCity"],"potions_floor_usage":[14,14],"damage_taken":[{"damage":0,"enemies":"Jaw Worm","floor":1,"turns":1},{"damage":0,"enemies":"Gremlin Nob","floor":6,"turns":3},{"damage":9,"enemies":"Lagavulin","floor":8,"turns":5},{"damage":0,"enemies":"2 Louse","floor":13,"turns":1},{"damage":0,"enemies":"3 Sentries","floor":14,"turns":3},{"damage":22,"enemies":"Slime Boss","floor":16,"turns":7},{"damage":12,"enemies":"3 Byrds","floor":18,"turns":3}],"seed_played":"-960446271915626412","potions_obtained":[{"floor":1,"key":"DistilledChaos"},{"floor":8,"key":"DistilledChaos"},{"floor":13,"key":"SpeedPotion"}],"is_trial":true,"path_per_floor":["M","?","?","$","?","E","R","E","T","R","$","?","M","E","R","B",null,"M"],"character_chosen":"DEFECT","items_purchased":["Auto Shields"],"campfire_rested":1,"item_purchase_floors":[4],"current_hp_per_floor":[64,69,62,62,62,62,62,53,53,53,53,32,32,32,52,30,59,47,47],"gold":171,"neow_bonus":"","is_daily":false,"chose_seed":false,"campfire_upgraded":2,"win_rate":0.0,"timestamp":1609728379,"path_taken":["M","?","?","$","?","E","R","E","T","R","?","?","M","E","R","BOSS","M"],"items_purchased_type":["Card"],"build_version":"2020-12-22","purchased_purges":1,"victory":false,"max_hp_per_floor":[71,76,76,76,69,69,69,69,69,69,69,69,69,69,69,69,69,69,69],"relic_stats":{"counters":[7,23],"Golden Idol":45,"Mummified Hand":[1],"Gambling Chip":[2],"Juzu Bracelet":0,"obtain_stats":[{"Potion Belt":9,"Calling Bell":17,"Girya":8,"Lantern":6,"Golden Idol":5,"Mummified Hand":17,"Gambling Chip":17,"Omamori":14,"Juzu Bracelet":17,"Cracked Core":0,"FossilizedHelix":0},{"Potion Belt":3,"Calling Bell":6,"Girya":3,"Lantern":2,"Golden Idol":1,"Mummified Hand":6,"Gambling Chip":6,"Omamori":5,"Juzu Bracelet":6,"Cracked Core":0,"FossilizedHelix":0},{"Potion Belt":9,"Calling Bell":20,"Girya":9,"Lantern":4,"Golden Idol":1,"Mummified Hand":20,"Gambling Chip":20,"Omamori":13,"Juzu Bracelet":20,"Cracked Core":0,"FossilizedHelix":0}]},"card_choices":[{"not_picked":["Melter","Recycle"],"picked":"Go for the Eyes","floor":1},{"not_picked":["Reboot","Seek"],"picked":"Echo Form","floor":6},{"not_picked":["Thunder Strike","Reboot"],"picked":"Machine Learning","floor":8},{"not_picked":["Heatsinks","Turbo","Stack"],"picked":"SKIP","floor":13},{"not_picked":["Hyperbeam","Rainbow","All For One"],"picked":"SKIP","floor":14},{"not_picked":["Rainbow","Thunder Strike"],"picked":"Multi-Cast","floor":16}],"player_experience":79075,"relics_obtained":[{"floor":6,"key":"Lantern"},{"floor":8,"key":"Girya"},{"floor":9,"key":"Potion Belt"},{"floor":14,"key":"Omamori"},{"floor":17,"key":"Juzu Bracelet"},{"floor":17,"key":"Mummified Hand"},{"floor":17,"key":"Gambling Chip"}],"event_choices":[{"damage_healed":0,"gold_gain":0,"player_choice":"Donut","damage_taken":0,"max_hp_gain":5,"max_hp_loss":0,"event_name":"Big Fish","floor":2,"gold_loss":0},{"cards_removed":["Strike_B"],"damage_healed":0,"gold_gain":0,"player_choice":"Card Removal","damage_taken":7,"max_hp_gain":0,"max_hp_loss":0,"event_name":"Golden Wing","floor":3,"gold_loss":0},{"damage_healed":0,"gold_gain":0,"player_choice":"Lose Max HP","damage_taken":0,"relics_obtained":["Golden Idol"],"max_hp_gain":0,"max_hp_loss":7,"event_name":"Golden Idol","floor":5,"gold_loss":0},{"damage_healed":0,"gold_gain":0,"player_choice":"Entered Light","damage_taken":21,"max_hp_gain":0,"max_hp_loss":0,"event_name":"Shining Light","floor":12,"gold_loss":0,"cards_upgraded":["Rip and Tear","Rip and Tear"]}],"is_beta":false,"boss_relics":[{"not_picked":["Sozu","Philosopher\u0027s Stone"],"picked":"Calling Bell"}],"items_purged_floors":[11],"is_endless":false,"potions_floor_spawned":[1,8,13],"killed_by":"3 Byrds","ascension_level":20}}