{"host":"g01l53quoe6lrer0","time":1609764828,"event":{"mods":["2.2 Compatiblity","AchievementEnabler","BaseMod","Colored Map","Highlight Path","Keyboard Shortcuts","Minty Spire (QoL Compilation)","Permanent Neow","Quick Restart","StSLib","SuperFastMode","everything is the same but u backflip on backflip"],"gold_per_floor":[119,69,84,96,96,126,126,160,160,160,160,177,102,119,119,119,119],"floor_reached":16,"playtime":2871,"items_purged":["Defend_P"],"score":121,"play_id":"c0cc5606-495a-4b20-aab1-fb27ded64f77","local_time":"20210104215348","is_ascension_mode":true,"campfire_choices":[{"data":"Eruption","floor":7.0,"key":"SMITH"},{"floor":10.0,"key":"REST"},{"data":"EmptyFist","floor":15.0,"key":"SMITH"}],"circlet_count":0,"master_deck":["Strike_P","Strike_P","Strike_P","Defend_P","Defend_P","Defend_P","Eruption+1","Vigilance","Clumsy","Blasphemy","MentalFortress","EmptyFist+1","Halt"],"relics":["PureWater","Sundial","Frozen Egg 2","InkBottle","Bronze Scales"],"acts_visited":["Exordium"],"potions_floor_usage":[16],"damage_taken":[{"damage":0.0,"enemies":"2 Louse","floor":1.0,"turns":1.0},{"damage":7.0,"enemies":"Jaw Worm","floor":3.0,"turns":3.0},{"damage":6.0,"enemies":"Cultist","floor":4.0,"turns":4.0},{"damage":30.0,"enemies":"3 Sentries","floor":6.0,"turns":13.0},{"damage":18.0,"enemies":"Lagavulin","floor":8.0,"turns":7.0},{"damage":6.0,"enemies":"Looter","floor":12.0,"turns":4.0},{"damage":0.0,"enemies":"Red Slaver","floor":14.0,"turns":1.0},{"damage":66,"enemies":"Slime Boss","floor":16,"turns":3}],"seed_played":"-8548017321751365091","potions_obtained":[{"floor":4.0,"key":"Energy Potion"},{"floor":6.0,"key":"BlessingOfTheForge"},{"floor":8.0,"key":"LiquidMemories"},{"floor":12.0,"key":"StancePotion"}],"is_trial":false,"path_per_floor":["M","?","M","M","?","E","R","E","T","R","?","M","$","M","R","B"],"character_chosen":"WATCHER","items_purchased":[],"campfire_rested":1,"item_purchase_floors":[],"current_hp_per_floor":[72,72,65,59,64,34,34,16,16,39,32,26,26,26,26,0,0],"gold":119,"neow_bonus":"THREE_RARE_CARDS","is_daily":false,"chose_seed":false,"campfire_upgraded":2,"win_rate":0.0,"timestamp":1609764828,"path_taken":["M","?","M","M","?","E","R","E","T","R","?","M","$","M","R","BOSS"],"items_purchased_type":[],"build_version":"2020-12-22","purchased_purges":1,"victory":false,"max_hp_per_floor":[72,72,72,72,77,77,77,77,77,77,77,77,77,77,77,77,77],"card_choices":[{"not_picked":["DeusExMachina","Wish"],"picked":"Blasphemy","floor":0.0},{"not_picked":["ThirdEye","EmptyBody"],"picked":"MentalFortress","floor":1.0},{"not_picked":["Collect","ClearTheMind","FollowUp"],"picked":"SKIP","floor":3.0},{"not_picked":["Wallop","SashWhip"],"picked":"EmptyFist","floor":4.0},{"not_picked":["EmptyFist","CarveReality"],"picked":"Halt","floor":6.0},{"not_picked":["Collect","PathToVictory","Halt"],"picked":"SKIP","floor":8.0},{"not_picked":["Protect","Prostrate","DeusExMachina"],"picked":"SKIP","floor":12.0},{"not_picked":["SashWhip","CutThroughFate","Meditate"],"picked":"SKIP","floor":14.0}],"player_experience":73712,"relics_obtained":[{"floor":6.0,"key":"Sundial"},{"floor":8.0,"key":"Frozen Egg 2"},{"floor":9.0,"key":"InkBottle"}],"event_choices":[{"cards_removed":["Strike_P"],"damage_healed":0.0,"max_hp_gain":0.0,"max_hp_loss":0.0,"gold_gain":0.0,"event_name":"The Cleric","player_choice":"Card Removal","floor":2.0,"gold_loss":50.0,"damage_taken":0.0},{"damage_healed":0.0,"max_hp_gain":5.0,"max_hp_loss":0.0,"gold_gain":0.0,"event_name":"Big Fish","player_choice":"Donut","floor":5.0,"gold_loss":0.0,"damage_taken":0.0},{"damage_healed":0.0,"max_hp_gain":0.0,"max_hp_loss":0.0,"gold_gain":0.0,"event_name":"Scrap Ooze","player_choice":"Success","floor":11.0,"gold_loss":0.0,"damage_taken":7.0,"relics_obtained":["Bronze Scales"]}],"is_beta":false,"boss_relics":[],"items_purged_floors":[13],"is_endless":false,"potions_floor_spawned":[4,6,8,12],"killed_by":"Slime Boss","ascension_level":2}}