{"host":"jq8d8epkoknfq6em","time":1609800453,"event":{"mods":["AchievementEnabler","BaseMod","Colored Map","Colored Powertips","Highlight Path","Minty Spire (QoL Compilation)","Quick Restart","StSLib"],"gold_per_floor":[112,124,124,84,97,97,129,149,149,162,162,182,182,213,213,317,317,329,329,329],"floor_reached":19,"playtime":1265,"items_purged":[],"score":277,"play_id":"b2a25508-3059-468f-ad7d-3670e1cf574d","local_time":"20210104234733","is_ascension_mode":true,"campfire_choices":[{"data":"Bash","floor":6,"key":"SMITH"},{"data":"Evolve","floor":11,"key":"SMITH"},{"data":"Feel No Pain","floor":13,"key":"SMITH"},{"floor":15,"key":"REST"}],"circlet_count":0,"master_deck":["AscendersBane","Strike_R","Strike_R","Strike_R","Strike_R","Strike_R","Defend_R","Defend_R","Defend_R","Defend_R","Bash+1","Evolve+1","Anger","Feel No Pain+1","Burning Pact","Clothesline","Double Tap","Flame Barrier","Fiend Fire","Havoc+1"],"relics":["Burning Blood","NeowsBlessing","Orichalcum","Letter Opener","Prayer Wheel","Sozu"],"acts_visited":["Exordium","TheCity"],"potions_floor_usage":[7,7,16,16],"damage_taken":[{"damage":0,"enemies":"2 Louse","floor":1,"turns":1},{"damage":0,"enemies":"Small Slimes","floor":2,"turns":1},{"damage":0,"enemies":"Cultist","floor":5,"turns":1},{"damage":35,"enemies":"Gremlin Nob","floor":7,"turns":5},{"damage":12,"enemies":"Blue Slaver","floor":8,"turns":4},{"damage":0,"enemies":"Large Slime","floor":10,"turns":6},{"damage":22,"enemies":"Exordium Wildlife","floor":12,"turns":5},{"damage":24,"enemies":"3 Sentries","floor":14,"turns":8},{"damage":36,"enemies":"Hexaghost","floor":16,"turns":11},{"damage":21,"enemies":"Spheric Guardian","floor":18,"turns":5},{"damage":54,"enemies":"Masked Bandits","floor":19,"turns":5}],"seed_played":"-6536772617920194911","potions_obtained":[{"floor":4,"key":"PowerPotion"},{"floor":4,"key":"Weak Potion"},{"floor":7,"key":"Dexterity Potion"},{"floor":14,"key":"AttackPotion"}],"is_trial":false,"path_per_floor":["M","M","?","?","M","R","E","M","T","M","R","M","R","E","R","B",null,"M","?"],"character_chosen":"IRONCLAD","items_purchased":[],"campfire_rested":1,"item_purchase_floors":[],"current_hp_per_floor":[78,80,80,80,80,80,51,45,45,51,51,35,35,17,41,11,63,48,0,0],"gold":329,"neow_bonus":"THREE_ENEMY_KILL","is_daily":false,"chose_seed":false,"campfire_upgraded":3,"win_rate":0.0,"timestamp":1609800453,"path_taken":["M","M","?","?","M","R","E","M","T","M","R","M","R","E","R","BOSS","M","?"],"items_purchased_type":[],"build_version":"2020-12-22","purchased_purges":0,"victory":false,"max_hp_per_floor":[80,80,80,80,80,80,80,80,80,80,80,80,80,80,80,80,80,80,80,80],"card_choices":[{"not_picked":["Clothesline","Entrench"],"picked":"Evolve","floor":1},{"not_picked":["Sentinel","Perfected Strike"],"picked":"Anger","floor":2},{"not_picked":["Inflame","Bloodletting"],"picked":"Feel No Pain","floor":5},{"not_picked":["Thunderclap","Searing Blow"],"picked":"Burning Pact","floor":7},{"not_picked":["Thunderclap","Pommel Strike"],"picked":"Clothesline","floor":8},{"not_picked":["Fire Breathing","Anger"],"picked":"Double Tap","floor":10},{"not_picked":["Clash","Armaments","Twin Strike"],"picked":"SKIP","floor":12},{"not_picked":["Sword Boomerang","Thunderclap"],"picked":"Flame Barrier","floor":14},{"not_picked":["Reaper","Barricade"],"picked":"Fiend Fire","floor":16},{"not_picked":["Thunderclap+1","Iron Wave"],"picked":"Havoc+1","floor":18},{"not_picked":["Flex","Warcry","Clash"],"picked":"SKIP","floor":18}],"player_experience":938338,"relics_obtained":[{"floor":7,"key":"Orichalcum"},{"floor":9,"key":"Letter Opener"},{"floor":14,"key":"Prayer Wheel"}],"event_choices":[{"damage_healed":0,"gold_gain":0,"player_choice":"Ignored","damage_taken":0,"max_hp_gain":0,"max_hp_loss":0,"event_name":"Liars Game","floor":3,"gold_loss":0},{"damage_healed":0,"gold_gain":0,"player_choice":"Bought 3 Potions","damage_taken":0,"max_hp_gain":0,"max_hp_loss":0,"event_name":"The Woman in Blue","floor":4,"gold_loss":0},{"damage_healed":0,"gold_gain":0,"player_choice":"Fought Bandits","damage_taken":0,"max_hp_gain":0,"max_hp_loss":0,"event_name":"Masked Bandits","floor":19,"gold_loss":0}],"is_beta":false,"boss_relics":[{"not_picked":["Fusion Hammer","SlaversCollar"],"picked":"Sozu"}],"items_purged_floors":[],"is_endless":false,"potions_floor_spawned":[5,7,14,18],"killed_by":"Masked Bandits","ascension_level":11}}