{"host":"dntw6kil9p09eemm","time":1609785472,"event":{"mods":["Alarm Clock","Aspiration","BaseMod","Colored Powertips","Downfall","Hermit","Hubris","Keyboard Shortcuts","Minty Spire (QoL Compilation)","Permanent Neow","Replay The Spire","Shop Mod","StSLib","The Runesmith"],"gold_per_floor":[116,135,135,310,78,105,105,137,189,201,201,45,45,59,59,59,59,59],"floor_reached":16,"playtime":881,"items_purged":["Doubt"],"score":108,"play_id":"109ad4f0-7410-4002-8b8f-23dad2c66330","local_time":"20210105033752","is_ascension_mode":false,"campfire_choices":[{"floor":7.0,"key":"REST"},{"data":"champ:RageSigil","floor":11,"key":"SMITH"},{"data":"champ:Taunt","floor":15,"key":"SMITH"}],"circlet_count":0,"master_deck":["champ:Strike","champ:Strike","champ:Strike","champ:Strike","champ:Defend","champ:Defend","champ:Defend","champ:Defend","champ:Execute","champ:Taunt+1","expansioncontent:DarkVoid","champ:Duel","champ:BringItOn","champ:PerfectForm","champ:RageSigil+1","Life Link","expansioncontent:DonusPower","champ:RageSigil"],"relics":["m_IronCrown","Letter Opener","MerchantsRug","hubris:Towel"],"acts_visited":["Exordium"],"potions_floor_usage":[],"damage_taken":[{"damage":6.0,"enemies":"2 Louse","floor":1.0,"turns":2.0},{"damage":0.0,"enemies":"Jaw Worm","floor":2.0,"turns":3.0},{"damage":47.0,"enemies":"Gremlin Nob","floor":6.0,"turns":5.0},{"damage":31.0,"enemies":"Lagavulin","floor":8.0,"turns":9.0},{"damage":5.0,"enemies":"Small Slimes","floor":10.0,"turns":2.0},{"damage":11,"enemies":"3 Louse","floor":14,"turns":3},{"damage":61,"enemies":"Hexaghost","floor":16,"turns":11}],"seed_played":"162624473104029548","potions_obtained":[{"floor":1.0,"key":"champ:OpenerPotion"},{"floor":8.0,"key":"sneckomod:MuddlingPotion"},{"floor":10.0,"key":"LiquidBronze"},{"floor":14,"key":"SpeedPotion"}],"is_trial":false,"path_per_floor":["M","M","?","?","$","E","R","E","T","M","R","$","?","M","R","B"],"character_chosen":"THE_CHAMP","items_purchased":["champ:PerfectForm","MerchantsRug","expansioncontent:DonusPower"],"campfire_rested":1,"item_purchase_floors":[5,12,12],"current_hp_per_floor":[89,89,89,89,89,53,80,65,65,66,66,66,66,61,61,0,0,0],"gold":59,"neow_bonus":"RANDOM_COLORLESS","is_daily":false,"chose_seed":false,"campfire_upgraded":2,"win_rate":0.0,"timestamp":1609785472,"path_taken":["M","M","?","?","?","E","R","E","T","M","R","$","?","M","R","BOSS"],"items_purchased_type":["Card","Relic","Card"],"build_version":"2020-12-22","purchased_purges":1,"victory":false,"max_hp_per_floor":[90,90,90,90,90,90,90,90,90,90,90,90,90,90,90,90,90,90],"card_choices":[{"not_picked":["expansioncontent:GuardianWhirl","Trip"],"picked":"expansioncontent:DarkVoid","floor":0.0},{"not_picked":["champ:BerserkersShout","champ:FlashCut"],"picked":"champ:Duel","floor":1.0},{"not_picked":["champ:BladeFlurry","champ:ShieldSigil"],"picked":"champ:BringItOn","floor":2.0},{"not_picked":["champ:GladiatorsShout","Whirlwind","champ:AdrenalArmor"],"picked":"SKIP","floor":6.0},{"not_picked":["champ:StrikeOfGenius","champ:DefensiveShout"],"picked":"champ:RageSigil","floor":8.0},{"not_picked":["ReplayTheSpireMod:Muscle Training","champ:RisingSlash"],"picked":"Life Link","floor":10.0},{"not_picked":["champ:AdrenalArmor","champ:GutPunch"],"picked":"champ:RageSigil","floor":14}],"player_experience":555398,"relics_obtained":[{"floor":6.0,"key":"hubris:SlimyHat"},{"floor":8.0,"key":"Letter Opener"},{"floor":9.0,"key":"Replay:Mystery Machine"}],"event_choices":[{"damage_healed":0.0,"max_hp_gain":0.0,"max_hp_loss":0.0,"gold_gain":175.0,"event_name":"Liars Game","player_choice":"AGREE","floor":4.0,"gold_loss":0.0,"damage_taken":0.0,"cards_obtained":["Doubt"]}],"is_beta":false,"boss_relics":[],"items_purged_floors":[5],"is_endless":false,"potions_floor_spawned":[1,8,10,14],"killed_by":"Hexaghost","ascension_level":0}}