{"host":"2pt9f5ojqg0apn28","time":1609755870,"event":{"mods":["AchievementEnabler","BaseMod","Better Altar","Better Match","Better Note","Better Sensory Stone","Better Skull","Better Third Choice","Colored Map","Colored Powertips","Hubris","Infinite Spire","Lobotomy","LobotomyExtend","Minty Spire (QoL Compilation)","Replay The Spire","StSLib"],"gold_per_floor":[117,129,144,419,433,458,458,98,121,121,37,37,52,52,52,176,176,195,210,210,210,210],"floor_reached":21,"playtime":992,"items_purged":["Regret"],"score":190,"play_id":"3a928bc3-f1b6-477f-87ee-d976cc9d9684","local_time":"20210104172430","is_ascension_mode":true,"campfire_choices":[{"data":"Neutralize","floor":10,"key":"SMITH"},{"floor":12,"key":"REST"},{"floor":15,"key":"REST"}],"circlet_count":0,"master_deck":["Strike_G","Strike_G","Strike_G+1","Strike_G","Strike_G+1","Defend_G","Defend_G","Defend_G","Defend_G","Defend_G","Survivor+1","Neutralize+1","DespairKnight","QueenBee","Flying Knee","Flying Knee","Catalyst","OldLady","A Thousand Cuts","Deadly Poison"],"relics":["Ring of the Snake","CogitoBucket","RabbitCall","LetterFromLob","Replay:Wax Seal","Bag of Marbles","Whetstone","infinitespire:WardingShard","Centennial Puzzle","SkinProphecy","Golden Idol","hubris:TerracottaHorce"],"acts_visited":["Exordium","TheCity"],"potions_floor_usage":[16,21,21],"damage_taken":[{"damage":0,"enemies":"Cultist","floor":1,"turns":4},{"damage":3,"enemies":"Jaw Worm","floor":2,"turns":5},{"damage":8,"enemies":"2 Louse","floor":3,"turns":2},{"damage":0,"enemies":"Lots of Slimes","floor":5,"turns":1},{"damage":34,"enemies":"Lagavulin","floor":6,"turns":9},{"damage":23,"enemies":"3 Louse","floor":11,"turns":3},{"damage":12,"enemies":"Large Slime","floor":13,"turns":6},{"damage":33,"enemies":"Hexaghost","floor":16,"turns":9},{"damage":31,"enemies":"Spheric Guardian","floor":18,"turns":4},{"damage":8,"enemies":"3 Byrds","floor":19,"turns":3},{"damage":26,"enemies":"Snecko","floor":21,"turns":2}],"seed_played":"1226148183924257775","potions_obtained":[{"floor":1,"key":"Adrenaline Potion"},{"floor":2,"key":"Energy Potion"},{"floor":5,"key":"Energy Potion"}],"is_trial":false,"path_per_floor":["M","M","M","?","M","E","?","$","T","R","M","R","M","?","R","B",null,"M","M","?","M"],"character_chosen":"THE_SILENT","items_purchased":["Whetstone","infinitespire:WardingShard"],"campfire_rested":2,"item_purchase_floors":[8,8],"current_hp_per_floor":[70,67,59,59,59,43,43,43,43,43,32,53,43,25,46,45,67,32,26,26,0,0],"gold":210,"neow_bonus":"","is_daily":false,"chose_seed":false,"campfire_upgraded":1,"win_rate":0.0,"timestamp":1609755870,"path_taken":["M","M","?","?","?","E","?","?","T","R","M","R","?","?","R","BOSS","M","M","?","M"],"items_purchased_type":["Relic","Relic"],"build_version":"2020-12-22","purchased_purges":1,"victory":false,"max_hp_per_floor":[70,70,70,70,70,70,70,70,70,70,70,70,72,72,72,74,74,76,78,78,82,82],"card_choices":[{"not_picked":["SpiderBud","BeautyBeast","MeatLantern"],"picked":"Singing Bowl","floor":1},{"not_picked":["Variant","MHz"],"picked":"DespairKnight","floor":1},{"not_picked":["Masterful Stab","Endless Agony","Expertise"],"picked":"SKIP","floor":1},{"not_picked":["Bloodbath","BigBadWolf","HeroicMonk"],"picked":"Singing Bowl","floor":2},{"not_picked":["ShyLook","MHz"],"picked":"QueenBee","floor":2},{"not_picked":["Underhanded Strike","Dagger Spray"],"picked":"Flying Knee","floor":2},{"not_picked":["BeautyBeast","Alriune"],"picked":"QueenOfHatred","floor":3},{"not_picked":["Replay:Bag of Tricks","Toxin Wave"],"picked":"Flying Knee","floor":3},{"not_picked":["Dagger Spray","Outmaneuver","PiercingWail"],"picked":"SKIP","floor":5},{"not_picked":["hubris:SlightOfHand","Bane","Dagger Throw"],"picked":"SKIP","floor":6},{"not_picked":["hubris:SlightOfHand","Bane","Dagger Throw"],"picked":"SKIP","floor":6},{"not_picked":["ReplayTheSpireMod:Scrap Shanks","Outmaneuver"],"picked":"Catalyst","floor":11},{"not_picked":["BlackSwan","BigBadWolf"],"picked":"OldLady","floor":13},{"not_picked":["Deflect","Dodge and Roll","Catalyst"],"picked":"SKIP","floor":13},{"not_picked":["SpiderBud","Murderer"],"picked":"Mercenary","floor":16},{"not_picked":["Glass Knife","Atom Bomb"],"picked":"A Thousand Cuts","floor":16},{"not_picked":["Underhanded Strike","hubris:SlightOfHand"],"picked":"Deadly Poison","floor":18},{"not_picked":["Dagger Spray","PiercingWail+1","ReplayTheSpireMod:From All Sides"],"picked":"SKIP","floor":19}],"player_experience":60427,"relics_obtained":[{"floor":1,"key":"LetterFromLob"},{"floor":6,"key":"Replay:Wax Seal"},{"floor":7,"key":"Bag of Marbles"},{"floor":9,"key":"Centennial Puzzle"}],"event_choices":[{"damage_healed":0,"gold_gain":275,"player_choice":"Desecrate","damage_taken":0,"max_hp_gain":0,"max_hp_loss":0,"event_name":"Golden Shrine","floor":4,"gold_loss":0,"cards_obtained":["Regret"]},{"damage_healed":0,"gold_gain":0,"player_choice":"Take Damage","damage_taken":18,"relics_obtained":["Golden Idol"],"max_hp_gain":0,"max_hp_loss":0,"event_name":"Golden Idol","floor":14,"gold_loss":0}],"is_beta":false,"boss_relics":[{"not_picked":["Calling Bell","hubris:Backtick"],"picked":"hubris:TerracottaHorce"}],"items_purged_floors":[8],"is_endless":false,"potions_floor_spawned":[1,2,5],"killed_by":"Snecko","ascension_level":1}}