{"host":"63howft1cojq0ioc","time":1609771896,"event":{"mods":["Act Like it!","Aspiration","BaseMod","DeckTracker","Downfall","Infinite Spire","Minty Spire (QoL Compilation)","Quick Restart","Relic Stats","Replay The Spire","StSLib","SuperFastMode","The Jungle"],"gold_per_floor":[118,118,130,130,130,162,162],"floor_reached":6,"playtime":104,"items_purged":[],"score":55,"play_id":"9ff72737-4a5b-49f4-8708-9b038f5612a2","local_time":"20210104125136","is_ascension_mode":true,"campfire_choices":[],"circlet_count":0,"master_deck":["Strike_R+1","Strike_R","Strike_R","Strike_R+1","Strike_R","Defend_R","Defend_R","Defend_R","Defend_R","Bash","Clash","Injury","Armaments+1","Regret"],"relics":["Burning Blood","Toxic Egg 2","Bag of Marbles","Ginger"],"acts_visited":["Exordium"],"potions_floor_usage":[],"damage_taken":[{"damage":12,"enemies":"Jaw Worm","floor":1,"turns":2},{"damage":10,"enemies":"Small Slimes","floor":3,"turns":3},{"damage":40,"enemies":"Replay:BlueRogue","floor":6,"turns":5}],"seed_played":"218554556077271507","potions_obtained":[{"floor":1,"key":"BlessingOfTheForge"},{"floor":3,"key":"Adrenaline Potion"},{"floor":6,"key":"PowerPotion"}],"is_trial":false,"path_per_floor":["M","?","M","?","?","E"],"character_chosen":"IRONCLAD","items_purchased":[],"campfire_rested":0,"item_purchase_floors":[],"current_hp_per_floor":[74,74,70,70,70,36,36],"gold":162,"neow_bonus":"UPGRADE_CARD","is_daily":false,"chose_seed":false,"campfire_upgraded":0,"win_rate":0.0,"timestamp":1609771896,"path_taken":["M","?","M","?","?","E"],"items_purchased_type":[],"build_version":"2020-12-22","purchased_purges":0,"victory":false,"max_hp_per_floor":[80,80,80,80,80,80,80],"relic_stats":{"counters":[3,10],"Ginger":[0],"obtain_stats":[{"Bag of Marbles":5,"Ginger":6,"Toxic Egg 2":2,"Burning Blood":0},{"Bag of Marbles":2,"Ginger":3,"Toxic Egg 2":1,"Burning Blood":0},{"Bag of Marbles":5,"Ginger":10,"Toxic Egg 2":2,"Burning Blood":0}],"Burning Blood":18},"card_choices":[{"not_picked":["Clothesline","Flame Barrier"],"picked":"Clash","floor":1},{"not_picked":["ReplayTheSpireMod:Strike From Hell","Impervious+1"],"picked":"Armaments+1","floor":3}],"player_experience":110050,"relics_obtained":[{"floor":6,"key":"Ginger"}],"event_choices":[{"damage_healed":0,"gold_gain":0,"player_choice":"Box","damage_taken":0,"relics_obtained":["Bag of Marbles"],"max_hp_gain":0,"max_hp_loss":0,"event_name":"Big Fish","floor":5,"gold_loss":0,"cards_obtained":["Regret"]}],"is_beta":false,"boss_relics":[],"items_purged_floors":[],"is_endless":false,"potions_floor_spawned":[1,3,6],"killed_by":"Replay:BlueRogue","ascension_level":5}}