{"host":"91blwi3hgehj6ch9","time":1609735856,"event":{"mods":["2.2 Compatiblity","AchievementEnabler","BaseMod","Colored Map","DeckTracker","Keyboard Shortcuts","Minty Spire (QoL Compilation)","Permanent Neow","Quick Restart","StSLib","SuperFastMode"],"gold_per_floor":[116,116,134,144,94,94,104,104,104,122,178,178,178,197,197,294,294,305,305,230,230,230,230,249,121,121,121,121,135,167,184,184,287,287,302,212,55,66,66,66,66,99,144,2,12,12,22,55,55,55,55,55,30,64,64,64],"floor_reached":55,"playtime":6700,"items_purged":["Defend_G"],"score":1226,"play_id":"e97360a1-a806-4878-9253-341a83df2aea","local_time":"20210104135056","is_ascension_mode":true,"campfire_choices":[{"data":"Acrobatics","floor":6.0,"key":"SMITH"},{"data":"Acrobatics","floor":8.0,"key":"SMITH"},{"data":"Underhanded Strike","floor":13.0,"key":"SMITH"},{"data":"Concentrate","floor":15.0,"key":"SMITH"},{"data":"Tactician","floor":23.0,"key":"SMITH"},{"data":"Prepared","floor":28.0,"key":"SMITH"},{"data":"Flechettes","floor":32.0,"key":"SMITH"},{"data":"Burst","floor":40,"key":"SMITH"},{"data":"After Image","floor":46,"key":"SMITH"},{"floor":49,"key":"RECALL"},{"data":"Grand Finale","floor":52,"key":"SMITH"}],"circlet_count":0,"master_deck":["Defend_G+1","Defend_G","Survivor","Neutralize","Acrobatics+1","Underhanded Strike+1","Acrobatics+1","Quick Slash","Dagger Throw","Concentrate+1","Burst+1","Tactician+1","Flechettes+1","Backflip+1","Prepared+1","After Image+1","Grand Finale+1","Acrobatics"],"relics":["Ring of the Serpent","Bronze Scales","Eternal Feather","Sozu","MutagenicStrength","Art of War","Boot","Medical Kit","Toy Ornithopter","Akabeko","Tough Bandages"],"acts_visited":["Exordium","TheCity","TheBeyond","TheEnding"],"potions_floor_usage":[],"damage_taken":[{"damage":3.0,"enemies":"Jaw Worm","floor":1.0,"turns":4.0},{"damage":8.0,"enemies":"Cultist","floor":3.0,"turns":6.0},{"damage":1.0,"enemies":"Small Slimes","floor":4.0,"turns":3.0},{"damage":1.0,"enemies":"3 Louse","floor":7.0,"turns":3.0},{"damage":0.0,"enemies":"Looter","floor":10.0,"turns":3.0},{"damage":18.0,"enemies":"Lagavulin Event","floor":11.0,"turns":6.0},{"damage":0.0,"enemies":"Blue Slaver","floor":14.0,"turns":2.0},{"damage":29.0,"enemies":"The Guardian","floor":16.0,"turns":12.0},{"damage":0.0,"enemies":"Spheric Guardian","floor":18.0,"turns":3.0},{"damage":0.0,"enemies":"3 Byrds","floor":24.0,"turns":3.0},{"damage":0.0,"enemies":"Shelled Parasite and Fungi","floor":29.0,"turns":1.0},{"damage":0.0,"enemies":"Gremlin Leader","floor":30.0,"turns":1.0},{"damage":0.0,"enemies":"Centurion and Healer","floor":31.0,"turns":1.0},{"damage":0.0,"enemies":"Automaton","floor":33.0,"turns":2.0},{"damage":0.0,"enemies":"3 Shapes","floor":35.0,"turns":3.0},{"damage":0.0,"enemies":"Orb Walker","floor":38.0,"turns":2.0},{"damage":0,"enemies":"Giant Head","floor":42,"turns":1},{"damage":8,"enemies":"3 Darklings","floor":45,"turns":2},{"damage":0,"enemies":"Writhing Mass","floor":47,"turns":1},{"damage":0,"enemies":"Reptomancer","floor":48,"turns":2},{"damage":3,"enemies":"Donu and Deca","floor":50,"turns":3},{"damage":0,"enemies":"Shield and Spear","floor":54,"turns":1},{"damage":71,"enemies":"The Heart","floor":55,"turns":5}],"seed_played":"5116316368360024135","potions_obtained":[{"floor":3.0,"key":"FearPotion"},{"floor":4.0,"key":"Ancient Potion"},{"floor":10.0,"key":"Energy Potion"}],"is_trial":false,"path_per_floor":["M","?","M","M","?","R","M","R","T","M","?","?","R","M","R","B",null,"M","?","?","?","?","R","M","$","T","?","R","M","E","M","R","B",null,"M","?","$","M","?","R","$","E","T","$","M","R","M","E","R","B",null,"R","$","E","B"],"character_chosen":"THE_SILENT","items_purchased":["Prepared","Medical Kit","Grand Finale","Acrobatics"],"campfire_rested":0,"item_purchase_floors":[25,37,44,53],"current_hp_per_floor":[42,42,34,33,33,33,32,32,32,32,14,37,43,43,49,20,58,58,58,58,58,58,67,67,67,67,67,70,70,70,70,70,70,70,70,70,70,70,70,70,70,70,70,70,62,70,70,70,70,67,69,70,70,70,0,0],"gold":64,"neow_bonus":"REMOVE_TWO","is_daily":false,"chose_seed":false,"campfire_upgraded":10,"win_rate":0.0,"timestamp":1609735856,"path_taken":["M","?","?","M","?","R","M","R","T","M","?","?","R","M","R","BOSS","M","?","?","?","?","R","M","?","T","?","R","M","E","M","R","BOSS","M","?","?","M","?","R","?","E","T","$","?","R","M","E","R","BOSS","R","$","E","BOSS"],"items_purchased_type":["Card","Relic","Card","Card"],"build_version":"2020-12-22","purchased_purges":1,"victory":false,"max_hp_per_floor":[70,70,70,70,70,70,70,70,70,70,70,70,70,70,70,70,70,70,70,70,70,70,70,70,70,70,70,70,70,70,70,70,70,70,70,70,70,70,70,70,70,70,70,70,70,70,70,70,70,70,70,70,70,70,70,70],"card_choices":[{"not_picked":["Skewer","Blur"],"picked":"Acrobatics","floor":1.0},{"not_picked":["Acrobatics","Blur"],"picked":"Underhanded Strike","floor":3.0},{"not_picked":["Prepared","Distraction"],"picked":"Acrobatics","floor":4.0},{"not_picked":["Expertise","Bane","Acrobatics"],"picked":"SKIP","floor":7.0},{"not_picked":["Skewer","Terror"],"picked":"Quick Slash","floor":10.0},{"not_picked":["Predator","Blade Dance"],"picked":"Dagger Throw","floor":11.0},{"not_picked":["Slice","Accuracy"],"picked":"Concentrate","floor":14.0},{"not_picked":["Wraith Form v2","Unload"],"picked":"Burst","floor":16.0},{"not_picked":["Concentrate","Slice"],"picked":"Tactician","floor":18.0},{"not_picked":["Escape Plan","Dodge and Roll"],"picked":"Backflip+1","floor":24.0},{"not_picked":["Dagger Spray","Bane","Poisoned Stab"],"picked":"SKIP","floor":29.0},{"not_picked":["Deflect","PiercingWail","Setup"],"picked":"SKIP","floor":30.0},{"not_picked":["Outmaneuver","Slice+1","Dagger Throw"],"picked":"SKIP","floor":31.0},{"not_picked":["Phantasmal Killer","Glass Knife"],"picked":"After Image","floor":33.0},{"not_picked":["PiercingWail+1","Blade Dance+1","Acrobatics"],"picked":"SKIP","floor":35.0},{"not_picked":["Backflip","Outmaneuver","Setup"],"picked":"SKIP","floor":38.0},{"not_picked":["Crippling Poison+1","Sucker Punch+1","PiercingWail"],"picked":"SKIP","floor":42},{"not_picked":["Blade Dance+1","Sucker Punch+1","Accuracy+1"],"picked":"SKIP","floor":45},{"not_picked":["Bane+1","Underhanded Strike+1","Deflect"],"picked":"SKIP","floor":47},{"not_picked":["Endless Agony+1","A Thousand Cuts","Outmaneuver"],"picked":"SKIP","floor":48},{"not_picked":["Bullet Time","Blur","Cloak And Dagger+1"],"picked":"SKIP","floor":54}],"player_experience":148587,"relics_obtained":[{"floor":9.0,"key":"Bronze Scales"},{"floor":11.0,"key":"Eternal Feather"},{"floor":26.0,"key":"Art of War"},{"floor":30.0,"key":"Boot"},{"floor":42,"key":"Toy Ornithopter"},{"floor":48,"key":"Akabeko"},{"floor":54,"key":"Tough Bandages"}],"event_choices":[{"cards_removed":["Strike_G"],"damage_healed":0.0,"max_hp_gain":0.0,"max_hp_loss":0.0,"gold_gain":0.0,"event_name":"Bonfire Elementals","player_choice":"Offered Basic","floor":2.0,"gold_loss":0.0,"damage_taken":0.0},{"cards_removed":["Strike_G"],"damage_healed":0.0,"max_hp_gain":0.0,"max_hp_loss":0.0,"gold_gain":0.0,"event_name":"The Cleric","player_choice":"Card Removal","floor":5.0,"gold_loss":50.0,"damage_taken":0.0},{"damage_healed":0.0,"max_hp_gain":0.0,"max_hp_loss":0.0,"gold_gain":0.0,"event_name":"Dead Adventurer","player_choice":"Searched \u00271\u0027 times","floor":11.0,"gold_loss":0.0,"damage_taken":0.0},{"damage_healed":23.0,"max_hp_gain":0.0,"max_hp_loss":0.0,"gold_gain":0.0,"event_name":"Big Fish","player_choice":"Banana","floor":12.0,"gold_loss":0.0,"damage_taken":0.0},{"cards_removed":["Strike_G"],"damage_healed":0.0,"max_hp_gain":0.0,"max_hp_loss":0.0,"gold_gain":0.0,"event_name":"Back to Basics","player_choice":"Elegance","floor":19.0,"gold_loss":0.0,"damage_taken":0.0},{"cards_removed":["Strike_G"],"damage_healed":0.0,"max_hp_gain":0.0,"max_hp_loss":0.0,"gold_gain":0.0,"event_name":"Beggar","player_choice":"Gave Gold","floor":20.0,"gold_loss":75.0,"damage_taken":0.0},{"damage_healed":0.0,"max_hp_gain":0.0,"max_hp_loss":0.0,"gold_gain":0.0,"event_name":"The Library","player_choice":"Read","floor":21.0,"gold_loss":0.0,"damage_taken":0.0,"cards_obtained":["Flechettes"]},{"damage_healed":0.0,"max_hp_gain":0.0,"max_hp_loss":0.0,"gold_gain":0.0,"event_name":"Drug Dealer","player_choice":"Inject Mutagens","floor":22.0,"gold_loss":0.0,"damage_taken":0.0,"relics_obtained":["MutagenicStrength"]},{"damage_healed":0.0,"max_hp_gain":0.0,"max_hp_loss":0.0,"gold_gain":0.0,"event_name":"Lab","player_choice":"Got Potions","floor":27.0,"gold_loss":0.0,"damage_taken":0.0},{"cards_removed":["Defend_G"],"damage_healed":0.0,"max_hp_gain":0.0,"max_hp_loss":0.0,"gold_gain":0.0,"event_name":"Designer","player_choice":"Upgrade and Remove","floor":36.0,"gold_loss":90.0,"damage_taken":0.0,"cards_upgraded":["Defend_G"]},{"damage_healed":0,"gold_gain":0,"player_choice":"Ignored","damage_taken":0,"max_hp_gain":0,"max_hp_loss":0,"event_name":"Mysterious Sphere","floor":39,"gold_loss":0}],"is_beta":false,"boss_relics":[{"not_picked":["Snecko Eye","Fusion Hammer"],"picked":"Sozu"},{"not_picked":["Calling Bell","Runic Pyramid"],"picked":"Ring of the Serpent"}],"items_purged_floors":[25],"is_endless":false,"potions_floor_spawned":[3,4,10,18,24,33,35,38,45,48,54],"killed_by":"The Heart","ascension_level":8}}