{"host":"8i4doyxqctgl5qb0","time":1609721340,"event":{"mods":["AchievementEnabler","BaseMod","Block Reminder","Colored Powertips","Downfall","Marisa£®ÏF”Í°°ƒß¿Ì…≥£©","Minty Spire (QoL Compilation)","Permanent Neow","Potion Indicator Mod","Rare Cards Sparkle","StSLib","SuperFastMode"],"gold_per_floor":[117,127,127,127,79,79,93,121,201,234,199,214,228,263,263,364,364,384,384,384,384,404,439,439,52,52,80,107,85,104,119,119,224,224,234,234,234,254,266,266,10,27,27,27,44,44,71,86,86,86],"floor_reached":51,"playtime":1979,"items_purged":[],"score":972,"play_id":"456eee6c-b577-4d22-bb4a-7c694a0826d9","local_time":"20210104084900","is_ascension_mode":true,"campfire_choices":[{"data":"Magnetism","floor":6.0,"key":"SMITH"},{"floor":15.0,"key":"REST"},{"floor":24.0,"key":"REST"},{"floor":32.0,"key":"REST"},{"data":"Immolate","floor":40.0,"key":"SMITH"},{"data":"Demon Form","floor":49,"key":"SMITH"}],"circlet_count":0,"master_deck":["Defend_R","Defend_R","Bash","Magnetism+1","Sword Boomerang","Disarm","Shrug It Off","Flex","Ghostly Armor","Cleave","Shockwave","Flex","Dual Wield","Immolate+1","Armaments+1","J.A.X.","Bite","Bite","Bite","Bite","Bite","Cleave","Cleave+1","Clash+1","Flex","Disarm","Whirlwind+1","Pommel Strike+1","Reaper","Pommel Strike+1","Transmutation","expansioncontent:PolyBeam","Pommel Strike","Pommel Strike+1","Parasite","Rage+1","Demon Form+1","Carnage+1","Carnage+1"],"relics":["Burning Blood","Bag of Marbles","MealTicket","Sundial","Dream Catcher","Pocketwatch","SlaversCollar","Gremlin Horn","Oddly Smooth Stone","Bottled Flame","Ornamental Fan","White Beast Statue","Toy Ornithopter","Busted Crown","Molten Egg 2","Meat on the Bone","Boot"],"acts_visited":["Exordium","TheCity","TheBeyond"],"potions_floor_usage":[50,50],"damage_taken":[{"damage":6.0,"enemies":"Cultist","floor":1.0,"turns":4.0},{"damage":0.0,"enemies":"2 Louse","floor":2.0,"turns":3.0},{"damage":15.0,"enemies":"Jaw Worm","floor":7.0,"turns":5.0},{"damage":12.0,"enemies":"Lagavulin","floor":8.0,"turns":6.0},{"damage":36.0,"enemies":"3 Sentries","floor":10.0,"turns":8.0},{"damage":3.0,"enemies":"Exordium Wildlife","floor":12.0,"turns":3.0},{"damage":1.0,"enemies":"Looter","floor":13.0,"turns":3.0},{"damage":5.0,"enemies":"Lagavulin","floor":14.0,"turns":7.0},{"damage":60.0,"enemies":"Hexaghost","floor":16.0,"turns":10.0},{"damage":11.0,"enemies":"Spheric Guardian","floor":18.0,"turns":5.0},{"damage":20.0,"enemies":"2 Thieves","floor":22.0,"turns":3.0},{"damage":18.0,"enemies":"Gremlin Leader","floor":23.0,"turns":6.0},{"damage":22.0,"enemies":"Book of Stabbing","floor":27.0,"turns":6.0},{"damage":22.0,"enemies":"Cultist and Chosen","floor":30.0,"turns":6.0},{"damage":25.0,"enemies":"Sentry and Sphere","floor":31.0,"turns":6.0},{"damage":49.0,"enemies":"Collector","floor":33.0,"turns":9.0},{"damage":18.0,"enemies":"3 Darklings","floor":35.0,"turns":2.0},{"damage":15.0,"enemies":"3 Shapes","floor":38.0,"turns":3.0},{"damage":37.0,"enemies":"Writhing Mass","floor":39.0,"turns":7.0},{"damage":2.0,"enemies":"3 Darklings","floor":42.0,"turns":2.0},{"damage":42.0,"enemies":"Transient","floor":45.0,"turns":5.0},{"damage":49,"enemies":"Giant Head","floor":47,"turns":8},{"damage":3,"enemies":"Jaw Worm Horde","floor":48,"turns":2},{"damage":50,"enemies":"Time Eater","floor":50,"turns":8}],"seed_played":"765826576237237614","potions_obtained":[{"floor":1.0,"key":"LiquidMemories"},{"floor":10.0,"key":"PowerPotion"},{"floor":16.0,"key":"DistilledChaos"},{"floor":23.0,"key":"Ancient Potion"},{"floor":27.0,"key":"Block Potion"},{"floor":30.0,"key":"Strength Potion"},{"floor":31.0,"key":"BloodPotion"},{"floor":33.0,"key":"SneckoOil"},{"floor":35.0,"key":"EssenceOfSteel"},{"floor":38.0,"key":"PowerPotion"},{"floor":39.0,"key":"Block Potion"},{"floor":42.0,"key":"Dexterity Potion"},{"floor":45.0,"key":"Fire Potion"}],"is_trial":false,"path_per_floor":["M","M","?","?","$","R","M","E","T","E","?","M","M","E","R","B",null,"M","?","?","?","M","E","R","$","T","E","T","$","M","M","R","B",null,"M","?","?","M","M","R","$","M","T","?","M","?","E","M","R","B",null],"character_chosen":"IRONCLAD","items_purchased":["Shrug It Off","Oddly Smooth Stone","Bottled Flame","Flex","Molten Egg 2"],"campfire_rested":3,"item_purchase_floors":[5,25,25,29,41],"current_hp_per_floor":[80,80,73,66,66,66,57,51,51,21,41,44,49,50,74,20,80,75,75,56,47,39,34,52,61,61,54,54,61,49,33,51,21,61,49,44,44,40,35,35,50,61,61,61,40,61,41,46,46,48],"gold":86,"neow_bonus":"RANDOM_COLORLESS_2","is_daily":false,"chose_seed":false,"campfire_upgraded":3,"win_rate":0.0,"timestamp":1609721340,"path_taken":["M","?","?","?","?","R","M","E","T","E","?","M","M","E","R","BOSS","M","?","?","?","M","E","R","?","T","E","?","$","M","M","R","BOSS","M","?","?","M","?","R","$","M","T","?","?","?","E","M","R","BOSS"],"items_purchased_type":["Card","Relic","Relic","Card","Relic"],"build_version":"2020-12-22","purchased_purges":0,"victory":true,"max_hp_per_floor":[80,80,80,80,80,80,80,80,80,80,80,80,80,80,80,80,80,80,80,56,61,61,61,61,61,61,61,61,61,61,61,61,61,61,61,61,61,61,61,61,61,61,61,61,61,61,61,61,61,61],"card_choices":[{"not_picked":["Sadistic Nature","Secret Technique"],"picked":"Magnetism","floor":0.0},{"not_picked":["Armaments","Rupture"],"picked":"Sword Boomerang","floor":1.0},{"not_picked":["Uppercut","Anger"],"picked":"Disarm","floor":2.0},{"not_picked":["Entrench","Warcry","Power Through"],"picked":"SKIP","floor":7.0},{"not_picked":["Searing Blow","Limit Break"],"picked":"Flex","floor":8.0},{"not_picked":["Power Through","Wild Strike"],"picked":"Ghostly Armor","floor":10.0},{"not_picked":["Rupture","Intimidate"],"picked":"Cleave","floor":12.0},{"not_picked":["Battle Trance","Hemokinesis"],"picked":"Shockwave","floor":13.0},{"not_picked":["Twin Strike","Thunderclap"],"picked":"Flex","floor":14.0},{"not_picked":["Sentinel","Anger"],"picked":"Dual Wield","floor":15.0},{"not_picked":["Exhume","Fiend Fire"],"picked":"Immolate","floor":16.0},{"not_picked":["Body Slam","Rupture"],"picked":"Armaments+1","floor":18.0},{"not_picked":["Thunderclap","Reckless Charge+1","Heavy Blade"],"picked":"SKIP","floor":22.0},{"not_picked":["Fire Breathing","Evolve+1"],"picked":"Cleave","floor":23.0},{"not_picked":["Shrug It Off","Rage"],"picked":"Cleave+1","floor":24.0},{"not_picked":["Entrench+1","Evolve"],"picked":"Clash+1","floor":27.0},{"not_picked":["Flex","Havoc"],"picked":"Disarm","floor":30.0},{"not_picked":["Havoc","Warcry"],"picked":"Whirlwind+1","floor":31.0},{"not_picked":["True Grit","Iron Wave"],"picked":"Pommel Strike+1","floor":32.0},{"not_picked":["Brutality","Bludgeon"],"picked":"Reaper","floor":33.0},{"not_picked":[],"picked":"Pommel Strike+1","floor":35.0},{"not_picked":[],"picked":"Transmutation","floor":36.0},{"not_picked":[],"picked":"expansioncontent:PolyBeam","floor":36.0},{"not_picked":[],"picked":"Pommel Strike+1","floor":38.0},{"not_picked":[],"picked":"Rage+1","floor":39.0},{"not_picked":["True Grit+1"],"picked":"SKIP","floor":42.0},{"not_picked":[],"picked":"Carnage+1","floor":45.0},{"not_picked":[],"picked":"Carnage+1","floor":47},{"not_picked":["Warcry+1"],"picked":"SKIP","floor":48}],"player_experience":56122,"relics_obtained":[{"floor":8.0,"key":"MealTicket"},{"floor":9.0,"key":"Sundial"},{"floor":10.0,"key":"Dream Catcher"},{"floor":14.0,"key":"Pocketwatch"},{"floor":23.0,"key":"Gremlin Horn"},{"floor":26.0,"key":"Ornamental Fan"},{"floor":27.0,"key":"White Beast Statue"},{"floor":28.0,"key":"Toy Ornithopter"},{"floor":43.0,"key":"Meat on the Bone"},{"floor":47,"key":"Boot"}],"event_choices":[{"cards_removed":["Writhe"],"damage_healed":0.0,"max_hp_gain":0.0,"max_hp_loss":0.0,"gold_gain":0.0,"event_name":"Golden Wing","player_choice":"Card Removal","floor":3.0,"gold_loss":0.0,"damage_taken":7.0},{"damage_healed":0.0,"max_hp_gain":0.0,"max_hp_loss":0.0,"gold_gain":0.0,"event_name":"Scrap Ooze","player_choice":"Success","floor":4.0,"gold_loss":0.0,"damage_taken":7.0,"relics_obtained":["Bag of Marbles"]},{"damage_healed":20.0,"max_hp_gain":0.0,"max_hp_loss":0.0,"gold_gain":0.0,"event_name":"The Cleric","player_choice":"Healed","floor":11.0,"gold_loss":35.0,"damage_taken":0.0},{"damage_healed":0.0,"max_hp_gain":0.0,"max_hp_loss":0.0,"gold_gain":0.0,"event_name":"Drug Dealer","player_choice":"Obtain J.A.X.","floor":19.0,"gold_loss":0.0,"damage_taken":0.0,"cards_obtained":["J.A.X."]},{"damage_healed":0.0,"max_hp_gain":0.0,"max_hp_loss":24.0,"gold_gain":0.0,"event_name":"Vampires","player_choice":"Became a vampire","floor":20.0,"gold_loss":0.0,"damage_taken":0.0,"cards_obtained":["Bite","Bite","Bite","Bite","Bite"]},{"damage_healed":0.0,"max_hp_gain":5.0,"max_hp_loss":0.0,"gold_gain":0.0,"event_name":"Forgotten Altar","player_choice":"Shed Blood","floor":21.0,"gold_loss":0.0,"damage_taken":14.0},{"damage_healed":0.0,"max_hp_gain":0.0,"max_hp_loss":0.0,"gold_gain":0.0,"event_name":"SensoryStone","player_choice":"Memory 2","floor":36.0,"gold_loss":0.0,"damage_taken":5.0},{"damage_healed":0.0,"max_hp_gain":0.0,"max_hp_loss":0.0,"gold_gain":0.0,"cards_transformed":["Defend_R"],"event_name":"Transmorgrifier","player_choice":"Transformed","floor":37.0,"gold_loss":0.0,"damage_taken":0.0,"cards_obtained":["Pommel Strike"]},{"damage_healed":0.0,"max_hp_gain":0.0,"max_hp_loss":0.0,"gold_gain":0.0,"cards_transformed":["Defend_R"],"event_name":"Transmorgrifier","player_choice":"Transformed","floor":44.0,"gold_loss":0.0,"damage_taken":0.0,"cards_obtained":["Demon Form"]},{"damage_healed":21.0,"max_hp_gain":0.0,"max_hp_loss":0.0,"gold_gain":0.0,"event_name":"Wheel of Change","player_choice":"Full Heal","floor":46.0,"gold_loss":0.0,"damage_taken":0.0}],"is_beta":false,"boss_relics":[{"not_picked":["Snecko Eye","Fusion Hammer"],"picked":"SlaversCollar"},{"not_picked":["Astrolabe","Runic Dome"],"picked":"Busted Crown"}],"items_purged_floors":[],"is_endless":false,"potions_floor_spawned":[1,10,16,23,27,30,31,33,35,38,39,42,45,47,48],"ascension_level":4}}