{"host":"ixqzyafodex1tsi5","time":1609748454,"event":{"mods":["ATMod(°¢èªMod)","AchievementEnabler","Act Like it!","BaseMod","Gensokyo","GifTheSpireLib","Lobotomy","LobotomyExtend","Luminous","Minty Spire (QoL Compilation)","Relic Stats","Replay The Spire","RumiaBox-Â¶Ã×æ«µÄÉñÃØºÐ×Ó","Shop Mod","Spicy Shops","StSLib","The Cursed","[IsaacMod]ÒÔÈö¼âËþ","¡¾¹¦ÄÜMod¡¿»ìãçÖ®»·ÐÞ¸´²¹¶¡","¡¾ÒÅÎï¿¨ÅÆ¡¿REMEMod"],"gold_per_floor":[526,544,562,582,599,599,627,627,627,627,650,669,701,711,711,809,809,819,208,223,223,239,267,267,301,301,318,346,271,283,310,310,405,405,425,445,30,85,99,130,130,163,163,163,178,178,191,211,211,228,228,253,253,278,333,333,147,147,147,167,527,738,738,738,738,51,319,394],"floor_reached":23,"playtime":3720,"items_purged":["Defend_G","Strike_G","Strike_G","Delirium","WhiteNight"],"score":1670,"play_id":"8b1e1819-01b4-4e0d-a155-748b6b2760b8","local_time":"20210104162054","is_ascension_mode":true,"campfire_choices":[{"floor":6.0,"key":"REST"},{"data":"Dagger Spray","floor":10.0,"key":"SMITH"},{"floor":46,"key":"RECALL"},{"data":"Envenom","floor":7,"key":"SMITH"},{"data":"ReplayTheSpireMod:Private Reserves","floor":10,"key":"SMITH"},{"data":"AT_KingSlayer","floor":12,"key":"SMITH"},{"data":"Adrenaline","floor":19,"key":"SMITH"}],"circlet_count":0,"master_deck":["Mercenary","BodiesMountain","BodiesMountain","BigBird","Strike_G+1","Strike_G","Defend_G+1","HereticApostle","Survivor","Neutralize","AT_TearsDenial","TheCursedMod:DemonSword","Replay:Bag of Tricks","Dagger Spray+1","Bane","Distraction","Toxin Wave","RedShoes","Dagger Spray","Glass Knife","Cloak And Dagger","ReplayTheSpireMod:The Works","Acrobatics+1","AT_MyraUnstableElement","Envenom+1","NothingThere","ReplayTheSpireMod:Private Reserves+1","AT_Desolate","Bouncing Flask+1","Blade Dance","AT_ManFootWork","AT_KingSlayer+1","ReplayTheSpireMod:IOU","LongBird","AT_KingSlayer","Adrenaline+1"],"relics":["HushsDoor","Void","CogitoBucket","GnawedLeaf","Orichalcum","Diplopia","SecretRecord","SecretRecord","Kunai","Nunchaku","AdjustmentMirror","Vajra","Black Star","Lamp_r","Blood Vial","Replay:Mystery Machine","Anchor","SkinProphecy","Ring of Hypnosis","TheBible","Onion Ring","Replay:WaspNest","Mummified Hand","AT_BladeRuinedKing","MealTicket","ReplayTheSpireMod:Lightbulb","AtMidnight","LuminousBracelet","Blue Candle","Pen Nib","REME_DemonsWealth","AT_BellowingDragoncrestRing","Replay:Kaleidoscope","TheBean","BookofShadows","AT_RedNoBalance","Snake Skull","GodSword4","DeathAngel","TheSmile_r","RabbitCall","SecretRecord","Baka","SecretRecord","DeadEye","LetterFromLob","Replay:Bottled Flurry","CrimsonScar_r","AT_TheCollector","Toy Ornithopter","Replay:Wax Seal","Replay:Bandana","HandDrill","Strange Spoon","Ancient Tea Set","TungstenRod","EdensBlessing","Toolbox","AT_ImmortalShieldbow","Centennial Puzzle"],"acts_visited":["Exordium","TheCity","TheBeyond","TheEnding"],"potions_floor_usage":[23,33,36],"damage_taken":[{"damage":1.00000023E8,"enemies":"Cultist","floor":1.0,"turns":6.0},{"damage":1.0,"enemies":"Small Slimes","floor":2.0,"turns":3.0},{"damage":0.0,"enemies":"Jaw Worm","floor":3.0,"turns":2.0},{"damage":11.0,"enemies":"Exordium Wildlife","floor":4.0,"turns":3.0},{"damage":0.0,"enemies":"Lots of Slimes","floor":5.0,"turns":2.0},{"damage":0.0,"enemies":"Lagavulin","floor":7.0,"turns":3.0},{"damage":2.0,"enemies":"Looter","floor":12.0,"turns":2.0},{"damage":0.0,"enemies":"3 Sentries","floor":13.0,"turns":1.0},{"damage":0.0,"enemies":"Blue Slaver","floor":14.0,"turns":1.0},{"damage":7.0,"enemies":"The Guardian","floor":16.0,"turns":4.0},{"damage":4,"enemies":"3 Byrds","floor":18,"turns":5},{"damage":2,"enemies":"2 Thieves","floor":20,"turns":1},{"damage":3,"enemies":"Centurion and Healer","floor":22,"turns":1},{"damage":2,"enemies":"Gremlin Leader","floor":23,"turns":2},{"damage":4,"enemies":"Replay:Snechameleon","floor":25,"turns":1},{"damage":3,"enemies":"Snecko","floor":27,"turns":1},{"damage":0,"enemies":"Book of Stabbing","floor":28,"turns":2},{"damage":5,"enemies":"Shelled Parasite and Fungi","floor":30,"turns":4},{"damage":2,"enemies":"Replay:Snechameleon","floor":31,"turns":2},{"damage":26,"enemies":"Collector","floor":33,"turns":3},{"damage":0,"enemies":"3 Shapes","floor":35,"turns":2},{"damage":8,"enemies":"3 Darklings","floor":36,"turns":3},{"damage":1,"enemies":"2 Orb Walkers","floor":38,"turns":1},{"damage":9,"enemies":"Transient","floor":39,"turns":3},{"damage":4,"enemies":"R_Hoarder","floor":40,"turns":2},{"damage":0,"enemies":"Nemesis","floor":42,"turns":1},{"damage":50,"enemies":"R_Hoarder","floor":44,"turns":4},{"damage":0,"enemies":"4 Shapes","floor":45,"turns":1},{"damage":0,"enemies":"Cultist","floor":1,"turns":1},{"damage":5,"enemies":"2 Louse","floor":2,"turns":2},{"damage":0,"enemies":"Small Slimes","floor":4,"turns":1},{"damage":0,"enemies":"Lagavulin","floor":6,"turns":1},{"damage":0,"enemies":"3 Sentries","floor":8,"turns":1},{"damage":0,"enemies":"Exordium Wildlife","floor":14,"turns":1},{"damage":0,"enemies":"3 Sentries","floor":15,"turns":1},{"damage":0,"enemies":"The Guardian","floor":16,"turns":1},{"damage":0,"enemies":"Shield and Spear","floor":21,"turns":1},{"damage":5,"enemies":"The Heart","floor":22,"turns":2}],"seed_played":"7226133022431948571","potions_obtained":[{"floor":1.0,"key":"Energy Potion"},{"floor":1.0,"key":"CunningPotion"},{"floor":1.0,"key":"Weak Potion"},{"floor":2.0,"key":"SmokeBomb"},{"floor":5.0,"key":"Weak Potion"},{"floor":14.0,"key":"Explosive Potion"},{"floor":16.0,"key":"Poison Potion"},{"floor":27,"key":"SteroidPotion"},{"floor":33,"key":"Fire Potion"},{"floor":35,"key":"Block Potion"},{"floor":36,"key":"Ancient Potion"},{"floor":38,"key":"AttackPotion"},{"floor":44,"key":"LifebloodPotion"},{"floor":45,"key":"PowerPotion"},{"floor":15,"key":"REME_GoldPotion"}],"is_trial":false,"path_per_floor":["M","M","M","M","M","R","E","?","T","R","T","M","E","M","R","B",null,"M","$","M","?","M","E","?","E","T","M","E","?","M","E","R","B",null,"M","M","$","?","M","E","?","E","T","E","M","R","?","M","M","?","M","?","E","R","E","T","R","$","R","?","M","R","B",null,null,"R","$","E","B",null],"character_chosen":"THE_SILENT","items_purchased":["Blood Vial","Replay:Mystery Machine","Anchor","AT_BellowingDragoncrestRing","ReplayTheSpireMod:Private Reserves","AT_Desolate","AT_KingSlayer","Replay:Wax Seal","Replay:Bandana","HandDrill","Strange Spoon","TungstenRod","EdensBlessing","Toolbox"],"campfire_rested":1,"item_purchase_floors":[19,19,19,37,37,37,11,11,11,11,11,20,20,20],"current_hp_per_floor":[6,5,5,10,10,31,31,31,31,31,31,29,29,29,29,22,58,54,54,62,62,57,54,54,50,50,47,49,49,64,64,64,37,87,86,82,97,102,111,113,113,115,115,118,121,121,121,122,97,108,108,133,133,135,135,135,135,135,135,137,139,141,141,141,141,141,143,144],"gold":394,"neow_bonus":"","is_daily":false,"chose_seed":false,"campfire_upgraded":5,"win_rate":0.0,"timestamp":1609748454,"path_taken":["M","M","M","?","M","R","E","?","T","R","?","?","E","M","R","BOSS","M","?","M","?","M","E","?","E","T","M","E","?","M","E","R","BOSS","M","M","$","?","M","E","?","E","T","E","M","R","?","M","?","?","M","?","E","R","E","T","R","$","R","?","?","R","BOSS","R","$","E","BOSS"],"items_purchased_type":["Relic","Relic","Relic","Relic","Card","Card","Card","Relic","Relic","Relic","Relic","Relic","Relic","Relic"],"build_version":"2020-12-22","purchased_purges":5,"victory":true,"max_hp_per_floor":[70,70,70,70,70,70,70,70,70,70,70,70,70,70,70,70,70,70,70,70,70,72,74,74,76,76,78,80,80,99,101,101,103,103,105,107,107,109,111,113,113,115,115,119,121,121,123,125,125,127,131,133,133,135,135,135,135,135,135,137,139,141,141,141,141,141,143,145],"relic_stats":{"counters":[42,82],"Blue Candle":[2],"Pen Nib":[7],"Snake Skull":[38],"Orichalcum":[102],"Blood Vial":40,"Strange Spoon":[2],"Nunchaku":[14],"Centennial Puzzle":[3],"Mummified Hand":[17],"MealTicket":15,"Black Star":9,"HandDrill":[0],"Kunai":[26],"obtain_stats":[{"AT_ATBox":0,"Vajra":13,"LuminousBracelet":30,"DeadEye":6,"AdjustmentMirror":12,"SkinProphecy":20,"Blood Vial":19,"Centennial Puzzle":21,"TheBean":40,"MealTicket":28,"Diplopia":1,"Replay:Bottled Flurry":6,"HandDrill":11,"Kunai":9,"Void":0,"AT_RedNoBalance":44,"Replay:Wax Seal":11,"WantedRequest":8,"KeepersGift":0,"BookofShadows":40,"Ring of Hypnosis":21,"Blue Candle":31,"AddBug":1,"Pen Nib":31,"AT_SilverBalance":42,"Replay:Kaleidoscope":38,"AT_TheCollector":8,"PlanX":7,"TheSmile_r":45,"Onion Ring":23,"Black Star":17,"GodSword4":43,"EdensBlessing":20,"HushsDoor":0,"RabbitCall":0,"GnawedLeaf":1,"SecretRecord":1,"Snake Skull":42,"Replay:Mystery Machine":19,"Ancient Tea Set":15,"Lamp_r":18,"CogitoBucket":0,"Nunchaku":11,"REME_DemonsWealth":34,"Replay:Bandana":11,"Mummified Hand":25,"Toolbox":20,"CrimsonScar_r":8,"Ring of the Snake":0,"Replay:WaspNest":25,"AT_BladeRuinedKing":26,"Baka":1,"DeathAngel":44,"Orichalcum":1,"AT_ImmortalShieldbow":21,"Strange Spoon":11,"Anchor":19,"AT_BellowingDragoncrestRing":37,"TheBible":23,"AtMidnight":30,"LetterFromLob":1,"ReplayTheSpireMod:Lightbulb":28,"Toy Ornithopter":8,"TungstenRod":20,"REME_ComplimentaryCards":0},{"AT_ATBox":0,"Vajra":9,"LuminousBracelet":21,"DeadEye":36,"AdjustmentMirror":8,"SkinProphecy":14,"Blood Vial":12,"Centennial Puzzle":41,"TheBean":28,"MealTicket":19,"Diplopia":1,"Replay:Bottled Flurry":36,"HandDrill":37,"Kunai":6,"Void":0,"AT_RedNoBalance":30,"Replay:Wax Seal":37,"WantedRequest":37,"KeepersGift":0,"BookofShadows":28,"Ring of Hypnosis":14,"Blue Candle":22,"AddBug":1,"Pen Nib":22,"AT_SilverBalance":29,"Replay:Kaleidoscope":26,"AT_TheCollector":37,"PlanX":6,"TheSmile_r":32,"Onion Ring":16,"Black Star":11,"GodSword4":29,"EdensBlessing":40,"HushsDoor":0,"RabbitCall":32,"GnawedLeaf":1,"SecretRecord":1,"Snake Skull":29,"Replay:Mystery Machine":12,"Ancient Tea Set":38,"Lamp_r":12,"CogitoBucket":0,"Nunchaku":6,"REME_DemonsWealth":23,"Replay:Bandana":37,"Mummified Hand":17,"Toolbox":40,"CrimsonScar_r":37,"Ring of the Snake":0,"Replay:WaspNest":17,"AT_BladeRuinedKing":17,"Baka":1,"DeathAngel":31,"Orichalcum":1,"AT_ImmortalShieldbow":41,"Strange Spoon":37,"Anchor":12,"AT_BellowingDragoncrestRing":25,"TheBible":16,"AtMidnight":21,"LetterFromLob":1,"ReplayTheSpireMod:Lightbulb":19,"Toy Ornithopter":37,"TungstenRod":40,"REME_ComplimentaryCards":0},{"AT_ATBox":0,"Vajra":23,"LuminousBracelet":47,"DeadEye":75,"AdjustmentMirror":22,"SkinProphecy":35,"Blood Vial":33,"Centennial Puzzle":80,"TheBean":63,"MealTicket":42,"Diplopia":6,"Replay:Bottled Flurry":75,"HandDrill":76,"Kunai":19,"Void":0,"AT_RedNoBalance":64,"Replay:Wax Seal":76,"WantedRequest":76,"KeepersGift":0,"BookofShadows":63,"Ring of Hypnosis":35,"Blue Candle":49,"AddBug":6,"Pen Nib":49,"AT_SilverBalance":64,"Replay:Kaleidoscope":58,"AT_TheCollector":76,"PlanX":19,"TheSmile_r":70,"Onion Ring":38,"Black Star":28,"GodSword4":64,"EdensBlessing":79,"HushsDoor":0,"RabbitCall":70,"GnawedLeaf":6,"SecretRecord":6,"Snake Skull":64,"Replay:Mystery Machine":33,"Ancient Tea Set":77,"Lamp_r":33,"CogitoBucket":0,"Nunchaku":19,"REME_DemonsWealth":52,"Replay:Bandana":76,"Mummified Hand":39,"Toolbox":79,"CrimsonScar_r":76,"Ring of the Snake":0,"Replay:WaspNest":39,"AT_BladeRuinedKing":39,"Baka":6,"DeathAngel":69,"Orichalcum":6,"AT_ImmortalShieldbow":80,"Strange Spoon":76,"Anchor":33,"AT_BellowingDragoncrestRing":57,"TheBible":38,"AtMidnight":47,"LetterFromLob":6,"ReplayTheSpireMod:Lightbulb":42,"Toy Ornithopter":76,"TungstenRod":79,"REME_ComplimentaryCards":0}],"Toy Ornithopter":0,"TungstenRod":14},"card_choices":[{"not_picked":[],"picked":"SuicideKing","floor":0.0},{"not_picked":["Predator","PiercingWail"],"picked":"Replay:Bag of Tricks","floor":1.0},{"not_picked":["AT_Desolate","Slice"],"picked":"Dagger Spray","floor":1.0},{"not_picked":["FairyFestival","CrumblingArmor","MHz"],"picked":"Singing Bowl","floor":1.0},{"not_picked":["ShyLook","CherryBlossoms","Scorched"],"picked":"Singing Bowl","floor":2.0},{"not_picked":["Deadly Poison","Wraith Form v2"],"picked":"Bane","floor":2.0},{"not_picked":["ShyLook","SingingMachine","VoidDream"],"picked":"Singing Bowl","floor":3.0},{"not_picked":["Slice","Underhanded Strike","Concentrate"],"picked":"SKIP","floor":3.0},{"not_picked":["MeatLantern","Variant","SnowQueen"],"picked":"Singing Bowl","floor":4.0},{"not_picked":["Backflip","AT_TinkerSharpsword"],"picked":"Distraction","floor":4.0},{"not_picked":["VoidDream","LittlePrince","UniverseFragment"],"picked":"Singing Bowl","floor":5.0},{"not_picked":["MHz","CrumblingArmor"],"picked":"Mercenary","floor":5.0},{"not_picked":["Dodge and Roll","AT_WindRun"],"picked":"Toxin Wave","floor":5.0},{"not_picked":["BeautyBeast","CrumblingArmor","Scarecrow"],"picked":"Singing Bowl","floor":7.0},{"not_picked":["Choke","Heel Hook","ReplayTheSpireMod:From All Sides"],"picked":"SKIP","floor":7.0},{"not_picked":["DespairKnight","Scarecrow"],"picked":"BigBird","floor":12.0},{"not_picked":["Dodge and Roll","Deflect","Dagger Throw"],"picked":"SKIP","floor":12.0},{"not_picked":["Laetitia","MeatLantern","Bloodbath"],"picked":"Singing Bowl","floor":13.0},{"not_picked":["PiercingWail","Dodge and Roll"],"picked":"Bouncing Flask","floor":13.0},{"not_picked":["PunishingBird","Scorched"],"picked":"RedShoes","floor":14.0},{"not_picked":["Bane","PiercingWail"],"picked":"Dagger Spray","floor":14.0},{"not_picked":["LaLuna","PunishingBird","Scarecrow"],"picked":"Singing Bowl","floor":16.0},{"not_picked":["Poison Darts","Wraith Form v2"],"picked":"Glass Knife","floor":16.0},{"not_picked":["MeatLantern","Scorched"],"picked":"BodiesMountain","floor":18},{"not_picked":["Flechettes","Predator","ReplayTheSpireMod:Tripwire"],"picked":"SKIP","floor":18},{"not_picked":["QueenOfHatred","GalaxyChild","ShyLook"],"picked":"Singing Bowl","floor":20},{"not_picked":["AT_WindRun","Poisoned Stab","Hidden Blade"],"picked":"SKIP","floor":20},{"not_picked":["Scarecrow","Murderer","BeautyBeast"],"picked":"Singing Bowl","floor":22},{"not_picked":["Dagger Spray+1","Dodge and Roll"],"picked":"Cloak And Dagger","floor":22},{"not_picked":["Scarecrow","GalaxyChild","Funeral"],"picked":"Singing Bowl","floor":23},{"not_picked":["Flying Knee+1","Setup"],"picked":"ReplayTheSpireMod:The Works","floor":23},{"not_picked":["BigBadWolf","OSAHOGD","SilentOrchestra"],"picked":"Singing Bowl","floor":25},{"not_picked":["Prepared","Flying Knee+1"],"picked":"Acrobatics+1","floor":25},{"not_picked":["PunishingBird","BigBadWolf","Rudolta"],"picked":"Singing Bowl","floor":27},{"not_picked":["Endless Agony","Reflex","A Thousand Cuts"],"picked":"SKIP","floor":27},{"not_picked":["OSAHOGD","SingingMachine","QueenOfHatred"],"picked":"Singing Bowl","floor":28},{"not_picked":["Predator","Dagger Spray","Underhanded Strike"],"picked":"SKIP","floor":28},{"not_picked":["DespairKnight","Rudolta","Funeral"],"picked":"Singing Bowl","floor":30},{"not_picked":["Underhanded Strike+1","Hidden Blade+1","Dodge and Roll"],"picked":"SKIP","floor":30},{"not_picked":["Bloodbath","GreedKing","PunishingBird"],"picked":"Singing Bowl","floor":31},{"not_picked":["Acrobatics+1","Dash","AT_ThistleTea"],"picked":"SKIP","floor":31},{"not_picked":["Wellcheers","SpiderBud","QueenBee"],"picked":"Singing Bowl","floor":33},{"not_picked":["ReplayTheSpireMod:From All Sides","Doppelganger"],"picked":"Envenom","floor":33},{"not_picked":["Laetitia","Yin","ShyLook"],"picked":"Singing Bowl","floor":35},{"not_picked":["AT_WindRun+1","Bane","Finisher+1","Doubt"],"picked":"SKIP","floor":35},{"not_picked":["Scorched","Rudolta"],"picked":"NothingThere","floor":36},{"not_picked":["Dash+1","Sucker Punch+1","Grand Finale","Spreading Infection"],"picked":"SKIP","floor":36},{"not_picked":["QueenOfHatred","GalaxyChild","DespairKnight"],"picked":"Singing Bowl","floor":38},{"not_picked":["Dash+1","Choke+1","Parasite"],"picked":"Bouncing Flask+1","floor":38},{"not_picked":["LittleHelper","LittlePrince"],"picked":"BlueStar","floor":39},{"not_picked":["Deadly Poison+1","Poisoned Stab","Injury"],"picked":"Blade Dance","floor":39},{"not_picked":["SpiderBud","QueenOfHatred","Scarecrow"],"picked":"Singing Bowl","floor":40},{"not_picked":["Endless Agony+1","Backstab+1","Dodge and Roll","Normality"],"picked":"SKIP","floor":40},{"not_picked":["Rudolta","SpiderBud","LittlePrince"],"picked":"Singing Bowl","floor":42},{"not_picked":["LittlePrince","Scarecrow"],"picked":"WhiteNight","floor":42},{"not_picked":["Footwork+1","Underhanded Strike","Escape Plan","Parasite"],"picked":"SKIP","floor":42},{"not_picked":["Freischutz","LaLuna","BlackSwan"],"picked":"Singing Bowl","floor":44},{"not_picked":["DreamingCurrent","Murderer","SpiderBud"],"picked":"Singing Bowl","floor":45},{"not_picked":["Backflip+1","Noxious Fumes+1","Outmaneuver","Gensokyo:AllTheWorldsEvil"],"picked":"SKIP","floor":45},{"not_picked":[],"picked":"SuicideKing","floor":0},{"not_picked":["Wellcheers","UniverseFragment","SpiderBud"],"picked":"Singing Bowl","floor":1},{"not_picked":["AT_TinkerSharpsword","Accuracy","AT_WindFlip","Injury"],"picked":"SKIP","floor":1},{"not_picked":["CherryBlossoms","FairyFestival","Freischutz"],"picked":"Singing Bowl","floor":2},{"not_picked":["Blade Dance","Quick Slash","Flying Knee","Decay"],"picked":"SKIP","floor":2},{"not_picked":["OldLady","BigBadWolf","QueenBee"],"picked":"Singing Bowl","floor":4},{"not_picked":["AT_ArcaneSupremacy","Night Terror","Prepared","ReplayTheSpireMod:Doomed"],"picked":"SKIP","floor":4},{"not_picked":["Laetitia","OSAHOGD","QueenBee"],"picked":"Singing Bowl","floor":6},{"not_picked":["Reflex","Bane","Hidden Blade","Delirium"],"picked":"SKIP","floor":6},{"not_picked":["Freischutz","SpiderBud","PunishingBird"],"picked":"Singing Bowl","floor":8},{"not_picked":["Reflex","Flechettes","Bouncing Flask","Normality"],"picked":"SKIP","floor":8},{"not_picked":["CrumblingArmor","Bloodbath"],"picked":"LongBird","floor":14},{"not_picked":["All Out Attack","Acrobatics","CommonCold"],"picked":"AT_KingSlayer","floor":14},{"not_picked":["Murderer","Funeral","QueenBee"],"picked":"Singing Bowl","floor":15},{"not_picked":["Wellcheers","Bloodbath","Variant"],"picked":"Singing Bowl","floor":16},{"not_picked":["A Thousand Cuts","Storm of Steel","Shame"],"picked":"Adrenaline","floor":16},{"not_picked":["FieryBird","LaLuna","MeatLantern"],"picked":"Singing Bowl","floor":21},{"not_picked":["Sucker Punch","Quick Slash+1","Cloak And Dagger","TheCursedMod:Dregs"],"picked":"SKIP","floor":21}],"player_experience":218353,"relics_obtained":[{"floor":1.0,"key":"GnawedLeaf"},{"floor":1.0,"key":"Orichalcum"},{"floor":1.0,"key":"Diplopia"},{"floor":1.0,"key":"LetterFromLob"},{"floor":1.0,"key":"Baka"},{"floor":1.0,"key":"AddBug"},{"floor":4.0,"key":"SecretRecord"},{"floor":4.0,"key":"LetterFromLob"},{"floor":7.0,"key":"LetterFromLob"},{"floor":7.0,"key":"PlanX"},{"floor":9.0,"key":"Kunai"},{"floor":11.0,"key":"Nunchaku"},{"floor":13.0,"key":"Vajra"},{"floor":13.0,"key":"LetterFromLob"},{"floor":18,"key":"LetterFromLob"},{"floor":21,"key":"Ring of Hypnosis"},{"floor":23,"key":"TheBible"},{"floor":23,"key":"Onion Ring"},{"floor":25,"key":"Replay:WaspNest"},{"floor":25,"key":"Mummified Hand"},{"floor":26,"key":"AT_BladeRuinedKing"},{"floor":28,"key":"MealTicket"},{"floor":28,"key":"ReplayTheSpireMod:Lightbulb"},{"floor":30,"key":"AtMidnight"},{"floor":30,"key":"LetterFromLob"},{"floor":31,"key":"Blue Candle"},{"floor":31,"key":"Pen Nib"},{"floor":31,"key":"LetterFromLob"},{"floor":38,"key":"Replay:Kaleidoscope"},{"floor":40,"key":"TheBean"},{"floor":40,"key":"BookofShadows"},{"floor":40,"key":"LetterFromLob"},{"floor":42,"key":"AT_SilverBalance"},{"floor":42,"key":"Snake Skull"},{"floor":43,"key":"GodSword4"},{"floor":44,"key":"DeathAngel"},{"floor":45,"key":"LetterFromLob"},{"floor":1,"key":"LetterFromLob"},{"floor":1,"key":"AddBug"},{"floor":1,"key":"Baka"},{"floor":6,"key":"SecretRecord"},{"floor":6,"key":"DeadEye"},{"floor":6,"key":"LetterFromLob"},{"floor":6,"key":"Replay:Bottled Flurry"},{"floor":8,"key":"AT_TheCollector"},{"floor":8,"key":"Toy Ornithopter"},{"floor":21,"key":"AT_ImmortalShieldbow"},{"floor":21,"key":"Centennial Puzzle"}],"event_choices":[{"cards_removed":["Strike_G"],"damage_healed":0,"gold_gain":0,"player_choice":"Gave Gold","damage_taken":0,"max_hp_gain":0,"max_hp_loss":0,"event_name":"Beggar","floor":29,"gold_loss":75},{"damage_healed":0,"gold_gain":0,"player_choice":"Fight","damage_taken":0,"max_hp_gain":0,"max_hp_loss":0,"event_name":"Mysterious Sphere","floor":38,"gold_loss":0},{"cards_removed":["AT_KneejerkReflex"],"damage_healed":0,"gold_gain":0,"player_choice":"Removed Power","damage_taken":0,"max_hp_gain":0,"max_hp_loss":0,"event_name":"Falling","floor":41,"gold_loss":0},{"damage_healed":0,"gold_gain":0,"player_choice":"Entered Light","damage_taken":25,"max_hp_gain":0,"max_hp_loss":0,"event_name":"Shining Light","floor":3,"gold_loss":0,"cards_upgraded":["Defend_G","Strike_G"]},{"damage_healed":0,"gold_gain":0,"player_choice":"Searched \u00273\u0027 times","damage_taken":0,"relics_obtained":["Ancient Tea Set"],"max_hp_gain":0,"max_hp_loss":0,"event_name":"Dead Adventurer","floor":15,"gold_loss":0}],"is_beta":false,"boss_relics":[{"not_picked":["Ectoplasm","Fusion Hammer"],"picked":"Black Star"},{"not_picked":[]},{"not_picked":["Snecko Scales","Calling Bell"],"picked":"REME_DemonsWealth"},{"not_picked":[]}],"items_purged_floors":[19,19,11,11,20],"is_endless":false,"potions_floor_spawned":[2,5,14,16,18,22,27,33,35,36,38,44,45,4,15],"ascension_level":7}}