{"host":"szp1d6dso4pv7ddl","time":1609726612,"event":{"mods":["AchievementEnabler","Alarm Clock","BaseMod","Bestiary","Block Reminder","Colored Map","Colored Powertips","Curses Come First","Displayed Cursed Tome","Highlight Path","Minty Spire (QoL Compilation)","Permanent Neow","Quick Restart","Relic Sorter","Relic Stats","StSLib","Synergy Search"],"gold_per_floor":[360,360,57,67,79,79,93,93,93,104,104,114,125,125,125,125,125],"floor_reached":16,"playtime":763,"items_purged":[],"score":155,"play_id":"b9c451df-6699-477b-9f4d-8211cb699260","local_time":"20210103181652","is_ascension_mode":true,"campfire_choices":[{"floor":6.0,"key":"REST"},{"floor":8.0,"key":"REST"},{"data":"True Grit","floor":11.0,"key":"SMITH"},{"floor":15.0,"key":"REST"}],"circlet_count":0,"master_deck":["AscendersBane","Strike_R","Strike_R","Strike_R","Strike_R","Defend_R","Defend_R","Defend_R","Defend_R","Bash","Rampage","True Grit+1","Burning Pact"],"relics":["Burning Blood","Dead Branch","Oddly Smooth Stone"],"acts_visited":["Exordium"],"potions_floor_usage":[16],"damage_taken":[{"damage":10.0,"enemies":"Small Slimes","floor":1.0,"turns":5.0},{"damage":6.0,"enemies":"Cultist","floor":4.0,"turns":4.0},{"damage":1.0,"enemies":"Jaw Worm","floor":5.0,"turns":4.0},{"damage":40.0,"enemies":"Large Slime","floor":7.0,"turns":11.0},{"damage":16.0,"enemies":"Looter","floor":10.0,"turns":3.0},{"damage":15.0,"enemies":"Blue Slaver","floor":12.0,"turns":3.0},{"damage":21.0,"enemies":"Lots of Slimes","floor":13.0,"turns":8.0},{"damage":51,"enemies":"The Guardian","floor":16,"turns":9}],"seed_played":"8930132094376972724","potions_obtained":[{"floor":1.0,"key":"SteroidPotion"},{"floor":12.0,"key":"LiquidBronze"}],"is_trial":false,"path_per_floor":["M","?","$","M","M","R","M","R","T","M","R","M","M","?","R","B"],"character_chosen":"IRONCLAD","items_purchased":["Dead Branch"],"campfire_rested":3,"item_purchase_floors":[3],"current_hp_per_floor":[47,40,40,40,45,69,35,59,59,49,49,40,25,25,49,0,0],"gold":125,"neow_bonus":"TWO_FIFTY_GOLD","is_daily":false,"chose_seed":false,"campfire_upgraded":1,"win_rate":0.0,"timestamp":1609726612,"path_taken":["M","?","$","M","M","R","M","R","T","M","R","M","M","?","R","BOSS"],"items_purchased_type":["Relic"],"build_version":"2020-12-22","purchased_purges":0,"victory":false,"max_hp_per_floor":[80,80,80,80,80,80,80,80,80,80,80,80,80,80,80,80,80],"relic_stats":{"counters":[8,47],"Dead Branch":[23],"obtain_stats":[{"Dead Branch":3,"Oddly Smooth Stone":9,"Burning Blood":0},{"Dead Branch":1,"Oddly Smooth Stone":4,"Burning Blood":0},{"Dead Branch":5,"Oddly Smooth Stone":24,"Burning Blood":0}],"Burning Blood":42},"card_choices":[{"not_picked":["Intimidate","Burning Pact"],"picked":"Rampage","floor":1.0},{"not_picked":["Twin Strike","Cleave","Warcry"],"picked":"SKIP","floor":4.0},{"not_picked":["Armaments","Sword Boomerang","Iron Wave"],"picked":"SKIP","floor":5.0},{"not_picked":["Ghostly Armor","Twin Strike"],"picked":"True Grit","floor":7.0},{"not_picked":["Clothesline","Twin Strike","Headbutt"],"picked":"SKIP","floor":10.0},{"not_picked":["Rampage","Flex","Brutality"],"picked":"SKIP","floor":12.0},{"not_picked":["Body Slam","Ghostly Armor"],"picked":"Burning Pact","floor":13.0}],"player_experience":1112261,"relics_obtained":[{"floor":9.0,"key":"Oddly Smooth Stone"}],"event_choices":[{"cards_removed":["Strike_R"],"damage_healed":0.0,"max_hp_gain":0.0,"max_hp_loss":0.0,"gold_gain":0.0,"event_name":"Golden Wing","player_choice":"Card Removal","floor":2.0,"gold_loss":0.0,"damage_taken":7.0},{"damage_healed":0.0,"max_hp_gain":0.0,"max_hp_loss":0.0,"gold_gain":0.0,"event_name":"The Woman in Blue","player_choice":"Bought 0 Potions","floor":14.0,"gold_loss":0.0,"damage_taken":0.0}],"is_beta":false,"boss_relics":[],"items_purged_floors":[],"is_endless":false,"potions_floor_spawned":[1,12],"killed_by":"The Guardian","ascension_level":13}}