{"host":"1u4zr9vl8my47i07","time":1609791953,"event":{"mods":["AchievementEnabler","BaseMod","DeckTracker","Highlight Path","Keyboard Shortcuts","Minty Spire (QoL Compilation)","Relic Stats","StSLib","SuperFastMode","The Animator","Uncapped","Waifu the Spire","everything is the same but u backflip on backflip"],"gold_per_floor":[110,110,110,123,48,83,104,104,104,134,170,170,11,86,86,209,209,234,164,164,187,187,227,243,243,320,361,460,460,23,23,23,149,149,163,176,61,61,44,88,88,111,111,111,111,154,154,169,169,169,169,169,5,45,45],"floor_reached":56,"playtime":3977,"items_purged":["Strike_P","Strike_P","Defend_P","Defend_P","Defend_P"],"score":1713,"play_id":"70a5638d-451f-4996-83a1-e75749cade7d","local_time":"20210105052553","is_ascension_mode":true,"campfire_choices":[{"data":"Eruption","floor":8.0,"key":"SMITH"},{"data":"CrushJoints","floor":12.0,"key":"SMITH"},{"floor":15.0,"key":"REST"},{"floor":25.0,"key":"REST"},{"floor":32.0,"key":"REST"},{"floor":44,"key":"REST"},{"floor":49,"key":"RECALL"},{"floor":52,"key":"REST"}],"circlet_count":0,"master_deck":["Defend_P+1","Eruption+1","Vigilance+1","SashWhip+1","Omniscience+1","EmptyFist","LikeWater+1","FlurryOfBlows","LessonLearned+1","InnerPeace+1","Swivel+1","TalkToTheHand+1","FearNoEvil","WaveOfTheHand+1","Halt+1","Adaptation","Master of Strategy+1","Sanctity+1","SashWhip","DeusExMachina+1","TalkToTheHand+1","Meditate+1","Tantrum","Vengeance+1","EmptyMind+1","Perseverance+1"],"relics":["PureWater","NeowsBlessing","Golden Idol","Toxic Egg 2","Kunai","White Beast Statue","Membership Card","Fusion Hammer","Strawberry","Letter Opener","Lantern","Shuriken","Bottled Flame","SlaversCollar","Gremlin Horn","Molten Egg 2","Sundial","Melange","Incense Burner"],"acts_visited":["TheEnding"],"potions_floor_usage":[50,55,55],"damage_taken":[{"damage":0.0,"enemies":"Cultist","floor":1.0,"turns":1.0},{"damage":0.0,"enemies":"Small Slimes","floor":4.0,"turns":1.0},{"damage":0.0,"enemies":"Lagavulin","floor":6.0,"turns":1.0},{"damage":0.0,"enemies":"2 Louse","floor":7.0,"turns":2.0},{"damage":16.0,"enemies":"Gremlin Nob","floor":11.0,"turns":4.0},{"damage":0.0,"enemies":"Slime Boss","floor":16.0,"turns":3.0},{"damage":12.0,"enemies":"3 Byrds","floor":18.0,"turns":5.0},{"damage":0.0,"enemies":"Spheric Guardian","floor":21.0,"turns":2.0},{"damage":9.0,"enemies":"Book of Stabbing","floor":23.0,"turns":7.0},{"damage":14.0,"enemies":"Cultist and Chosen","floor":24.0,"turns":7.0},{"damage":14.0,"enemies":"Slavers","floor":27.0,"turns":10.0},{"damage":0.0,"enemies":"Automaton","floor":33.0,"turns":10.0},{"damage":5.0,"enemies":"3 Shapes","floor":35.0,"turns":7.0},{"damage":14.0,"enemies":"3 Darklings","floor":36.0,"turns":6.0},{"damage":14,"enemies":"Reptomancer","floor":40,"turns":5},{"damage":4,"enemies":"Spire Growth","floor":42,"turns":4},{"damage":0,"enemies":"Giant Head","floor":46,"turns":5},{"damage":16,"enemies":"Writhing Mass","floor":48,"turns":5},{"damage":0,"enemies":"Awakened One","floor":50,"turns":5},{"damage":14,"enemies":"Shield and Spear","floor":54,"turns":4},{"damage":22,"enemies":"The Heart","floor":55,"turns":9}],"seed_played":"-7780402267883353234","potions_obtained":[{"floor":1.0,"key":"Block Potion"},{"floor":7.0,"key":"AttackPotion"},{"floor":11.0,"key":"Swift Potion"},{"floor":16.0,"key":"DuplicationPotion"},{"floor":18.0,"key":"Explosive Potion"},{"floor":21.0,"key":"Weak Potion"},{"floor":23.0,"key":"Strength Potion"},{"floor":24.0,"key":"Dexterity Potion"},{"floor":27.0,"key":"Energy Potion"},{"floor":33.0,"key":"Weak Potion"},{"floor":35.0,"key":"CultistPotion"},{"floor":36.0,"key":"GamblersBrew"},{"floor":40,"key":"FearPotion"},{"floor":41,"key":"DistilledChaos"},{"floor":46,"key":"Energy Potion"},{"floor":54,"key":"AttackPotion"}],"is_trial":false,"path_per_floor":["M","?","?","M","$","E","M","R","T","?","E","R","$","?","R","B",null,"M","$","?","M","?","E","M","R","T","E","?","?","$","?","R","B",null,"M","M","$","?","$","E","?","M","T","R","T","E","?","M","R","B",null,"R","$","E","B",null],"character_chosen":"WATCHER","items_purchased":["Membership Card","FlurryOfBlows","Swivel+1","Shuriken","Bottled Flame","Master of Strategy+1","Sanctity+1","Tantrum","Vengeance+1","Melange"],"campfire_rested":5,"item_purchase_floors":[13,13,19,30,30,30,30,37,39,53],"current_hp_per_floor":[72,65,47,47,47,47,47,47,47,47,31,31,31,20,41,41,64,52,52,52,52,52,50,36,59,59,45,45,45,45,45,68,68,76,71,57,57,57,57,43,43,39,39,62,62,62,62,46,46,46,71,79,79,65,43],"gold":45,"neow_bonus":"THREE_ENEMY_KILL","is_daily":false,"chose_seed":false,"campfire_upgraded":2,"win_rate":0.0,"timestamp":1609791953,"path_taken":["M","?","?","M","$","E","M","R","T","?","E","R","$","?","R","BOSS","M","$","?","M","?","E","M","R","T","E","?","?","$","?","R","BOSS","M","M","$","?","$","E","?","?","T","R","?","E","?","M","R","BOSS","R","$","E","BOSS"],"items_purchased_type":["Relic","Card","Card","Relic","Relic","Card","Card","Card","Card","Relic"],"build_version":"2020-12-22","purchased_purges":5,"victory":true,"max_hp_per_floor":[72,72,72,72,72,72,72,72,72,72,72,72,72,72,72,72,72,72,72,72,72,72,79,79,79,79,79,79,79,79,79,79,79,79,79,79,79,79,79,79,79,79,79,79,79,79,79,79,79,79,79,79,79,79,79],"relic_stats":{"Gremlin Horn":[4,4],"counters":[7,37],"Golden Idol":85,"Shuriken":[42],"Sundial":[8],"Melange":[18],"Kunai":[42],"Letter Opener":[208],"obtain_stats":[{"Lantern":0,"NeowsBlessing":0,"Gremlin Horn":40,"Golden Idol":0,"Melange":53,"Incense Burner":54,"Letter Opener":0,"White Beast Statue":0,"SlaversCollar":0,"Bottled Flame":0,"Shuriken":0,"Sundial":46,"Strawberry":0,"Molten Egg 2":45,"Fusion Hammer":0,"Kunai":0,"Membership Card":0,"PureWater":0,"Toxic Egg 2":0},{"Lantern":0,"NeowsBlessing":0,"Gremlin Horn":1,"Golden Idol":0,"Melange":5,"Incense Burner":6,"Letter Opener":0,"White Beast Statue":0,"SlaversCollar":0,"Bottled Flame":0,"Shuriken":0,"Sundial":3,"Strawberry":0,"Molten Egg 2":2,"Fusion Hammer":0,"Kunai":0,"Membership Card":0,"PureWater":0,"Toxic Egg 2":0},{"Lantern":0,"NeowsBlessing":0,"Gremlin Horn":5,"Golden Idol":0,"Melange":24,"Incense Burner":28,"Letter Opener":0,"White Beast Statue":0,"SlaversCollar":0,"Bottled Flame":0,"Shuriken":0,"Sundial":14,"Strawberry":0,"Molten Egg 2":9,"Fusion Hammer":0,"Kunai":0,"Membership Card":0,"PureWater":0,"Toxic Egg 2":0}]},"card_choices":[{"not_picked":["ReachHeaven","Prostrate"],"picked":"CrushJoints","floor":1.0},{"not_picked":["FlyingSleeves","Pray"],"picked":"SashWhip","floor":4.0},{"not_picked":["Protect+1","FlyingSleeves"],"picked":"Omniscience+1","floor":6.0},{"not_picked":["Crescendo+1","SashWhip"],"picked":"EmptyFist","floor":7.0},{"not_picked":["PathToVictory+1","Evaluate+1"],"picked":"LikeWater","floor":11.0},{"not_picked":["Judgement+1","Alpha+1"],"picked":"LessonLearned","floor":16.0},{"not_picked":["WreathOfFlame+1","CutThroughFate+1"],"picked":"InnerPeace+1","floor":18.0},{"not_picked":["Protect+1","ClearTheMind+1"],"picked":"TalkToTheHand","floor":21.0},{"not_picked":["CrushJoints","JustLucky"],"picked":"FearNoEvil","floor":23.0},{"not_picked":["EmptyBody+1","FlyingSleeves"],"picked":"WaveOfTheHand+1","floor":24.0},{"not_picked":["Sanctity+1","FollowUp"],"picked":"Halt+1","floor":27.0},{"not_picked":["Judgement+1","SpiritShield+1"],"picked":"DeusExMachina+1","floor":33.0},{"not_picked":["Swivel+1","SandsOfTime+1"],"picked":"TalkToTheHand+1","floor":35.0},{"not_picked":["CarveReality","Prostrate+1"],"picked":"Meditate+1","floor":36.0},{"not_picked":["ReachHeaven","FollowUp"],"picked":"EmptyMind+1","floor":40},{"not_picked":["Nirvana","SandsOfTime+1","Prostrate+1"],"picked":"SKIP","floor":42},{"not_picked":["FollowUp+1","CarveReality+1","CutThroughFate+1"],"picked":"SKIP","floor":46},{"not_picked":["CutThroughFate+1","LessonLearned+1","Halt+1"],"picked":"SKIP","floor":48},{"not_picked":["EmptyBody+1","Prostrate+1"],"picked":"Perseverance+1","floor":54}],"player_experience":275290,"relics_obtained":[{"floor":6.0,"key":"Toxic Egg 2"},{"floor":9.0,"key":"Kunai"},{"floor":11.0,"key":"White Beast Statue"},{"floor":23.0,"key":"Strawberry"},{"floor":26.0,"key":"Letter Opener"},{"floor":27.0,"key":"Lantern"},{"floor":40,"key":"Gremlin Horn"},{"floor":45,"key":"Molten Egg 2"},{"floor":46,"key":"Sundial"},{"floor":54,"key":"Incense Burner"}],"event_choices":[{"cards_removed":["Strike_P"],"damage_healed":0.0,"max_hp_gain":0.0,"max_hp_loss":0.0,"gold_gain":0.0,"event_name":"Golden Wing","player_choice":"Card Removal","floor":2.0,"gold_loss":0.0,"damage_taken":7.0},{"damage_healed":0.0,"max_hp_gain":0.0,"max_hp_loss":0.0,"gold_gain":0.0,"event_name":"Golden Idol","player_choice":"Take Damage","floor":3.0,"gold_loss":0.0,"damage_taken":18.0,"relics_obtained":["Golden Idol"]},{"damage_healed":0.0,"max_hp_gain":0.0,"max_hp_loss":0.0,"gold_gain":30.0,"event_name":"Dead Adventurer","player_choice":"Searched \u00272\u0027 times","floor":10.0,"gold_loss":0.0,"damage_taken":0.0},{"damage_healed":0.0,"max_hp_gain":0.0,"max_hp_loss":0.0,"gold_gain":75.0,"event_name":"World of Goop","player_choice":"Gather Gold","floor":14.0,"gold_loss":0.0,"damage_taken":11.0},{"cards_removed":["Strike_P"],"damage_healed":0.0,"max_hp_gain":0.0,"max_hp_loss":0.0,"gold_gain":0.0,"event_name":"Back to Basics","player_choice":"Elegance","floor":20.0,"gold_loss":0.0,"damage_taken":0.0},{"damage_healed":0.0,"max_hp_gain":0.0,"max_hp_loss":0.0,"gold_gain":0.0,"event_name":"Vampires","player_choice":"Ignored","floor":22.0,"gold_loss":0.0,"damage_taken":0.0},{"damage_healed":0.0,"max_hp_gain":0.0,"max_hp_loss":0.0,"gold_gain":99.0,"event_name":"Nest","player_choice":"Stole From Cult","floor":28.0,"gold_loss":0.0,"damage_taken":0.0},{"damage_healed":0.0,"max_hp_gain":0.0,"max_hp_loss":0.0,"gold_gain":0.0,"event_name":"The Library","player_choice":"Read","floor":29.0,"gold_loss":0.0,"damage_taken":0.0,"cards_obtained":["Adaptation"]},{"damage_healed":0.0,"max_hp_gain":0.0,"max_hp_loss":0.0,"gold_gain":0.0,"event_name":"Match and Keep!","player_choice":"1 cards matched","floor":31.0,"gold_loss":0.0,"damage_taken":0.0,"cards_obtained":["SashWhip"]},{"damage_healed":0.0,"max_hp_gain":0.0,"max_hp_loss":0.0,"gold_gain":0.0,"event_name":"Tomb of Lord Red Mask","player_choice":"Ignored","floor":38.0,"gold_loss":0.0,"damage_taken":0.0},{"damage_healed":0,"gold_gain":0,"player_choice":"Got Potions","damage_taken":0,"max_hp_gain":0,"max_hp_loss":0,"event_name":"Lab","floor":41,"gold_loss":0},{"cards_removed":["CrushJoints"],"damage_healed":0,"gold_gain":0,"player_choice":"Removed Attack","damage_taken":0,"max_hp_gain":0,"max_hp_loss":0,"event_name":"Falling","floor":47,"gold_loss":0}],"is_beta":false,"boss_relics":[{"not_picked":["Coffee Dripper","Calling Bell"],"picked":"Fusion Hammer"},{"not_picked":["SacredBark","Snecko Eye"],"picked":"SlaversCollar"}],"items_purged_floors":[5,19,30,37,53],"is_endless":false,"potions_floor_spawned":[1,7,11,16,18,21,23,24,27,33,35,36,40,42,46,48,54],"ascension_level":5}}