{"host":"h5acbxt0wmjo1kpm","time":1609740450,"event":{"mods":["2.2 Compatiblity","Act Like it!","AlwaysNeverKeys","Aspiration","Bard","Bartender","BaseMod","Better Third Choice","Colored Map","Elementarium","Gensokyo","GifTheSpireLib","Hallownest","Marisa????????","Menagerie","Minty Spire (QoL Compilation)","Permanent Neow","Potionbrewer","Relic Filter","Replay The Spire","Robot Space Explorer","RumiaBox-????????","Shade Mod","Spicy Shops","StSLib","Strawberry Spire","The Blackbeard","The Dragon Tamer","The Forsaken","The Gatherer","The Problem Sleuth","The Servant 0.9.4","Wandering Minibosses","vexMod"],"gold_per_floor":[111,74,4,4,24,24,35,70,70,89,104,104,134,134,134,205,205,223,223,239,189,189,189,189],"floor_reached":23,"playtime":1390,"items_purged":[],"score":468,"play_id":"ffcf24de-36a0-4b0f-a254-8a4aa120a9ee","local_time":"20210103220730","is_ascension_mode":true,"campfire_choices":[{"data":"Gensokyo:CrescentMoonSlash","floor":6,"key":"SMITH"},{"data":"strawberrySpire:BreederCore","floor":12,"key":"SMITH"},{"floor":15,"key":"REST"}],"circlet_count":0,"master_deck":["AscendersBane","Strike_B","Strike_B","Defend_B","Defend_B","Defend_B","Zap","Dualcast","GearUp","Defy","Defy","Gensokyo:CrescentMoonSlash+1","Sweeping Beam","SilverBlades","strawberrySpire:BreederCore+1","Electrodynamics","Gash","Slice","Dagger Spray","strawberrySpire:Swampstar","Seek","Consume","Gensokyo:AllTheWorldsEvil","Revamp","ReplayTheSpireMod:Reroute Power+1"],"relics":["aspiration:ServantSkillbook","Anchor","Blue Doll","Cleaning_Rag","potionbrewer:ToyAutogyro","Frozen Eye"],"acts_visited":["Gensokyo:Gensokyo","Gensokyo:Gensokyoer"],"potions_floor_usage":[20,20],"damage_taken":[{"damage":22,"enemies":"Gensokyo:3_Fairies","floor":1,"turns":5},{"damage":0,"enemies":"Gensokyo:Python","floor":5,"turns":3},{"damage":0,"enemies":"Gensokyo:2_Kodama","floor":7,"turns":3},{"damage":0,"enemies":"Gensokyo:Aya","floor":8,"turns":6},{"damage":0,"enemies":"Gensokyo:LivingMonolith","floor":10,"turns":3},{"damage":0,"enemies":"Gensokyo:2_Rabbits","floor":11,"turns":3},{"damage":14,"enemies":"Gensokyo:Cirno","floor":13,"turns":5},{"damage":0,"enemies":"Gensokyo:Yukari","floor":16,"turns":8},{"damage":0,"enemies":"Gensokyo:2_Gloops","floor":18,"turns":3},{"damage":7,"enemies":"Gensokyo:CosmicMonolith","floor":20,"turns":4},{"damage":43,"enemies":"Gensokyo:Swordslinger","floor":21,"turns":6},{"damage":16,"enemies":"Gensokyo:Koishi","floor":23,"turns":2}],"seed_played":"8860347614071489928","potions_obtained":[{"floor":1,"key":"SkillPotion"},{"floor":8,"key":"Swift Potion"}],"is_trial":false,"path_per_floor":["M","$","?","?","M","R","M","E","T","M","M","R","E","?","R","B",null,"M","?","M","M","?","E"],"character_chosen":"DEFECT","items_purchased":["Defy"],"campfire_rested":1,"item_purchase_floors":[2],"current_hp_per_floor":[42,42,42,28,28,28,28,28,28,28,28,28,14,14,35,35,62,62,62,55,12,12,0,0],"gold":189,"neow_bonus":"BOSS_RELIC","is_daily":false,"chose_seed":false,"campfire_upgraded":2,"win_rate":0.0,"timestamp":1609740450,"path_taken":["M","$","?","?","M","R","M","E","T","?","M","R","E","?","R","BOSS","M","?","M","M","?","E"],"items_purchased_type":["Card"],"build_version":"2020-12-22","purchased_purges":0,"victory":false,"max_hp_per_floor":[71,71,71,71,71,71,71,71,71,71,71,71,71,71,71,71,71,71,71,71,71,71,71,71],"card_choices":[{"not_picked":["strawberrySpire:NeonFlight","strawberrySpire:DataDump","Redo"],"picked":"GearUp","floor":1},{"not_picked":["strawberrySpire:THEL","Stack","Barrage"],"picked":"Sweeping Beam","floor":5},{"not_picked":["Desolation","Barrage","Barrier"],"picked":"SilverBlades","floor":7},{"not_picked":["Reprogram","Streamline","Barrier"],"picked":"strawberrySpire:BreederCore","floor":8},{"not_picked":["BasicCrystalCard","Lockon","Sweeping Beam","FastForward"],"picked":"SKIP","floor":10},{"not_picked":["StarChef","strawberrySpire:NeonFlight","Streamline"],"picked":"Electrodynamics","floor":11},{"not_picked":["Potential","Dilation","Rebound"],"picked":"Gash","floor":13},{"not_picked":["Amplify","Hyperbeam","FlawlessForm"],"picked":"Seek","floor":16},{"not_picked":["strawberrySpire:Disconnect+1","Compile Driver","Cold Snap"],"picked":"Consume","floor":18},{"not_picked":["Tempest+1","Redo","strawberrySpire:HateBit"],"picked":"Revamp","floor":20},{"not_picked":["Defy","Potential","Turbo"],"picked":"ReplayTheSpireMod:Reroute Power+1","floor":21}],"player_experience":2026360,"relics_obtained":[{"floor":8,"key":"Blue Doll"},{"floor":9,"key":"Cleaning_Rag"},{"floor":13,"key":"potionbrewer:ToyAutogyro"}],"event_choices":[],"is_beta":false,"boss_relics":[{"not_picked":[]}],"items_purged_floors":[],"is_endless":false,"potions_floor_spawned":[1,8,16],"killed_by":"Gensokyo:Koishi","ascension_level":15}}