{"host":"jpcy2bclvs7juczu","time":1609731773,"event":{"mods":["AchievementEnabler","Alarm Clock","BaseMod","Block Reminder","Colored Map","Colored Powertips","Curses Come First","Minty Spire (QoL Compilation)","Quick Restart","RNG Fix","Relic Stats","StSLib","everything is the same but u backflip on backflip","ojb\u0027s Better Paths Mod","ojb\u0027s Info Mod","slay the spire mod where everything is the same but ironclad has a cowboy hat"],"gold_per_floor":[117,128,144,94,108,108,120,195,195,265,265,278,278,303,303,399,399,413,413,423,423,423,423,423,423],"floor_reached":24,"playtime":343,"items_purged":[],"score":196,"play_id":"502ca8af-f0d1-4f84-8ba4-36e9f7629693","local_time":"20210104034253","is_ascension_mode":false,"campfire_choices":[{"data":"Whirlwind","floor":6,"key":"SMITH"},{"data":"Bash","floor":11,"key":"SMITH"},{"data":"Evolve","floor":13,"key":"SMITH"},{"data":"Fiend Fire","floor":15,"key":"SMITH"},{"data":"Inflame","floor":23,"key":"SMITH"}],"circlet_count":0,"master_deck":["Strike_R","Strike_R","Strike_R","Strike_R","Strike_R","Defend_R","Defend_R","Defend_R","Bash+1","Wild Strike","Whirlwind+1","Anger","Thunderclap","Evolve+1","Fiend Fire+1","Sword Boomerang","Anger","Inflame+1"],"relics":["Burning Blood","Incense Burner","Pantograph","MealTicket","Cursed Key","MutagenicStrength"],"acts_visited":["Exordium","TheCity"],"potions_floor_usage":[14,16],"damage_taken":[{"damage":6.0,"enemies":"Jaw Worm","floor":1.0,"turns":3.0},{"damage":6.0,"enemies":"Cultist","floor":2.0,"turns":3.0},{"damage":10.0,"enemies":"Small Slimes","floor":3.0,"turns":2.0},{"damage":21,"enemies":"Red Slaver","floor":5,"turns":3},{"damage":1,"enemies":"Looter","floor":7,"turns":2},{"damage":0,"enemies":"Lots of Slimes","floor":12,"turns":1},{"damage":15,"enemies":"3 Sentries","floor":14,"turns":4},{"damage":53,"enemies":"The Guardian","floor":16,"turns":7},{"damage":29,"enemies":"Shell Parasite","floor":18,"turns":4},{"damage":2,"enemies":"2 Thieves","floor":20,"turns":2},{"damage":57,"enemies":"Gremlin Leader","floor":24,"turns":4}],"seed_played":"-8112870074287618637","potions_obtained":[{"floor":2.0,"key":"Energy Potion"},{"floor":5,"key":"Block Potion"},{"floor":18,"key":"ElixirPotion"}],"is_trial":false,"path_per_floor":["M","M","M","?","M","R","M","?","T","T","R","M","R","E","R","B",null,"M","?","M","?","?","R","E"],"character_chosen":"IRONCLAD","items_purchased":[],"campfire_rested":0,"item_purchase_floors":[],"current_hp_per_floor":[72,72,68,68,53,53,58,51,51,51,51,57,57,48,48,25,72,49,49,53,53,53,53,0,0],"gold":423,"neow_bonus":"ONE_RARE_RELIC","is_daily":false,"chose_seed":false,"campfire_upgraded":5,"win_rate":0.0,"timestamp":1609731773,"path_taken":["M","?","M","?","M","R","?","?","T","?","R","?","R","E","R","BOSS","M","?","M","?","?","R","E"],"items_purchased_type":[],"build_version":"2020-12-22","purchased_purges":0,"victory":false,"max_hp_per_floor":[72,72,72,72,72,72,72,72,72,72,72,72,72,72,72,72,72,72,72,72,72,72,72,72,72],"relic_stats":{"counters":[11,35],"Pantograph":24,"MealTicket":0,"Cursed Key":0,"obtain_stats":[{"Pantograph":9,"MutagenicStrength":19,"MealTicket":14,"Incense Burner":0,"Cursed Key":17,"Burning Blood":0},{"Pantograph":5,"MutagenicStrength":9,"MealTicket":7,"Incense Burner":0,"Cursed Key":8,"Burning Blood":0},{"Pantograph":13,"MutagenicStrength":29,"MealTicket":18,"Incense Burner":0,"Cursed Key":25,"Burning Blood":0}],"Burning Blood":60},"card_choices":[{"not_picked":["Burning Pact","Clash"],"picked":"Wild Strike","floor":1.0},{"not_picked":["Sword Boomerang","True Grit"],"picked":"Whirlwind","floor":2.0},{"not_picked":["Body Slam","Shrug It Off","Barricade"],"picked":"SKIP","floor":3.0},{"not_picked":["True Grit","Warcry"],"picked":"Anger","floor":5},{"not_picked":["Iron Wave","Whirlwind"],"picked":"Thunderclap","floor":7},{"not_picked":["Clothesline","Rampage"],"picked":"Evolve","floor":12},{"not_picked":["Twin Strike","Flex"],"picked":"Fiend Fire","floor":14},{"not_picked":["Infernal Blade","Blood for Blood"],"picked":"Sword Boomerang","floor":18},{"not_picked":["Whirlwind","Sever Soul"],"picked":"Anger","floor":20}],"player_experience":180792,"relics_obtained":[{"floor":9,"key":"Pantograph"},{"floor":14,"key":"MealTicket"}],"event_choices":[{"cards_removed":["Defend_R"],"damage_healed":0,"gold_gain":0,"player_choice":"Card Removal","damage_taken":0,"max_hp_gain":0,"max_hp_loss":0,"event_name":"The Cleric","floor":4,"gold_loss":50},{"damage_healed":0,"gold_gain":75,"player_choice":"Touch","damage_taken":7,"max_hp_gain":0,"max_hp_loss":0,"event_name":"FaceTrader","floor":8,"gold_loss":0},{"damage_healed":0,"gold_gain":0,"player_choice":"Inject Mutagens","damage_taken":0,"relics_obtained":["MutagenicStrength"],"max_hp_gain":0,"max_hp_loss":0,"event_name":"Drug Dealer","floor":19,"gold_loss":0},{"damage_healed":0,"gold_gain":0,"player_choice":"Read","damage_taken":0,"max_hp_gain":0,"max_hp_loss":0,"event_name":"The Library","floor":21,"gold_loss":0,"cards_obtained":["Inflame"]},{"damage_healed":0,"gold_gain":0,"player_choice":"Ignored","damage_taken":0,"max_hp_gain":0,"max_hp_loss":0,"event_name":"Ghosts","floor":22,"gold_loss":0}],"is_beta":false,"boss_relics":[{"not_picked":["SacredBark","Mark of Pain"],"picked":"Cursed Key"}],"items_purged_floors":[],"is_endless":false,"potions_floor_spawned":[2,5,18],"killed_by":"Gremlin Leader","ascension_level":0}}