{"host":"q6wyndrixvj3w9nl","time":1609802473,"event":{"mods":["AchievementEnabler","BaseMod","Colored Map","Curses Come First","Hermit","Jorbs\u0027s Wanderer Trilogy","Minty Spire (QoL Compilation)","Permanent Neow","Quick Restart","Rare Cards Sparkle","Relic Stats","StSLib","The Cursed","The Disciple","The Hierophant","The Runesmith"],"gold_per_floor":[363,51,65,81,95,95,123,135,171,183,195,220,302,344,356,471,483,513,537,569,680,692,733,745,774,786,825,837,18,18,31,31,126,126,138,13,31,31,31,31,56,56,80,80,80,43,71,91,91,91],"floor_reached":51,"playtime":5085,"items_purged":["TheCursedMod:Strike_TheCursed","TheCursedMod:Strike_TheCursed","TheCursedMod:Defend_TheCursed"],"score":914,"play_id":"8029b61d-2d6f-48c6-a93f-cdcbf391068b","local_time":"20210105002113","is_ascension_mode":true,"campfire_choices":[{"data":"TheCursedMod:CircleOfCorruption","floor":6,"key":"SMITH"},{"data":"TheCursedMod:CollectTribute","floor":8,"key":"SMITH"},{"data":"TheCursedMod:CursedBlade","floor":10,"key":"SMITH"},{"data":"TheCursedMod:CircleOfBlood","floor":15,"key":"SMITH"},{"data":"TheCursedMod:DemonicPact","floor":24,"key":"SMITH"},{"data":"TheCursedMod:VoidForm","floor":30,"key":"SMITH"},{"data":"TheCursedMod:CursedBoomerang","floor":32,"key":"SMITH"},{"data":"TheCursedMod:NeowsMight","floor":40,"key":"SMITH"},{"data":"TheCursedMod:SmokeScreen","floor":42,"key":"SMITH"},{"data":"TheCursedMod:LuckyCharm","floor":44,"key":"SMITH"},{"data":"TheCursedMod:CleanUpWorkshop","floor":49,"key":"SMITH"}],"circlet_count":0,"master_deck":["TheCursedMod:Strike_TheCursed","TheCursedMod:Defend_TheCursed","TheCursedMod:Defend_TheCursed","TheCursedMod:CursedWand","TheCursedMod:CleanUpWorkshop+1","TheCursedMod:Dregs","TheCursedMod:SpitefulStrike","TheCursedMod:CursedBlade+1","TheCursedMod:WearCloak","TheCursedMod:CursedAmulet","TheCursedMod:CircleOfCorruption+1","TheCursedMod:AshesToAshes","TheCursedMod:CollectTribute+1","TheCursedMod:Obscuration","TheCursedMod:CircleOfBlood+1","TheCursedMod:DemonicPact+1","TheCursedMod:CircleOfFlame+1","TheCursedMod:LuckyCharm+1","TheCursedMod:SmokeScreen+1","TheCursedMod:DemonSword","TheCursedMod:PrepareRite","TheCursedMod:CursedStaff","TheCursedMod:RapidMovement+1","TheCursedMod:CursedBoomerang+1","TheCursedMod:VoidForm+1","TheCursedMod:DoubleShield","TheCursedMod:NeowsMight+1","CurseOfTheBell","TheCursedMod:AbyssShockwave"],"relics":["TheCursedMod:BlackMagic101","Centennial Puzzle","MawBank","Regal Pillow","InkBottle","Oddly Smooth Stone","TheCursedMod:FourLeafCloverCharm","Orichalcum","Juzu Bracelet","Potion Belt","TheCursedMod:PinkPellets","Nunchaku","WingedGreaves","Calling Bell","Bag of Preparation","Meat on the Bone","Turnip","Unceasing Top","Happy Flower","Lantern","Question Card"],"acts_visited":["Exordium","TheCity","TheBeyond"],"potions_floor_usage":[14,23,50,50,50],"damage_taken":[{"damage":0,"enemies":"2 Louse","floor":1,"turns":2},{"damage":0,"enemies":"Jaw Worm","floor":3,"turns":2},{"damage":0,"enemies":"Cultist","floor":4,"turns":3},{"damage":2,"enemies":"Blue Slaver","floor":5,"turns":3},{"damage":32,"enemies":"Gremlin Nob","floor":7,"turns":4},{"damage":5,"enemies":"Exordium Wildlife","floor":12,"turns":2},{"damage":0,"enemies":"Lagavulin","floor":14,"turns":4},{"damage":16,"enemies":"Slime Boss","floor":16,"turns":12},{"damage":15,"enemies":"3 Byrds","floor":18,"turns":5},{"damage":0,"enemies":"Spheric Guardian","floor":19,"turns":5},{"damage":17,"enemies":"Chosen and Byrds","floor":20,"turns":7},{"damage":7,"enemies":"Book of Stabbing","floor":23,"turns":6},{"damage":1,"enemies":"Sentry and Sphere","floor":25,"turns":5},{"damage":17,"enemies":"Slavers","floor":27,"turns":4},{"damage":4,"enemies":"Centurion and Healer","floor":31,"turns":7},{"damage":12,"enemies":"Collector","floor":33,"turns":8},{"damage":0,"enemies":"Orb Walker","floor":35,"turns":2},{"damage":0,"enemies":"3 Shapes","floor":37,"turns":5},{"damage":0,"enemies":"Giant Head","floor":41,"turns":6},{"damage":12,"enemies":"Nemesis","floor":47,"turns":5},{"damage":0,"enemies":"Transient","floor":48,"turns":5},{"damage":33,"enemies":"Donu and Deca","floor":50,"turns":5}],"seed_played":"115769675328704105","potions_obtained":[{"floor":7,"key":"Weak Potion"},{"floor":12,"key":"Fire Potion"},{"floor":14,"key":"CultistPotion"},{"floor":16,"key":"BlessingOfTheForge"},{"floor":31,"key":"SteroidPotion"},{"floor":33,"key":"EntropicBrew"},{"floor":47,"key":"Fire Potion"}],"is_trial":false,"path_per_floor":["M","$","M","M","M","R","E","R","T","R","?","M","T","E","R","B",null,"M","M","M","?","?","E","R","M","T","E","?","$","R","M","R","B",null,"M","$","M","?","$","R","E","R","T","R","?","$","E","M","R","B",null],"character_chosen":"THE_CURSED","items_purchased":["TheCursedMod:CursedBlade","TheCursedMod:WearCloak","Centennial Puzzle","TheCursedMod:PinkPellets","Nunchaku","Regen Potion","PowerPotion","WingedGreaves","TheCursedMod:AbyssShockwave"],"campfire_rested":0,"item_purchase_floors":[2,2,2,29,29,29,29,29,46],"current_hp_per_floor":[68,68,68,68,66,66,34,34,34,34,34,29,29,29,29,25,68,53,61,52,52,52,45,45,48,48,31,31,31,31,35,35,31,68,68,68,68,78,78,78,78,78,78,78,78,78,70,78,78,54],"gold":91,"neow_bonus":"TWO_FIFTY_GOLD","is_daily":false,"chose_seed":false,"campfire_upgraded":11,"win_rate":0.0,"timestamp":1609802473,"path_taken":["M","$","M","M","M","R","E","R","T","R","?","M","?","E","R","BOSS","M","?","M","?","?","E","R","M","T","E","?","$","R","M","R","BOSS","M","$","M","?","?","R","E","R","T","R","?","$","E","M","R","BOSS"],"items_purchased_type":["Card","Card","Relic","Relic","Relic","Potion","Potion","Relic","Card"],"build_version":"2020-12-22","purchased_purges":3,"victory":true,"max_hp_per_floor":[68,68,68,68,68,68,68,68,68,68,68,68,68,68,68,68,68,68,68,68,68,68,68,68,68,68,68,68,68,68,68,68,68,68,68,68,68,78,78,78,78,78,78,78,78,78,78,78,78,78],"relic_stats":{"Regal Pillow":0,"Happy Flower":[5],"counters":[22,107],"Juzu Bracelet":1,"Bag of Preparation":[12],"Orichalcum":[12],"MawBank":264,"Question Card":1,"Centennial Puzzle":[39],"Nunchaku":[7],"Turnip":[0],"obtain_stats":[{"Potion Belt":27,"TheCursedMod:BlackMagic101":0,"Regal Pillow":9,"TheCursedMod:FourLeafCloverCharm":17,"Lantern":45,"Happy Flower":43,"Oddly Smooth Stone":14,"TheCursedMod:PinkPellets":29,"Juzu Bracelet":26,"Bag of Preparation":34,"Orichalcum":23,"MawBank":7,"Question Card":47,"Calling Bell":34,"Centennial Puzzle":2,"Nunchaku":29,"WingedGreaves":29,"Turnip":34,"InkBottle":13,"Unceasing Top":41,"Meat on the Bone":34},{"Potion Belt":14,"TheCursedMod:BlackMagic101":0,"Regal Pillow":5,"TheCursedMod:FourLeafCloverCharm":8,"Lantern":19,"Happy Flower":19,"Oddly Smooth Stone":7,"TheCursedMod:PinkPellets":14,"Juzu Bracelet":13,"Bag of Preparation":16,"Orichalcum":12,"MawBank":5,"Question Card":20,"Calling Bell":16,"Centennial Puzzle":1,"Nunchaku":14,"WingedGreaves":14,"Turnip":16,"InkBottle":6,"Unceasing Top":19,"Meat on the Bone":16},{"Potion Belt":64,"TheCursedMod:BlackMagic101":0,"Regal Pillow":14,"TheCursedMod:FourLeafCloverCharm":32,"Lantern":92,"Happy Flower":92,"Oddly Smooth Stone":20,"TheCursedMod:PinkPellets":64,"Juzu Bracelet":60,"Bag of Preparation":79,"Orichalcum":55,"MawBank":14,"Question Card":97,"Calling Bell":79,"Centennial Puzzle":2,"Nunchaku":64,"WingedGreaves":64,"Turnip":79,"InkBottle":16,"Unceasing Top":92,"Meat on the Bone":79}],"InkBottle":[37],"Unceasing Top":[0],"Meat on the Bone":0},"card_choices":[{"not_picked":["TheCursedMod:CursedMace","TheCursedMod:Grudge"],"picked":"TheCursedMod:SpitefulStrike","floor":1},{"not_picked":["TheCursedMod:CursedMace","TheCursedMod:CursedArmor"],"picked":"TheCursedMod:CursedAmulet","floor":3},{"not_picked":["TheCursedMod:CursedShiv","TheCursedMod:DemonicPact"],"picked":"TheCursedMod:CircleOfCorruption","floor":4},{"not_picked":["TheCursedMod:Stigma","TheCursedMod:CursedAmulet"],"picked":"TheCursedMod:AshesToAshes","floor":5},{"not_picked":["TheCursedMod:ManaBullet","TheCursedMod:AbyssShockwave"],"picked":"TheCursedMod:CollectTribute","floor":7},{"not_picked":["TheCursedMod:CursedAmulet","TheCursedMod:SmokeScreen"],"picked":"TheCursedMod:Obscuration","floor":12},{"not_picked":["TheCursedMod:SpreadPlague","TheCursedMod:CollectTribute"],"picked":"TheCursedMod:CircleOfBlood","floor":14},{"not_picked":["TheCursedMod:CursedRelics","TheCursedMod:UltimatePain"],"picked":"TheCursedMod:DemonicPact","floor":16},{"not_picked":["TheCursedMod:SmokeScreen","TheCursedMod:CursedAmulet"],"picked":"TheCursedMod:CircleOfFlame+1","floor":18},{"not_picked":["TheCursedMod:CursedMace","TheCursedMod:ManaBullet"],"picked":"TheCursedMod:LuckyCharm","floor":19},{"not_picked":["TheCursedMod:PrepareRite","TheCursedMod:CursedAmulet"],"picked":"TheCursedMod:SmokeScreen","floor":20},{"not_picked":["TheCursedMod:VitalStrike+1","TheCursedMod:CircleOfCorruption"],"picked":"TheCursedMod:CursedStaff","floor":23},{"not_picked":["TheCursedMod:Torture+1","TheCursedMod:ManaBullet+1"],"picked":"TheCursedMod:RapidMovement+1","floor":25},{"not_picked":["TheCursedMod:CursedBlade+1","TheCursedMod:CursedAmulet"],"picked":"TheCursedMod:CursedBoomerang","floor":27},{"not_picked":["TheCursedMod:CircleOfBlood+1","TheCursedMod:RavingStaff"],"picked":"TheCursedMod:DoubleShield","floor":31},{"not_picked":["TheCursedMod:CursedRelics","TheCursedMod:DarkBarrier"],"picked":"TheCursedMod:NeowsMight","floor":33},{"not_picked":["TheCursedMod:CircleOfFlame","TheCursedMod:VitalStrike"],"picked":"TheCursedMod:CircleOfAbyss","floor":35},{"not_picked":["TheCursedMod:CursedShiv+1","TheCursedMod:CursedBlade+1","TheCursedMod:RapidMovement"],"picked":"SKIP","floor":37},{"not_picked":["TheCursedMod:CircleOfFlame","TheCursedMod:CursedShiv+1","TheCursedMod:RapidMovement"],"picked":"SKIP","floor":41},{"not_picked":["TheCursedMod:AbyssShockwave+1","TheCursedMod:BloodBarrier+1","TheCursedMod:Grudge+1"],"picked":"SKIP","floor":47},{"not_picked":["TheCursedMod:Obscuration","TheCursedMod:CursedAmulet","TheCursedMod:CircleOfCorruption+1","TheCursedMod:BlessingInDisguise+1"],"picked":"SKIP","floor":48}],"player_experience":387642,"relics_obtained":[{"floor":7,"key":"MawBank"},{"floor":9,"key":"Regal Pillow"},{"floor":13,"key":"InkBottle"},{"floor":14,"key":"Oddly Smooth Stone"},{"floor":23,"key":"Orichalcum"},{"floor":26,"key":"Juzu Bracelet"},{"floor":27,"key":"Potion Belt"},{"floor":34,"key":"Bag of Preparation"},{"floor":34,"key":"Meat on the Bone"},{"floor":34,"key":"Turnip"},{"floor":41,"key":"Unceasing Top"},{"floor":43,"key":"Happy Flower"},{"floor":47,"key":"Question Card"}],"event_choices":[{"damage_healed":0,"gold_gain":0,"player_choice":"Ignored","damage_taken":0,"max_hp_gain":0,"max_hp_loss":0,"event_name":"Liars Game","floor":11,"gold_loss":0},{"damage_healed":0,"gold_gain":99,"player_choice":"Stole From Cult","damage_taken":0,"max_hp_gain":0,"max_hp_loss":0,"event_name":"Nest","floor":21,"gold_loss":0},{"damage_healed":0,"gold_gain":0,"cards_transformed":["TheCursedMod:Strike_TheCursed","TheCursedMod:Defend_TheCursed"],"player_choice":"Became Test Subject","damage_taken":0,"max_hp_gain":0,"max_hp_loss":0,"event_name":"Drug Dealer","floor":22,"gold_loss":0,"cards_obtained":["TheCursedMod:DemonSword","TheCursedMod:PrepareRite"]},{"damage_healed":0,"gold_gain":0,"player_choice":"Read","damage_taken":0,"max_hp_gain":0,"max_hp_loss":0,"event_name":"The Library","floor":28,"gold_loss":0,"cards_obtained":["TheCursedMod:VoidForm"]},{"cards_removed":["TheCursedMod:CircleOfAbyss"],"damage_healed":0,"gold_gain":0,"player_choice":"Offered Rare","damage_taken":0,"max_hp_gain":10,"max_hp_loss":0,"event_name":"Bonfire Elementals","floor":38,"gold_loss":0},{"damage_healed":0,"gold_gain":0,"player_choice":"Gave Potion","damage_taken":0,"relics_obtained":["Lantern"],"max_hp_gain":0,"max_hp_loss":0,"event_name":"WeMeetAgain","floor":45,"gold_loss":0}],"is_beta":false,"boss_relics":[{"not_picked":["Black Star","Ectoplasm"],"picked":"TheCursedMod:FourLeafCloverCharm"},{"not_picked":["SacredBark","SlaversCollar"],"picked":"Calling Bell"}],"items_purged_floors":[2,29,36],"is_endless":false,"potions_floor_spawned":[7,12,14,16,19,20,31,33,47,48],"ascension_level":1}}