{"host":"922zt4fjsmmy4kg9","time":1609738688,"event":{"mods":["A Magickal Journey","Act Like it!","BaseMod","Better Third Choice","Downfall","Friendly Minions","Hermit","HololiveMod","Hubris","Jorbs\u0027s Wanderer Trilogy","Kiyohime????","Koishi","Marisa????????","Minty Spire (QoL Compilation)","Quick Restart","Reimu??????","Shop Mod","Spicy Shops","StSLib","SuperFastMode","The Animator","The Disciple","The Runesmith"],"gold_per_floor":[99,549,549,561,561,561,587,619,619,619,638,679,604,637,659,757,782,782,797,812,23,42,42,42],"floor_reached":23,"playtime":1136,"items_purged":["Regret"],"score":434,"play_id":"99a76f1b-c32d-42a4-b854-83a55b491fc5","local_time":"20210104163808","is_ascension_mode":true,"campfire_choices":[{"data":"animator:IrohaTamaki","floor":1.0,"key":"SMITH"},{"data":"animator:YachiyoNanami","floor":13.0,"key":"SMITH"},{"data":"animator:Elesis","floor":18,"key":"SMITH"}],"circlet_count":0,"master_deck":["AscendersBane","animator:Strike_MadokaMagica+1","animator:Defend_MadokaMagica","animator:Strike+1","animator:Defend+1","animator:Defend+1","animator:IrohaTamaki+1","animator:YuiTsuruno","Slimebound:Icky","Reflex","animator:Elsword","animator:Envy+1","animator:Emonzaemon","animator:YuiTsuruno","animator:YachiyoNanami+1","animator:Elesis+1","animator:ChlammyZell","animator:Gilgamesh+1","animator:Ain","animator:Chung","animator:Ara","animator:KyokoSakura","animator:DolaSchwi","animator:YuiTsuruno","animator:Greed"],"relics":["animator:LivingPicture","animator:TheMissingPiece","downfall:HeartsMalice","hubris:SphereOfDissonance","hubris:Icosahedron","Lantern","Gambling Chip","War Paint","downfall:HeartBlessingGreen","animator:HallowedScabbard","animator:RacePiece","Toolbox","OrangePellets","Boot","HornCleat"],"acts_visited":["Exordium","TheCity"],"potions_floor_usage":[14,16,16,19,23,23],"damage_taken":[{"damage":0.0,"enemies":"Cultist","floor":4.0,"turns":1.0},{"damage":0.0,"enemies":"3 Sentries","floor":8.0,"turns":1.0},{"damage":0.0,"enemies":"Jaw Worm","floor":9.0,"turns":1.0},{"damage":0.0,"enemies":"2 Louse","floor":11.0,"turns":1.0},{"damage":5.0,"enemies":"Gremlin Nob","floor":12.0,"turns":3.0},{"damage":24,"enemies":"3 Sentries","floor":14,"turns":7},{"damage":0,"enemies":"2 Fungi Beasts","floor":15,"turns":2},{"damage":3,"enemies":"downfall:Defect","floor":16,"turns":4},{"damage":13,"enemies":"Shell Parasite","floor":19,"turns":6},{"damage":31,"enemies":"Shelled Parasite and Fungi","floor":20,"turns":4},{"damage":3,"enemies":"downfall:FleeingMerchant","floor":21,"turns":4},{"damage":2,"enemies":"3 Cultists","floor":22,"turns":5},{"damage":24,"enemies":"Gremlin Leader","floor":23,"turns":4}],"seed_played":"-1356712570414027612","potions_obtained":[{"floor":12.0,"key":"Guardian:BlockOnCardUsePotion"},{"floor":14,"key":"animator:GrowthPotion"},{"floor":15,"key":"AttackPotion"},{"floor":16,"key":"SpeedPotion"},{"floor":19,"key":"SneckoOil"},{"floor":22,"key":"hexamod:EctoCoolerPotion"}],"is_trial":false,"path_per_floor":["R","?","?","M","?","?","T","E","M","?","M","E","R","E","M","B",null,"R","M","M","$","M","E"],"character_chosen":"THE_ANIMATOR","items_purchased":["Toolbox","OrangePellets","Boot","HornCleat"],"campfire_rested":0,"item_purchase_floors":[21,21,21,21],"current_hp_per_floor":[59,59,45,45,45,45,45,45,45,45,45,40,40,17,17,14,54,54,49,23,20,18,0,0],"gold":42,"neow_bonus":"THREE_ENEMY_KILL","is_daily":false,"chose_seed":false,"campfire_upgraded":3,"win_rate":0.0,"timestamp":1609738688,"path_taken":["R","?","?","M","?","?","T","E","?","?","M","E","R","E","M","BOSS","R","M","M","$","M","E"],"items_purchased_type":["Relic","Relic","Relic","Relic"],"build_version":"2020-12-22","purchased_purges":1,"victory":false,"max_hp_per_floor":[66,66,66,66,66,66,66,66,66,66,66,66,66,67,67,67,67,67,68,69,69,69,69,69],"card_choices":[{"not_picked":["animator:Pride","animator:ShinjiMatou"],"picked":"animator:Elsword","floor":4.0},{"not_picked":["animator:Father","animator:IzunaHatsuse"],"picked":"animator:Envy","floor":8.0},{"not_picked":["animator:Viivi","animator:Tet"],"picked":"animator:Emonzaemon","floor":9.0},{"not_picked":["animator:SuzuneAmano","animator:OrikoMikuni"],"picked":"animator:YuiTsuruno","floor":11.0},{"not_picked":["animator:Tet","animator:Konayuki"],"picked":"animator:YachiyoNanami","floor":12.0},{"not_picked":["animator:ShinjiMatou","animator:ChaikaBohdan"],"picked":"animator:Elesis","floor":14},{"not_picked":["animator:Sloth","animator:Rider"],"picked":"animator:ChlammyZell","floor":15},{"not_picked":["animator:HomuraAkemi","animator:Kyubey"],"picked":"animator:Gilgamesh","floor":16},{"not_picked":["animator:IrohaTamaki","animator:YuiTsuruno"],"picked":"animator:KyokoSakura","floor":19},{"not_picked":["animator:Assassin","animator:Shichika+1"],"picked":"animator:DolaSchwi","floor":20},{"not_picked":["animator:ZankiKiguchi","animator:Aisha"],"picked":"animator:YuiTsuruno","floor":21},{"not_picked":["animator:Berserker+1","animator:Chung+1"],"picked":"animator:Greed","floor":22}],"player_experience":1315520,"relics_obtained":[{"floor":7.0,"key":"Lantern"},{"floor":8.0,"key":"Gambling Chip"},{"floor":12.0,"key":"War Paint"},{"floor":14,"key":"animator:HallowedScabbard"}],"event_choices":[{"cards_removed":["Slimebound:Icky"],"damage_healed":0.0,"max_hp_gain":0.0,"max_hp_loss":0.0,"gold_gain":0.0,"event_name":"The Cursed Forest","player_choice":"Removed","floor":5.0,"gold_loss":0.0,"damage_taken":0.0},{"cards_removed":["Slimebound:Icky"],"damage_healed":0.0,"max_hp_gain":0.0,"max_hp_loss":0.0,"gold_gain":0.0,"event_name":"The Cursed Forest","player_choice":"Removed","floor":5.0,"gold_loss":0.0,"damage_taken":0.0}],"is_beta":false,"boss_relics":[{"not_picked":["animator:CursedBlade","Mark of Pain"],"picked":"animator:RacePiece"}],"items_purged_floors":[21],"is_endless":false,"potions_floor_spawned":[12,14,15,16,19,22],"killed_by":"Gremlin Leader","ascension_level":11}}