{"host":"yn1175etg9ni8l0q","time":1609787278,"event":{"mods":["AchievementEnabler","BaseMod","Colored Map","Colored Powertips","DeckTracker","Minty Spire (QoL Compilation)","Rare Cards Sparkle","Relic Stats","SuperFastMode","everything is the same but u backflip on backflip"],"gold_per_floor":[117,71,71,81,99,99,115,40,40,40,67,81,81,96,96,200,200,188,199,199,213,228,228,238,238,290,307,307,54,71,91,91,188,238,254,254,254,271,295,295,295,314,314,342,342,66,29,29,29],"floor_reached":48,"playtime":1135,"items_purged":["Strike_B","Strike_B","Defend_B"],"score":454,"play_id":"4fc29bab-0f51-467e-99eb-37f6b68fb2e2","local_time":"20210105040758","is_ascension_mode":false,"campfire_choices":[{"data":"Ball Lightning","floor":6,"key":"SMITH"},{"data":"Genetic Algorithm","floor":10,"key":"SMITH"},{"floor":13,"key":"REST"},{"data":"Undo","floor":15,"key":"SMITH"},{"floor":23,"key":"REST"},{"data":"Streamline","floor":25,"key":"SMITH"},{"floor":28,"key":"REST"},{"floor":32,"key":"REST"},{"data":"Defragment","floor":40,"key":"SMITH"},{"data":"Coolheaded","floor":45,"key":"SMITH"}],"circlet_count":0,"master_deck":["Strike_B","Defend_B","Defend_B","Defend_B","Zap+1","Dualcast","Ball Lightning+1","Cold Snap","Streamline+1","Genetic Algorithm+1","Conserve Battery","Undo+1","Seek","Coolheaded+1","Cold Snap","Tempest+1","Beam Cell+1","Defragment+1","Reboot+1","Sweeping Beam+1","Loop+1","Leap+1","Go for the Eyes+1","Capacitor"],"relics":["Cracked Core","Sundial","Odd Mushroom","SlaversCollar","Tiny Chest","Tiny House","Bag of Preparation","Meat on the Bone","StoneCalendar","Chemical X"],"acts_visited":["Exordium","TheCity","TheBeyond"],"potions_floor_usage":[33,33],"damage_taken":[{"damage":1,"enemies":"Cultist","floor":1,"turns":3},{"damage":6,"enemies":"Jaw Worm","floor":4,"turns":3},{"damage":8,"enemies":"Small Slimes","floor":5,"turns":2},{"damage":0,"enemies":"2 Fungi Beasts","floor":7,"turns":3},{"damage":32,"enemies":"The Mushroom Lair","floor":11,"turns":4},{"damage":0,"enemies":"Blue Slaver","floor":12,"turns":3},{"damage":6,"enemies":"Looter","floor":14,"turns":3},{"damage":24,"enemies":"Hexaghost","floor":16,"turns":11},{"damage":7,"enemies":"2 Thieves","floor":18,"turns":4},{"damage":28,"enemies":"3 Byrds","floor":19,"turns":6},{"damage":15,"enemies":"3 Cultists","floor":21,"turns":7},{"damage":6,"enemies":"Shelled Parasite and Fungi","floor":22,"turns":9},{"damage":15,"enemies":"Cultist and Chosen","floor":24,"turns":7},{"damage":6,"enemies":"Snake Plant","floor":27,"turns":5},{"damage":4,"enemies":"Snecko","floor":30,"turns":4},{"damage":17,"enemies":"3 Cultists","floor":31,"turns":5},{"damage":16,"enemies":"Collector","floor":33,"turns":10},{"damage":18,"enemies":"3 Shapes","floor":35,"turns":4},{"damage":3,"enemies":"Orb Walker","floor":38,"turns":3},{"damage":0,"enemies":"Maw","floor":42,"turns":8},{"damage":40,"enemies":"Giant Head","floor":44,"turns":10},{"damage":31,"enemies":"2 Orb Walkers","floor":48,"turns":2}],"seed_played":"3513309432833714516","potions_obtained":[{"floor":1,"key":"Strength Potion"},{"floor":7,"key":"BlessingOfTheForge"},{"floor":16,"key":"Ancient Potion"},{"floor":19,"key":"EntropicBrew"},{"floor":21,"key":"FocusPotion"},{"floor":33,"key":"ColorlessPotion"},{"floor":34,"key":"ColorlessPotion"},{"floor":35,"key":"Swift Potion"},{"floor":42,"key":"Fire Potion"}],"is_trial":false,"path_per_floor":["M","$","?","M","M","R","M","$","T","R","?","M","R","M","R","B",null,"M","M","?","M","M","R","M","R","T","M","R","$","M","M","R","B",null,"M","?","?","M","T","R","?","M","T","E","R","$","$","?"],"character_chosen":"DEFECT","items_purchased":["Cold Snap","Defragment","Regen Potion","Chemical X","Capacitor"],"campfire_rested":4,"item_purchase_floors":[2,29,29,46,47],"current_hp_per_floor":[74,74,74,68,60,60,60,60,60,60,28,28,50,44,44,20,75,68,40,40,25,19,41,26,26,26,20,42,42,38,21,43,42,80,62,62,62,59,59,59,59,59,59,31,31,31,31,0,0],"gold":29,"neow_bonus":"UPGRADE_CARD","is_daily":false,"chose_seed":false,"campfire_upgraded":6,"win_rate":0.0,"timestamp":1609787278,"path_taken":["M","?","?","M","M","R","M","$","T","R","?","M","R","M","R","BOSS","M","M","?","M","M","R","M","R","T","M","R","$","M","M","R","BOSS","M","?","?","?","?","R","?","M","T","E","R","?","$","?"],"items_purchased_type":["Card","Card","Potion","Relic","Card"],"build_version":"2020-12-22","purchased_purges":3,"victory":false,"max_hp_per_floor":[75,75,75,75,75,75,75,75,75,75,75,75,75,75,75,75,75,75,75,75,75,75,75,75,75,75,75,75,75,75,75,75,75,80,80,80,80,80,80,80,80,80,80,80,80,80,80,80,80],"relic_stats":{"counters":[22,116],"Sundial":[18],"Tiny Chest":1,"StoneCalendar":[0],"Bag of Preparation":[6],"Chemical X":[2],"obtain_stats":[{"SlaversCollar":17,"Tiny House":34,"Sundial":9,"Tiny Chest":26,"StoneCalendar":44,"Bag of Preparation":39,"Chemical X":46,"Odd Mushroom":11,"Cracked Core":0,"Meat on the Bone":43},{"SlaversCollar":8,"Tiny House":17,"Sundial":4,"Tiny Chest":13,"StoneCalendar":21,"Bag of Preparation":19,"Chemical X":21,"Odd Mushroom":5,"Cracked Core":0,"Meat on the Bone":20},{"SlaversCollar":32,"Tiny House":89,"Sundial":11,"Tiny Chest":65,"StoneCalendar":114,"Bag of Preparation":96,"Chemical X":114,"Odd Mushroom":15,"Cracked Core":0,"Meat on the Bone":104}],"Meat on the Bone":12},"card_choices":[{"not_picked":["Darkness","Barrage"],"picked":"Ball Lightning","floor":1},{"not_picked":["Rebound","Barrage"],"picked":"Streamline","floor":4},{"not_picked":["Redo","Heatsinks","Consume"],"picked":"SKIP","floor":5},{"not_picked":["Chaos","Stack"],"picked":"Genetic Algorithm","floor":7},{"not_picked":["Go for the Eyes","Barrage"],"picked":"Conserve Battery","floor":11},{"not_picked":["Beam Cell","Darkness","Streamline"],"picked":"SKIP","floor":12},{"not_picked":["Compile Driver","Conserve Battery"],"picked":"Undo","floor":14},{"not_picked":["Machine Learning","Rainbow"],"picked":"Seek","floor":16},{"not_picked":["Lockon","Rebound"],"picked":"Coolheaded","floor":18},{"not_picked":["Stack","Coolheaded"],"picked":"Cold Snap","floor":19},{"not_picked":["Gash","Stack","Darkness+1"],"picked":"SKIP","floor":21},{"not_picked":["Doom and Gloom","Hello World+1"],"picked":"Tempest+1","floor":22},{"not_picked":["Hello World","Force Field"],"picked":"Beam Cell+1","floor":24},{"not_picked":["Storm+1","Reprogram+1","Rebound"],"picked":"SKIP","floor":27},{"not_picked":["Cold Snap","Redo"],"picked":"Reboot","floor":30},{"not_picked":["Gash+1","Genetic Algorithm+1"],"picked":"Sweeping Beam+1","floor":31},{"not_picked":["Doom and Gloom+1","Gash"],"picked":"Ball Lightning+1","floor":34},{"not_picked":["Barrage","Lockon+1"],"picked":"Loop+1","floor":35},{"not_picked":["Compile Driver+1","Stack"],"picked":"Leap+1","floor":38},{"not_picked":["Go for the Eyes","Ball Lightning","Barrage+1"],"picked":"SKIP","floor":42},{"not_picked":["Sweeping Beam+1","Compile Driver+1"],"picked":"Go for the Eyes+1","floor":44}],"player_experience":305195,"relics_obtained":[{"floor":9,"key":"Sundial"},{"floor":11,"key":"Odd Mushroom"},{"floor":26,"key":"Tiny Chest"},{"floor":39,"key":"Bag of Preparation"},{"floor":43,"key":"Meat on the Bone"},{"floor":44,"key":"StoneCalendar"}],"event_choices":[{"damage_healed":0,"gold_gain":0,"player_choice":"Ignored","damage_taken":0,"max_hp_gain":0,"max_hp_loss":0,"event_name":"Liars Game","floor":3,"gold_loss":0},{"damage_healed":0,"gold_gain":0,"player_choice":"Fought Mushrooms","damage_taken":0,"max_hp_gain":0,"max_hp_loss":0,"event_name":"Mushrooms","floor":11,"gold_loss":0},{"cards_removed":["Strike_B"],"damage_healed":0,"gold_gain":0,"player_choice":"Elegance","damage_taken":0,"max_hp_gain":0,"max_hp_loss":0,"event_name":"Back to Basics","floor":20,"gold_loss":0},{"cards_removed":["Ball Lightning"],"damage_healed":0,"gold_gain":0,"player_choice":"Removed Attack","damage_taken":0,"max_hp_gain":0,"max_hp_loss":0,"event_name":"Falling","floor":36,"gold_loss":0},{"damage_healed":0,"gold_gain":0,"player_choice":"Ignored","damage_taken":0,"max_hp_gain":0,"max_hp_loss":0,"event_name":"NoteForYourself","floor":37,"gold_loss":0},{"damage_healed":0,"gold_gain":0,"player_choice":"Ignored","damage_taken":0,"max_hp_gain":0,"max_hp_loss":0,"event_name":"Tomb of Lord Red Mask","floor":41,"gold_loss":0},{"damage_healed":0,"gold_gain":0,"player_choice":"Fight","damage_taken":0,"max_hp_gain":0,"max_hp_loss":0,"event_name":"Mysterious Sphere","floor":48,"gold_loss":0}],"is_beta":false,"boss_relics":[{"not_picked":["Sozu","Black Star"],"picked":"SlaversCollar"},{"not_picked":["Fusion Hammer","Coffee Dripper"],"picked":"Tiny House"}],"items_purged_floors":[8,29,46],"is_endless":false,"potions_floor_spawned":[1,7,16,19,21,33,35,42],"killed_by":"2 Orb Walkers","ascension_level":0}}