{"host":"eryfehc3mia1cukk","time":1609793580,"event":{"mods":["AchievementEnabler","Ascension Unlocker","BaseMod","Colored Map","Jorbs\u0027s Wanderer Trilogy","Minty Spire (QoL Compilation)","Relic Stats","StSLib"],"gold_per_floor":[119,191,208,243,243,243,276,276,276,311,334,334,374,374,374,472,472,493,509,524,524,11,11,11],"floor_reached":23,"playtime":2162,"items_purged":["stsjorbsmod:Strike_Wanderer"],"score":486,"play_id":"c02d3c5b-5b88-4c2f-a3a0-19bd0898c608","local_time":"20210104155300","is_ascension_mode":true,"campfire_choices":[{"data":"stsjorbsmod:TollTheDead","floor":6,"key":"SMITH"},{"floor":8,"key":"REST"},{"floor":12,"key":"REST"},{"floor":15,"key":"REST"}],"circlet_count":0,"master_deck":["AscendersBane","stsjorbsmod:ForbiddenGrimoire+1","stsjorbsmod:Strike_Wanderer","stsjorbsmod:Strike_Wanderer","stsjorbsmod:Strike_Wanderer","stsjorbsmod:Defend_Wanderer+1","stsjorbsmod:Defend_Wanderer","stsjorbsmod:Defend_Wanderer","stsjorbsmod:Defend_Wanderer","stsjorbsmod:FreshAdventure","stsjorbsmod:EyeOfTheStorm","stsjorbsmod:RefuseToForget","stsjorbsmod:TollTheDead+1","stsjorbsmod:ParryingBlow","stsjorbsmod:RayOfFrost","stsjorbsmod:LoseGrip","stsjorbsmod:Firebolt","stsjorbsmod:CorrodingBarrier","stsjorbsmod:ChatteringStrike","stsjorbsmod:BookOfTongues","stsjorbsmod:HoldMonster","stsjorbsmod:FaerieFire","stsjorbsmod:BlackTentacles+1","Dark Shackles","stsjorbsmod:ChainLightning"],"relics":["stsjorbsmod:GrimoireRelic","Bloody Idol","stsjorbsmod:AlchemistsFireRelic","Dream Catcher","Odd Mushroom","HornCleat","Anchor","Black Star","Shuriken"],"acts_visited":["Exordium","TheCity"],"potions_floor_usage":[10,18],"damage_taken":[{"damage":3,"enemies":"Small Slimes","floor":1,"turns":3},{"damage":14,"enemies":"Jaw Worm","floor":3,"turns":4},{"damage":0,"enemies":"2 Louse","floor":4,"turns":4},{"damage":34,"enemies":"Gremlin Nob","floor":7,"turns":4},{"damage":21,"enemies":"The Mushroom Lair","floor":10,"turns":5},{"damage":0,"enemies":"Large Slime","floor":11,"turns":5},{"damage":18,"enemies":"3 Sentries","floor":13,"turns":8},{"damage":6,"enemies":"The Guardian","floor":16,"turns":13},{"damage":0,"enemies":"Chosen","floor":18,"turns":5},{"damage":17,"enemies":"3 Byrds","floor":19,"turns":7},{"damage":16,"enemies":"Sentry and Sphere","floor":20,"turns":10},{"damage":21,"enemies":"Book of Stabbing","floor":23,"turns":6}],"seed_played":"-7391226334394886418","potions_obtained":[{"floor":4,"key":"EssenceOfSteel"},{"floor":10,"key":"AttackPotion"},{"floor":11,"key":"Strength Potion"},{"floor":18,"key":"Strength Potion"},{"floor":20,"key":"Swift Potion"}],"is_trial":false,"path_per_floor":["M","?","M","M","?","R","E","R","T","?","M","R","E","?","R","B",null,"M","M","M","?","$","E"],"character_chosen":"WANDERER","items_purchased":["Shuriken","Dark Shackles","stsjorbsmod:ChainLightning"],"campfire_rested":3,"item_purchase_floors":[22,22,22],"current_hp_per_floor":[62,62,50,52,52,52,19,37,37,17,19,37,19,1,19,13,51,52,35,19,19,19,0,0],"gold":11,"neow_bonus":"TEN_PERCENT_HP_BONUS","is_daily":false,"chose_seed":false,"campfire_upgraded":1,"win_rate":0.0,"timestamp":1609793580,"path_taken":["M","?","M","M","?","R","E","R","T","?","M","R","E","?","R","BOSS","M","M","M","?","$","E"],"items_purchased_type":["Relic","Card","Card"],"build_version":"2020-12-22","purchased_purges":1,"victory":false,"max_hp_per_floor":[70,70,70,70,63,63,63,63,63,63,63,63,63,63,63,63,63,63,63,63,63,63,63,63],"relic_stats":{"Dream Catcher":2,"counters":[12,74],"Shuriken":[2],"Bloody Idol":0,"Black Star":0,"obtain_stats":[{"Dream Catcher":9,"Anchor":14,"HornCleat":13,"Golden Idol":5,"Shuriken":22,"Bloody Idol":21,"stsjorbsmod:GrimoireRelic":0,"stsjorbsmod:AlchemistsFireRelic":7,"Black Star":17,"Odd Mushroom":10},{"Dream Catcher":4,"Anchor":7,"HornCleat":7,"Golden Idol":3,"Shuriken":11,"Bloody Idol":11,"stsjorbsmod:GrimoireRelic":0,"stsjorbsmod:AlchemistsFireRelic":4,"Black Star":8,"Odd Mushroom":5},{"Dream Catcher":15,"Anchor":33,"HornCleat":33,"Golden Idol":11,"Shuriken":68,"Bloody Idol":68,"stsjorbsmod:GrimoireRelic":0,"stsjorbsmod:AlchemistsFireRelic":15,"Black Star":46,"Odd Mushroom":20}]},"card_choices":[{"not_picked":["stsjorbsmod:Message","stsjorbsmod:WanderingMind"],"picked":"stsjorbsmod:RefuseToForget","floor":1},{"not_picked":["stsjorbsmod:BlackTentacles","stsjorbsmod:Mindworm"],"picked":"stsjorbsmod:TollTheDead","floor":3},{"not_picked":["stsjorbsmod:Index","stsjorbsmod:Will"],"picked":"stsjorbsmod:ParryingBlow","floor":4},{"not_picked":["stsjorbsmod:BookOfTongues","stsjorbsmod:Mania"],"picked":"stsjorbsmod:RayOfFrost","floor":7},{"not_picked":["stsjorbsmod:LocateObject","stsjorbsmod:BlackTentacles"],"picked":"stsjorbsmod:LoseGrip","floor":10},{"not_picked":["stsjorbsmod:AnimateObjects","stsjorbsmod:WanderingMind"],"picked":"stsjorbsmod:Firebolt","floor":11},{"not_picked":["stsjorbsmod:Mending","stsjorbsmod:DoubleCheck"],"picked":"stsjorbsmod:CorrodingBarrier","floor":12},{"not_picked":["stsjorbsmod:MagicMissiles","stsjorbsmod:Materialize"],"picked":"stsjorbsmod:ChatteringStrike","floor":13},{"not_picked":["stsjorbsmod:WanderingMind","stsjorbsmod:HedgeWizard"],"picked":"stsjorbsmod:BookOfTongues","floor":15},{"not_picked":["stsjorbsmod:Withdraw","stsjorbsmod:MirrorImage"],"picked":"stsjorbsmod:HoldMonster","floor":16},{"not_picked":["stsjorbsmod:FranticSearch","stsjorbsmod:Materialize","stsjorbsmod:TinyHut"],"picked":"SKIP","floor":18},{"not_picked":["stsjorbsmod:Stalwart","stsjorbsmod:TollTheDead"],"picked":"stsjorbsmod:FaerieFire","floor":19},{"not_picked":["stsjorbsmod:Message","stsjorbsmod:Hurt"],"picked":"stsjorbsmod:BlackTentacles+1","floor":20}],"player_experience":443101,"relics_obtained":[{"floor":7,"key":"stsjorbsmod:AlchemistsFireRelic"},{"floor":9,"key":"Dream Catcher"},{"floor":10,"key":"Odd Mushroom"},{"floor":13,"key":"HornCleat"}],"event_choices":[{"damage_healed":0,"gold_gain":72,"player_choice":"Gained Gold","damage_taken":0,"max_hp_gain":0,"max_hp_loss":0,"event_name":"Golden Wing","floor":2,"gold_loss":0},{"damage_healed":0,"gold_gain":0,"player_choice":"Lose Max HP","damage_taken":0,"relics_obtained":["Golden Idol"],"max_hp_gain":0,"max_hp_loss":7,"event_name":"Golden Idol","floor":5,"gold_loss":0},{"damage_healed":0,"gold_gain":0,"player_choice":"Fought Mushrooms","damage_taken":0,"max_hp_gain":0,"max_hp_loss":0,"event_name":"Mushrooms","floor":10,"gold_loss":0},{"damage_healed":0,"gold_gain":0,"player_choice":"Success","damage_taken":18,"relics_obtained":["Anchor"],"max_hp_gain":0,"max_hp_loss":0,"event_name":"Scrap Ooze","floor":14,"gold_loss":0},{"damage_healed":0,"gold_gain":0,"player_choice":"Gave Idol","damage_taken":0,"relics_obtained":["Bloody Idol"],"max_hp_gain":0,"max_hp_loss":0,"event_name":"Forgotten Altar","floor":21,"relics_lost":["Golden Idol"],"gold_loss":0}],"is_beta":false,"boss_relics":[{"not_picked":["Ectoplasm","Empty Cage"],"picked":"Black Star"}],"items_purged_floors":[22],"is_endless":false,"potions_floor_spawned":[4,10,11,18,20],"killed_by":"Book of Stabbing","ascension_level":19}}