{"host":"mcdusr64esz012l0","time":1609751100,"event":{"mods":["BaseMod","Minty Spire (QoL Compilation)","Relic Stats"],"gold_per_floor":[114,114,131,46,63,89,89,89,114,126,157,203,228,465,477,489,489],"floor_reached":16,"playtime":600,"items_purged":[],"score":220,"play_id":"42530df1-d07f-427f-8dae-4c28731821aa","local_time":"20210104040500","is_ascension_mode":true,"campfire_choices":[{"floor":7,"key":"REST"},{"data":"EmptyFist","floor":10,"key":"SMITH"},{"floor":15,"key":"REST"}],"circlet_count":0,"master_deck":["AscendersBane","Strike_P","Strike_P","Strike_P","Defend_P","Defend_P","Defend_P","Defend_P","Eruption","Vigilance","FearNoEvil","EmptyFist+1","ClearTheMind","SandsOfTime","Scrawl","Adaptation","CutThroughFate","Vault"],"relics":["PureWater","NeowsBlessing","Bronze Scales","MawBank","Bottled Lightning","Old Coin"],"acts_visited":["Exordium"],"potions_floor_usage":[6,6],"damage_taken":[{"damage":0,"enemies":"2 Louse","floor":1,"turns":2},{"damage":0,"enemies":"Cultist","floor":3,"turns":1},{"damage":0,"enemies":"Small Slimes","floor":5,"turns":1},{"damage":22,"enemies":"3 Sentries","floor":6,"turns":6},{"damage":1,"enemies":"Looter","floor":11,"turns":2},{"damage":31,"enemies":"Gremlin Nob","floor":12,"turns":4},{"damage":9,"enemies":"Gremlin Gang","floor":13,"turns":3},{"damage":40,"enemies":"Hexaghost","floor":16,"turns":10}],"seed_played":"-4904066094010950422","potions_obtained":[{"floor":1,"key":"BlessingOfTheForge"},{"floor":2,"key":"StancePotion"}],"is_trial":false,"path_per_floor":["M","?","M","$","M","E","R","?","T","R","M","E","M","?","R","B"],"character_chosen":"WATCHER","items_purchased":["EmptyFist","ClearTheMind"],"campfire_rested":2,"item_purchase_floors":[4,4],"current_hp_per_floor":[61,61,61,61,61,39,59,59,59,59,58,27,18,18,38,0,0],"gold":489,"neow_bonus":"THREE_ENEMY_KILL","is_daily":false,"chose_seed":false,"campfire_upgraded":1,"win_rate":0.0,"timestamp":1609751100,"path_taken":["M","?","M","?","M","E","R","?","T","R","M","E","M","?","R","BOSS"],"items_purchased_type":["Card","Card"],"build_version":"2020-12-22","purchased_purges":0,"victory":false,"max_hp_per_floor":[68,68,68,68,68,68,68,68,68,68,68,68,68,68,68,68,68],"relic_stats":{"counters":[8,29],"Bronze Scales":[60],"MawBank":84,"obtain_stats":[{"NeowsBlessing":0,"Bronze Scales":6,"Bottled Lightning":12,"PureWater":0,"MawBank":9,"Old Coin":14},{"NeowsBlessing":0,"Bronze Scales":4,"Bottled Lightning":6,"PureWater":0,"MawBank":4,"Old Coin":7},{"NeowsBlessing":0,"Bronze Scales":10,"Bottled Lightning":16,"PureWater":0,"MawBank":10,"Old Coin":19}]},"card_choices":[{"not_picked":["Indignation","Pray","ThirdEye"],"picked":"SKIP","floor":1},{"not_picked":["ThirdEye","Worship"],"picked":"FearNoEvil","floor":3},{"not_picked":["SignatureMove","Wireheading"],"picked":"SandsOfTime","floor":5},{"not_picked":["Crescendo","CarveReality"],"picked":"Scrawl","floor":6},{"not_picked":["Crescendo","WreathOfFlame"],"picked":"Adaptation","floor":11},{"not_picked":["EmptyBody","Crescendo"],"picked":"CutThroughFate","floor":12},{"not_picked":["Swivel","Pray"],"picked":"Vault","floor":13}],"player_experience":1037055,"relics_obtained":[{"floor":6,"key":"Bronze Scales"},{"floor":9,"key":"MawBank"},{"floor":12,"key":"Bottled Lightning"}],"event_choices":[{"damage_healed":0,"gold_gain":0,"player_choice":"Got Potions","damage_taken":0,"max_hp_gain":0,"max_hp_loss":0,"event_name":"Lab","floor":2,"gold_loss":0},{"cards_removed":["Strike_P"],"damage_healed":0,"gold_gain":0,"player_choice":"Forget","damage_taken":0,"max_hp_gain":0,"max_hp_loss":0,"event_name":"Living Wall","floor":8,"gold_loss":0},{"damage_healed":0,"gold_gain":0,"player_choice":"Paid Gold","damage_taken":0,"relics_obtained":["Old Coin"],"max_hp_gain":0,"max_hp_loss":0,"event_name":"WeMeetAgain","floor":14,"gold_loss":75}],"is_beta":false,"boss_relics":[],"items_purged_floors":[],"is_endless":false,"potions_floor_spawned":[1,3,5],"killed_by":"Hexaghost","ascension_level":20}}