{"host":"etr9f2q07ig588e0","time":1609770798,"event":{"mods":["BaseMod","Downfall","Googly Eyes","Hubris","Minty Spire (QoL Compilation)","Replay The Spire","StSLib","SuperFastMode"],"gold_per_floor":[114,114,139,139,139,178,194,194,194,194,194,219,52,95,95,225,225,241,241,14,29,29,29,29,29],"floor_reached":24,"playtime":524,"items_purged":[],"score":272,"play_id":"9dd2ff4d-6ffc-4a42-8db4-27d78dee922b","local_time":"20210104173318","is_ascension_mode":true,"campfire_choices":[{"data":"Electrodynamics","floor":8,"key":"SMITH"},{"floor":10,"key":"REST"},{"floor":15,"key":"REST"},{"floor":23,"key":"REST"}],"circlet_count":0,"master_deck":["Strike_B","Strike_B","Strike_B","Strike_B","Defend_B","Defend_B","Defend_B","Defend_B","Zap+1","Dualcast","Streamline","hubris:Ukulele","Electrodynamics+1","Capacitor","Conserve Battery","Loop","ReplayGash","Conserve Battery","Fission","Machine Learning","CurseOfTheBell","Self Repair","Panache","Conserve Battery+1","FTL+1"],"relics":["Cracked Core","NeowsBlessing","Golden Idol","hubris:SlimyHat","Bottled Flame","hubris:MysteriousPyramids","Calling Bell","Regal Pillow","hubris:CrystalStatue","Pocketwatch"],"acts_visited":["Exordium","TheCity"],"potions_floor_usage":[24,24],"damage_taken":[{"damage":0,"enemies":"2 Louse","floor":1,"turns":1},{"damage":0,"enemies":"Small Slimes","floor":3,"turns":1},{"damage":0,"enemies":"Gremlin Nob","floor":6,"turns":1},{"damage":0,"enemies":"Cultist","floor":7,"turns":2},{"damage":0,"enemies":"Gremlin Gang","floor":12,"turns":1},{"damage":35,"enemies":"Lagavulin","floor":14,"turns":6},{"damage":47,"enemies":"The Guardian","floor":16,"turns":9},{"damage":35,"enemies":"Shell Parasite","floor":18,"turns":5},{"damage":8,"enemies":"Chosen","floor":21,"turns":6},{"damage":76,"enemies":"Book of Stabbing","floor":24,"turns":5}],"seed_played":"3746386009896152979","potions_obtained":[{"floor":7,"key":"Venom Potion"},{"floor":12,"key":"Fire Potion"},{"floor":14,"key":"ColorlessPotion"},{"floor":16,"key":"Regen Potion"}],"is_trial":false,"path_per_floor":["M","?","M","?","?","E","M","R","T","R","?","M","$","E","R","B",null,"M","?","$","M","?","R","E"],"character_chosen":"DEFECT","items_purchased":["Loop","ReplayGash","Conserve Battery","Panache","Conserve Battery+1"],"campfire_rested":3,"item_purchase_floors":[13,13,13,20,20],"current_hp_per_floor":[75,57,57,57,57,57,57,57,57,75,75,75,75,40,62,15,75,40,40,40,39,39,75,0,0],"gold":29,"neow_bonus":"THREE_ENEMY_KILL","is_daily":false,"chose_seed":false,"campfire_upgraded":1,"win_rate":0.0,"timestamp":1609770798,"path_taken":["M","?","M","?","?","E","M","R","T","R","?","M","$","E","R","BOSS","M","?","$","M","?","R","E"],"items_purchased_type":["Card","Card","Card","Card","Card"],"build_version":"2020-12-22","purchased_purges":0,"victory":false,"max_hp_per_floor":[75,75,75,75,75,75,75,75,75,75,75,75,75,75,75,75,75,75,75,75,75,75,75,75,75],"card_choices":[{"not_picked":["Beam Cell","Compile Driver"],"picked":"Streamline","floor":1},{"not_picked":["FIFO Queue","Barrage"],"picked":"hubris:Ukulele","floor":3},{"not_picked":["Fusion","Capacitor"],"picked":"Electrodynamics","floor":6},{"not_picked":["BasicCrystalCard","Barrage"],"picked":"Capacitor","floor":7},{"not_picked":["ReplayTheSpireMod:Repulse","Go for the Eyes"],"picked":"Conserve Battery","floor":12},{"not_picked":["Rebound","ReplayTheSpireMod:Repulse"],"picked":"Fission","floor":14},{"not_picked":["ReplayTheSpireMod:Omega Cannon","Fission"],"picked":"Machine Learning","floor":16},{"not_picked":["Ball Lightning","Steam"],"picked":"Self Repair","floor":18},{"not_picked":["Streamline","Scrape+1"],"picked":"FTL+1","floor":21}],"player_experience":494464,"relics_obtained":[{"floor":6,"key":"hubris:SlimyHat"},{"floor":9,"key":"Bottled Flame"},{"floor":14,"key":"hubris:MysteriousPyramids"},{"floor":17,"key":"Regal Pillow"},{"floor":17,"key":"hubris:CrystalStatue"},{"floor":17,"key":"Pocketwatch"}],"event_choices":[{"damage_healed":0,"gold_gain":0,"player_choice":"Take Damage","damage_taken":18,"relics_obtained":["Golden Idol"],"max_hp_gain":0,"max_hp_loss":0,"event_name":"Golden Idol","floor":2,"gold_loss":0},{"damage_healed":0,"gold_gain":0,"player_choice":"Ignored","damage_taken":0,"max_hp_gain":0,"max_hp_loss":0,"event_name":"Liars Game","floor":4,"gold_loss":0},{"damage_healed":0,"gold_gain":0,"player_choice":"Ignored","damage_taken":0,"max_hp_gain":0,"max_hp_loss":0,"event_name":"Beggar","floor":19,"gold_loss":0},{"damage_healed":0,"gold_gain":0,"player_choice":"Ignored","damage_taken":0,"max_hp_gain":0,"max_hp_loss":0,"event_name":"Ghosts","floor":22,"gold_loss":0}],"is_beta":false,"boss_relics":[{"not_picked":["Philosopher\u0027s Stone","Black Star"],"picked":"Calling Bell"}],"items_purged_floors":[],"is_endless":false,"potions_floor_spawned":[7,12,14,16],"killed_by":"Book of Stabbing","ascension_level":4}}