{"host":"x205naxbihvu3p76","time":1609770081,"event":{"mods":["AchievementEnabler","BaseMod","Minty Spire (QoL Compilation)","StSLib","SuperFastMode"],"gold_per_floor":[117,117,131,145,155,155,1,16,61,88,88,98,28,59,59,133,133,145,145,95,112,112,112,12,29,108,118,118,131,151,151,151],"floor_reached":31,"playtime":718,"items_purged":["Strike_B","Decay"],"score":486,"play_id":"c8de3a08-6967-449c-bd1e-e99c3898245a","local_time":"20210104232121","is_ascension_mode":true,"campfire_choices":[{"floor":6,"key":"REST"},{"data":"Beam Cell","floor":11,"key":"SMITH"},{"floor":15,"key":"REST"},{"floor":23,"key":"REST"},{"floor":28,"key":"REST"}],"circlet_count":0,"master_deck":["AscendersBane","Strike_B","Strike_B","Defend_B","Defend_B","Defend_B","Defend_B","Zap+1","Dualcast","Beam Cell+1","Defragment","Undo","Doom and Gloom","Auto Shields","Cold Snap","Seek","Creative AI","Compile Driver","Turbo","Glacier","White Noise"],"relics":["Cracked Core","NeowsBlessing","Bronze Scales","Kunai","PreservedInsect","Busted Crown","Blue Candle"],"acts_visited":["Exordium","TheCity"],"potions_floor_usage":[10,14,21],"damage_taken":[{"damage":0.0,"enemies":"Small Slimes","floor":1.0,"turns":1.0},{"damage":0.0,"enemies":"Cultist","floor":3.0,"turns":1.0},{"damage":0.0,"enemies":"Jaw Worm","floor":4.0,"turns":1.0},{"damage":37,"enemies":"Exordium Thugs","floor":5,"turns":4},{"damage":4,"enemies":"Looter","floor":8,"turns":4},{"damage":14,"enemies":"3 Sentries","floor":10,"turns":10},{"damage":0,"enemies":"Blue Slaver","floor":12,"turns":3},{"damage":15,"enemies":"Gremlin Nob","floor":14,"turns":3},{"damage":29,"enemies":"The Guardian","floor":16,"turns":10},{"damage":31,"enemies":"2 Thieves","floor":18,"turns":4},{"damage":4,"enemies":"3 Byrds","floor":21,"turns":3},{"damage":8,"enemies":"Snecko","floor":25,"turns":5},{"damage":12,"enemies":"Snake Plant","floor":27,"turns":5},{"damage":10,"enemies":"Sentry and Sphere","floor":29,"turns":8},{"damage":20,"enemies":"Shelled Parasite and Fungi","floor":30,"turns":6},{"damage":18,"enemies":"Snecko","floor":31,"turns":5}],"seed_played":"3955056295062886008","potions_obtained":[{"floor":1.0,"key":"Dexterity Potion"},{"floor":12,"key":"EssenceOfDarkness"},{"floor":16,"key":"Weak Potion"},{"floor":18,"key":"Strength Potion"},{"floor":25,"key":"FearPotion"}],"is_trial":false,"path_per_floor":["M","?","M","M","M","R","$","M","T","E","R","M","?","E","R","B",null,"M","?","$","M","?","R","$","M","T","M","R","M","M","M"],"character_chosen":"DEFECT","items_purchased":["Auto Shields","Turbo"],"campfire_rested":4,"item_purchase_floors":[7,20],"current_hp_per_floor":[64,64,64,64,27,48,48,44,44,30,30,30,30,15,36,7,55,24,24,24,20,20,41,41,33,33,21,42,32,12,0,0],"gold":151,"neow_bonus":"THREE_ENEMY_KILL","is_daily":false,"chose_seed":false,"campfire_upgraded":1,"win_rate":0.0,"timestamp":1609770081,"path_taken":["M","?","M","M","?","R","$","M","T","E","R","M","?","E","R","BOSS","M","?","?","M","?","R","?","M","T","M","R","M","M","M"],"items_purchased_type":["Card","Card"],"build_version":"2020-12-22","purchased_purges":2,"victory":false,"max_hp_per_floor":[71,71,71,71,71,71,71,71,71,71,71,71,71,71,71,71,71,71,71,71,71,71,71,71,71,71,71,71,71,71,71,71],"card_choices":[{"not_picked":["Streamline","Compile Driver"],"picked":"Beam Cell","floor":1.0},{"not_picked":["Lockon","Leap"],"picked":"Defragment","floor":3.0},{"not_picked":["Streamline","Gash"],"picked":"Undo","floor":4.0},{"not_picked":["Streamline","Rip and Tear"],"picked":"Doom and Gloom","floor":5},{"not_picked":["Rebound","Sweeping Beam"],"picked":"Cold Snap","floor":8},{"not_picked":["Hologram","Gash"],"picked":"Seek","floor":10},{"not_picked":["Scrape","Redo","Turbo"],"picked":"SKIP","floor":12},{"not_picked":["Consume","Beam Cell","Stack"],"picked":"SKIP","floor":14},{"not_picked":["Rainbow","Seek"],"picked":"Creative AI","floor":16},{"not_picked":[],"picked":"Compile Driver","floor":18},{"not_picked":[],"picked":"Glacier","floor":21},{"not_picked":["Barrage"],"picked":"SKIP","floor":25},{"not_picked":[],"picked":"White Noise","floor":27},{"not_picked":["Gash"],"picked":"SKIP","floor":29},{"not_picked":["FTL"],"picked":"SKIP","floor":30}],"player_experience":945999,"relics_obtained":[{"floor":9,"key":"Bronze Scales"},{"floor":10,"key":"Kunai"},{"floor":14,"key":"PreservedInsect"},{"floor":26,"key":"Blue Candle"}],"event_choices":[{"damage_healed":0.0,"max_hp_gain":0.0,"max_hp_loss":0.0,"gold_gain":0.0,"event_name":"Upgrade Shrine","player_choice":"Upgraded","floor":2.0,"gold_loss":0.0,"damage_taken":0.0,"cards_upgraded":["Zap"]},{"damage_healed":0,"gold_gain":0,"player_choice":"Left Gold","damage_taken":0,"max_hp_gain":0,"max_hp_loss":0,"event_name":"World of Goop","floor":13,"gold_loss":70},{"cards_removed":["Strike_B"],"damage_healed":0,"gold_gain":0,"player_choice":"Purged","damage_taken":0,"max_hp_gain":0,"max_hp_loss":0,"event_name":"Purifier","floor":19,"gold_loss":0},{"damage_healed":0,"gold_gain":0,"player_choice":"Smashed Altar","damage_taken":0,"max_hp_gain":0,"max_hp_loss":0,"event_name":"Forgotten Altar","floor":22,"gold_loss":0,"cards_obtained":["Decay"]}],"is_beta":false,"boss_relics":[{"not_picked":["Calling Bell","Runic Dome"],"picked":"Busted Crown"}],"items_purged_floors":[7,24],"is_endless":false,"potions_floor_spawned":[1,12,16,18,25,30],"killed_by":"Snecko","ascension_level":19}}