{"host":"wy5pcbg592uilh9l","time":1609742680,"event":{"mods":["AchievementEnabler","BaseMod","BetterRewards","Hubris","Infinite Spire","Minty Spire (QoL Compilation)","Permanent Neow","Replay The Spire","StSLib"],"gold_per_floor":[117,42,42,42,60,93,93,122,148,48,48,48,64,77,77,178,178,198,213,213,232,242,242,242],"floor_reached":23,"playtime":1932,"items_purged":["Strike_G","Defend_G"],"score":221,"play_id":"d3b96924-2eb0-4a64-bfee-80312a9f86f0","local_time":"20210104004440","is_ascension_mode":true,"campfire_choices":[{"floor":7,"key":"REST"},{"floor":12,"key":"REST"},{"data":"Defend_G","floor":15,"key":"PURGE"}],"circlet_count":0,"master_deck":["Strike_G","Strike_G","Strike_G","Strike_G","Defend_G","Defend_G","Defend_G","Survivor","Neutralize","Terror","Regret","Dodge and Roll","Blade Dance","Blade Dance","Cloak And Dagger","After Image","Quick Slash"],"relics":["Ring of the Snake","hubris:SlimyHat","Orichalcum","infinitespire:Beetle Shell","Blood Vial","Replay:Multitool","Torii","Replay:Grab Bag","Painkiller Herb","Fusion Hammer","Ring of Chaos","NlothsMask"],"acts_visited":["Exordium","TheCity"],"potions_floor_usage":[14,16,16,22,22],"damage_taken":[{"damage":0,"enemies":"2 Louse","floor":1,"turns":2},{"damage":8,"enemies":"Small Slimes","floor":5,"turns":4},{"damage":27,"enemies":"3 Sentries","floor":6,"turns":16},{"damage":19,"enemies":"Lagavulin","floor":8,"turns":7},{"damage":0,"enemies":"Jaw Worm","floor":13,"turns":2},{"damage":9,"enemies":"Gremlin Gang","floor":14,"turns":3},{"damage":51,"enemies":"Fading Forest","floor":16,"turns":11},{"damage":10,"enemies":"Shell Parasite","floor":18,"turns":6},{"damage":7,"enemies":"3 Byrds","floor":19,"turns":6},{"damage":22,"enemies":"Centurion and Healer","floor":21,"turns":6},{"damage":0,"enemies":"Shelled Parasite and Fungi","floor":22,"turns":6},{"damage":50,"enemies":"Gremlin Leader","floor":23,"turns":11}],"seed_played":"-985119491120129381","potions_obtained":[{"floor":8,"key":"Elixir"},{"floor":13,"key":"GamblersBrew"},{"floor":14,"key":"Adrenaline Potion"},{"floor":16,"key":"GamblersBrew"},{"floor":21,"key":"Swift Potion"}],"is_trial":false,"path_per_floor":["M","$","?","?","M","E","R","E","T","$","T","R","M","M","R","B",null,"?","?","?","?","?","E"],"character_chosen":"THE_SILENT","items_purchased":[],"campfire_rested":2,"item_purchase_floors":[],"current_hp_per_floor":[70,70,70,63,55,28,49,32,32,32,32,53,55,48,48,9,70,60,55,55,35,37,0,0],"gold":242,"neow_bonus":"RANDOM_COMMON_RELIC","is_daily":false,"chose_seed":false,"campfire_upgraded":0,"win_rate":0.0,"timestamp":1609742680,"path_taken":["M","$","?","?","M","E","R","E","T","$","?","R","M","?","R","BOSS","?","?","?","?","?","E"],"items_purchased_type":[],"build_version":"2020-12-22","purchased_purges":2,"victory":false,"max_hp_per_floor":[70,70,70,70,70,70,70,70,70,70,70,70,70,70,70,70,70,70,70,70,70,70,70,70],"card_choices":[{"not_picked":["Dodge and Roll","Catalyst"],"picked":"Terror","floor":1},{"not_picked":["hubris:SlightOfHand","Quick Slash"],"picked":"Dodge and Roll","floor":5},{"not_picked":["Deadly Poison","Backstab"],"picked":"Blade Dance","floor":6},{"not_picked":["PiercingWail","Acrobatics"],"picked":"Blade Dance","floor":8},{"not_picked":["Skewer","Quick Slash"],"picked":"Cloak And Dagger","floor":13},{"not_picked":["Acrobatics","Slice","Sucker Punch"],"picked":"SKIP","floor":14},{"not_picked":["Malaise","ReplayTheSpireMod:Necrosis"],"picked":"After Image","floor":16},{"not_picked":["Slice","Eviscerate","Draining Mist"],"picked":"SKIP","floor":18},{"not_picked":["hubris:Counter","Well Laid Plans+1"],"picked":"Quick Slash","floor":19},{"not_picked":["Quick Slash","Dodge and Roll","PiercingWail"],"picked":"SKIP","floor":21},{"not_picked":["Sucker Punch+1","hubris:SlightOfHand","ReplayTheSpireMod:Exploit Weakness"],"picked":"SKIP","floor":22}],"player_experience":213163,"relics_obtained":[{"floor":6,"key":"Blood Vial"},{"floor":8,"key":"Replay:Multitool"},{"floor":11,"key":"Torii"}],"event_choices":[{"damage_healed":0,"gold_gain":0,"player_choice":"Box","damage_taken":0,"relics_obtained":["Orichalcum"],"max_hp_gain":0,"max_hp_loss":0,"event_name":"Big Fish","floor":3,"gold_loss":0,"cards_obtained":["Regret"]},{"damage_healed":0,"gold_gain":0,"player_choice":"Success","damage_taken":7,"relics_obtained":["infinitespire:Beetle Shell"],"max_hp_gain":0,"max_hp_loss":0,"event_name":"Scrap Ooze","floor":4,"gold_loss":0},{"damage_healed":0,"gold_gain":0,"player_choice":"Trade","damage_taken":0,"relics_obtained":["NlothsMask"],"max_hp_gain":0,"max_hp_loss":0,"event_name":"FaceTrader","floor":20,"gold_loss":0}],"is_beta":false,"boss_relics":[{"not_picked":["ReplayTheSpireMod:DimensionalGlitch","ChewingGum"],"picked":"Replay:Grab Bag"},{"not_picked":["Philosopher\u0027s Stone","hubris:TerracottaHorce"],"picked":"Painkiller Herb"},{"not_picked":["Replay:Wanted Poster","Velvet Choker"],"picked":"Fusion Hammer"},{"not_picked":["hubris:BlackHole","Kintsugi"],"picked":"Ring of Chaos"}],"items_purged_floors":[2,10],"is_endless":false,"potions_floor_spawned":[8,13,14,16,21],"killed_by":"Gremlin Leader","ascension_level":2}}