{"host":"fjaupvxe7fzqrf4j","time":1609753501,"event":{"mods":["ATMod(°¢èªMod)","BaseMod","Minty Spire (QoL Compilation)","StSLib"],"gold_per_floor":[114,26,26,36,36,67,101,128,176,210,236,236,266,297,297,371,371,387,387,312,37,37,72,102,131,157,190,190,220,249,283,283,360,360,370,425,291,291,291,320,377,433,433,534,627,680,680,787,787,837,862,862,862,416,499,524],"floor_reached":57,"playtime":1068,"items_purged":["Phantasmal Killer","Blade Dance+1"],"score":4920,"play_id":"5525801b-3dca-4678-88a6-d20a57d2a35d","local_time":"20210104174501","daily_mods":["SealedDeck","Heirloom","Time Dilation","Flight","Elite Swarm"],"is_ascension_mode":true,"campfire_choices":[{"data":"AT_ShadowStep","floor":12.0,"key":"SMITH"},{"data":"AT_KingSlayer","floor":15.0,"key":"SMITH"},{"data":"AT_WindFlip+1","floor":28.0,"key":"PURGE"},{"data":"Deflect","floor":32.0,"key":"PURGE"},{"floor":47.0,"key":"RECALL"},{"data":"Escape Plan","floor":49.0,"key":"SMITH"},{"data":"AT_KingSlayer+1","floor":53.0,"key":"PURGE"}],"circlet_count":0,"master_deck":["AscendersBane","Escape Plan+1","Terror+1","AT_ShadowStep+1","Expertise+1","Acrobatics+1","Concentrate+1","Adrenaline+1","After Image+1","AT_KingSlayer+1","Grand Finale+1","Wraith Form v2+1","AT_KneejerkReflex+1"],"relics":["Ring of the Snake","AT_ATBox","Torii","Ice Cream","AT_SunfireAegis","CaptainsWheel","Whetstone","AT_Kusabimaru","AT_LudenTempest","Smiling Mask","Peace Pipe","AT_TrinityForce","AT_SilvercatRing","The Specimen","Snake Skull","Tough Bandages","Orichalcum","Blue Candle","Bag of Preparation","Shuriken","AT_BellDemon","Vajra","Black Star","Omamori","Unceasing Top","Letter Opener","AT_ImmortalShieldbow","AT_MibuBalloonWealth","Darkstone Periapt","Frozen Egg 2","Pantograph","Molten Egg 2","Ginger","Incense Burner","Prayer Wheel","Mango","Toxic Egg 2","Singing Bowl","Thread and Needle","Turnip","AT_ChloranthyRing","AT_BellowingDragoncrestRing","FossilizedHelix","Dream Catcher","AT_Manta","AT_PhaseBoots","Meat on the Bone","Lantern","AT_RabadonDeathcap","StoneCalendar","Du-Vu Doll"],"acts_visited":["Exordium","TheCity","TheBeyond","TheEnding"],"potions_floor_usage":[56,56],"damage_taken":[{"damage":0.0,"enemies":"Small Slimes","floor":1.0,"turns":1.0},{"damage":0.0,"enemies":"Cultist","floor":4.0,"turns":1.0},{"damage":0.0,"enemies":"Gremlin Nob","floor":6.0,"turns":2.0},{"damage":0.0,"enemies":"Lagavulin","floor":7.0,"turns":2.0},{"damage":0.0,"enemies":"Gremlin Nob","floor":8.0,"turns":2.0},{"damage":0.0,"enemies":"3 Sentries","floor":10.0,"turns":1.0},{"damage":0.0,"enemies":"Gremlin Nob","floor":11.0,"turns":1.0},{"damage":0.0,"enemies":"Lagavulin","floor":13.0,"turns":1.0},{"damage":0.0,"enemies":"3 Sentries","floor":14.0,"turns":1.0},{"damage":0.0,"enemies":"The Guardian","floor":16.0,"turns":1.0},{"damage":0.0,"enemies":"3 Byrds","floor":18.0,"turns":1.0},{"damage":0.0,"enemies":"Slavers","floor":23.0,"turns":1.0},{"damage":0.0,"enemies":"Gremlin Leader","floor":24.0,"turns":1.0},{"damage":0.0,"enemies":"Book of Stabbing","floor":25.0,"turns":1.0},{"damage":0.0,"enemies":"Slavers","floor":27.0,"turns":1.0},{"damage":0.0,"enemies":"Gremlin Leader","floor":29.0,"turns":1.0},{"damage":0.0,"enemies":"Slavers","floor":30.0,"turns":1.0},{"damage":0.0,"enemies":"Gremlin Leader","floor":31.0,"turns":1.0},{"damage":0.0,"enemies":"Champ","floor":33.0,"turns":1.0},{"damage":0.0,"enemies":"3 Darklings","floor":35.0,"turns":1.0},{"damage":0.0,"enemies":"2 Orb Walkers","floor":36.0,"turns":1.0},{"damage":0.0,"enemies":"Reptomancer","floor":40.0,"turns":1.0},{"damage":0.0,"enemies":"Giant Head","floor":41.0,"turns":1.0},{"damage":0.0,"enemies":"Nemesis","floor":42.0,"turns":1.0},{"damage":0.0,"enemies":"Reptomancer","floor":44.0,"turns":1.0},{"damage":0.0,"enemies":"3 Shapes","floor":45.0,"turns":1.0},{"damage":0.0,"enemies":"Nemesis","floor":46.0,"turns":1.0},{"damage":0.0,"enemies":"Reptomancer","floor":48.0,"turns":1.0},{"damage":0.0,"enemies":"Donu and Deca","floor":50.0,"turns":1.0},{"damage":0.0,"enemies":"Time Eater","floor":51.0,"turns":1.0},{"damage":0.0,"enemies":"Shield and Spear","floor":55.0,"turns":1.0},{"damage":0,"enemies":"The Heart","floor":56,"turns":4}],"seed_played":"608509787473276423","potions_obtained":[{"floor":1.0,"key":"CunningPotion"},{"floor":7.0,"key":"Regen Potion"}],"is_trial":true,"path_per_floor":["M","$","?","M","?","E","E","E","T","E","E","R","E","E","R","B",null,"M","?","?","$","T","E","E","E","T","E","R","E","E","E","R","B",null,"M","?","$","?","T","E","E","E","T","E","M","E","R","E","R","B","B",null,"R","$","E","B",null],"character_chosen":"THE_SILENT","items_purchased":["AT_Desolate","AT_SilvercatRing","Phantasmal Killer","Lantern","AT_KneejerkReflex+1","Blade Dance+1","SkillPotion","ColorlessPotion"],"campfire_rested":0,"item_purchase_floors":[2,21,37,54,54,54,54,54],"current_hp_per_floor":[59,59,59,59,39,39,39,39,39,39,39,39,39,39,39,39,59,59,59,59,59,59,59,59,59,59,59,59,59,59,59,59,59,64,64,64,64,64,64,64,64,78,78,80,84,86,86,88,88,90,90,90,90,90,92,92],"gold":524,"neow_bonus":"","is_daily":false,"chose_seed":false,"campfire_upgraded":3,"win_rate":0.0,"timestamp":1609753501,"path_taken":["M","$","?","?","?","E","E","E","T","E","E","R","E","E","R","BOSS","M","?","?","$","?","E","E","E","T","E","R","E","E","E","R","BOSS","M","?","$","?","?","E","E","E","T","E","?","E","R","E","R","BOSS","BOSS","R","$","E","BOSS"],"items_purchased_type":["Card","Relic","Card","Relic","Card","Card","Potion","Potion"],"build_version":"2020-12-22","purchased_purges":2,"victory":true,"max_hp_per_floor":[66,66,66,66,66,66,66,66,66,66,66,66,66,66,66,66,66,66,66,66,66,66,66,66,66,66,66,66,66,66,66,66,66,66,66,66,66,66,66,66,66,80,80,82,86,88,88,90,90,90,90,90,90,90,92,92],"card_choices":[{"not_picked":["Poisoned Stab","Dash","Dagger Spray"],"picked":"SKIP","floor":1.0},{"not_picked":["Dodge and Roll","Slice","All Out Attack"],"picked":"SKIP","floor":4.0},{"not_picked":["AT_MyraUnstableElement","Night Terror","Glass Knife"],"picked":"SKIP","floor":6.0},{"not_picked":["Wraith Form v2","Night Terror","Tools of the Trade"],"picked":"SKIP","floor":7.0},{"not_picked":["Tools of the Trade","AT_EssenceShift"],"picked":"Adrenaline","floor":8.0},{"not_picked":["Doppelganger","A Thousand Cuts"],"picked":"After Image","floor":10.0},{"not_picked":["Night Terror","Adrenaline","Corpse Explosion"],"picked":"SKIP","floor":11.0},{"not_picked":["Wraith Form v2","A Thousand Cuts","After Image"],"picked":"SKIP","floor":13.0},{"not_picked":["Doppelganger","Burst"],"picked":"AT_KingSlayer","floor":14.0},{"not_picked":["Setup","AT_FocusSwordFire","Backstab"],"picked":"SKIP","floor":18.0},{"not_picked":["AT_MyraUnstableElement","Wraith Form v2","Phantasmal Killer"],"picked":"SKIP","floor":23.0},{"not_picked":["After Image","Phantasmal Killer","Die Die Die"],"picked":"SKIP","floor":24.0},{"not_picked":["Malaise","Tools of the Trade","Phantasmal Killer"],"picked":"SKIP","floor":25.0},{"not_picked":["Venomology","Adrenaline"],"picked":"Grand Finale","floor":27.0},{"not_picked":["Unload","Grand Finale","AT_EssenceShift"],"picked":"SKIP","floor":29.0},{"not_picked":["After Image","Glass Knife","Tools of the Trade"],"picked":"SKIP","floor":30.0},{"not_picked":["AT_EssenceShift","Malaise","Doppelganger"],"picked":"SKIP","floor":31.0},{"not_picked":["Grand Finale","AT_MyraUnstableElement"],"picked":"AT_KingSlayer","floor":33.0},{"not_picked":["AT_TwilightShroud","Accuracy","Endless Agony"],"picked":"SKIP","floor":35.0},{"not_picked":["Doppelganger","Die Die Die","Envenom+1"],"picked":"SKIP","floor":40.0},{"not_picked":["Venomology","Grand Finale+1","AT_KingSlayer+1"],"picked":"SKIP","floor":41.0},{"not_picked":["Bullet Time","Glass Knife+1"],"picked":"Wraith Form v2+1","floor":42.0},{"not_picked":["After Image+1","Grand Finale+1","A Thousand Cuts+1"],"picked":"Singing Bowl","floor":44.0},{"not_picked":["Deadly Poison+1","Flying Knee+1","AT_WindFlip+1"],"picked":"Singing Bowl","floor":45.0},{"not_picked":["Backflip+1","Deadly Poison+1","Blade Dance+1"],"picked":"Singing Bowl","floor":45.0},{"not_picked":["Night Terror+1","Tools of the Trade+1","AT_KingSlayer+1"],"picked":"Singing Bowl","floor":46.0},{"not_picked":["Tools of the Trade+1","Storm of Steel+1","Venomology+1"],"picked":"Singing Bowl","floor":48.0},{"not_picked":["Venomology+1","Unload+1","Phantasmal Killer+1"],"picked":"Singing Bowl","floor":55.0}],"player_experience":339871,"relics_obtained":[{"floor":6.0,"key":"Ice Cream"},{"floor":7.0,"key":"AT_SunfireAegis"},{"floor":8.0,"key":"CaptainsWheel"},{"floor":9.0,"key":"Whetstone"},{"floor":10.0,"key":"AT_Kusabimaru"},{"floor":11.0,"key":"AT_LudenTempest"},{"floor":13.0,"key":"Smiling Mask"},{"floor":14.0,"key":"Peace Pipe"},{"floor":23.0,"key":"The Specimen"},{"floor":24.0,"key":"Snake Skull"},{"floor":25.0,"key":"Tough Bandages"},{"floor":26.0,"key":"Orichalcum"},{"floor":27.0,"key":"Blue Candle"},{"floor":29.0,"key":"Bag of Preparation"},{"floor":30.0,"key":"Shuriken"},{"floor":31.0,"key":"AT_BellDemon"},{"floor":33.0,"key":"Vajra"},{"floor":35.0,"key":"Omamori"},{"floor":36.0,"key":"Unceasing Top"},{"floor":36.0,"key":"Letter Opener"},{"floor":39.0,"key":"AT_ImmortalShieldbow"},{"floor":40.0,"key":"AT_MibuBalloonWealth"},{"floor":40.0,"key":"Darkstone Periapt"},{"floor":40.0,"key":"Frozen Egg 2"},{"floor":41.0,"key":"Pantograph"},{"floor":41.0,"key":"Molten Egg 2"},{"floor":41.0,"key":"Ginger"},{"floor":42.0,"key":"Incense Burner"},{"floor":42.0,"key":"Prayer Wheel"},{"floor":42.0,"key":"Mango"},{"floor":43.0,"key":"Toxic Egg 2"},{"floor":44.0,"key":"Singing Bowl"},{"floor":44.0,"key":"Thread and Needle"},{"floor":44.0,"key":"Turnip"},{"floor":45.0,"key":"AT_ChloranthyRing"},{"floor":46.0,"key":"AT_BellowingDragoncrestRing"},{"floor":46.0,"key":"FossilizedHelix"},{"floor":46.0,"key":"Dream Catcher"},{"floor":48.0,"key":"AT_Manta"},{"floor":48.0,"key":"AT_SpeedBoots"},{"floor":48.0,"key":"Meat on the Bone"},{"floor":55.0,"key":"AT_RabadonDeathcap"},{"floor":55.0,"key":"StoneCalendar"},{"floor":55.0,"key":"Du-Vu Doll"}],"event_choices":[{"damage_healed":0.0,"max_hp_gain":0.0,"max_hp_loss":0.0,"gold_gain":0.0,"event_name":"Accursed Blacksmith","player_choice":"Forge","floor":3.0,"gold_loss":0.0,"damage_taken":0.0,"cards_upgraded":["Concentrate"]},{"damage_healed":0.0,"max_hp_gain":0.0,"max_hp_loss":0.0,"gold_gain":0.0,"event_name":"Shining Light","player_choice":"Entered Light","floor":5.0,"gold_loss":0.0,"damage_taken":20.0,"cards_upgraded":["Expertise","AT_Desolate"]},{"cards_removed":["Masterful Stab"],"damage_healed":0.0,"max_hp_gain":0.0,"max_hp_loss":0.0,"gold_gain":0.0,"event_name":"Back to Basics","player_choice":"Elegance","floor":19.0,"gold_loss":0.0,"damage_taken":0.0},{"cards_removed":["Prepared"],"damage_healed":0.0,"max_hp_gain":0.0,"max_hp_loss":0.0,"gold_gain":0.0,"event_name":"Beggar","player_choice":"Gave Gold","floor":20.0,"gold_loss":75.0,"damage_taken":0.0},{"damage_healed":0.0,"max_hp_gain":0.0,"max_hp_loss":0.0,"gold_gain":0.0,"event_name":"Mysterious Sphere","player_choice":"Fight","floor":36.0,"gold_loss":0.0,"damage_taken":0.0},{"cards_removed":["AT_Desolate"],"damage_healed":0.0,"max_hp_gain":0.0,"max_hp_loss":0.0,"gold_gain":0.0,"event_name":"Falling","player_choice":"Removed Power","floor":38.0,"gold_loss":0.0,"damage_taken":0.0}],"is_beta":false,"boss_relics":[{"not_picked":["Tiny House","Runic Pyramid"],"picked":"AT_TrinityForce"},{"not_picked":["Velvet Choker","WristBlade"],"picked":"Black Star"}],"items_purged_floors":[37,54],"is_endless":false,"potions_floor_spawned":[1,7,10,16,18,24,29,31,36,45],"ascension_level":20}}