{"host":"nox","time":1609770264,"event":{"mods":["Act Like it!","Aspiration","BaseMod","Better Altar","Better Match","Better Note","Better Sensory Stone","Better Skull","Better Third Choice","BetterRewards","Colored Powertips","Conspire","Energized Spire","GifTheSpireLib","Hubris","Infinite Spire","Minty Spire (QoL Compilation)","Pale of the Ancients","Quick Restart","Rare Cards Sparkle","Replay The Spire","Shop Mod","Spikes Relics","StSLib","Stuff the Spire","SuperFastMode","The Alterego","vexMod"],"gold_per_floor":[115,115,157,5,23,23,54,73,123,456,456,471,489,508,508,604,604,619,637,637,562,574,574,586,586,662,694,325,325,344,356,356,356,356],"floor_reached":33,"playtime":1069,"items_purged":["Strike_R"],"score":859,"play_id":"3e1877f5-f766-426b-a7a9-297a47b7653c","local_time":"20210104212424","is_ascension_mode":true,"campfire_choices":[{"data":"Flex","floor":6.0,"key":"SMITH"},{"data":"Armaments","floor":11.0,"key":"SMITH"},{"floor":15.0,"key":"REST"},{"floor":23.0,"key":"REST"},{"floor":25.0,"key":"REST"},{"floor":32.0,"key":"REST"}],"circlet_count":0,"master_deck":["AscendersBane","Strike_R","Strike_R","Strike_R","Defend_R","Defend_R+1","Defend_R","Defend_R+1","Bash+1","Twin Strike","Uppercut","Flex+1","Heavy Blade+1","Armaments+1","StuffTheSpire:Slingshot","Heavy Blade","Bludgeon","Spot Weakness","infinitespire:SevenWalls","Sword Boomerang","True Grit","Demon Form","Cleave+1"],"relics":["Ring of Chaos","Vajra","Gremlin Food","Old Coin","Electric Blood","Ginger","aspiration:ChemicalBlood","infinitespire:Golems Mask"],"acts_visited":["Exordium","TheCity"],"potions_floor_usage":[33,33,33],"damage_taken":[{"damage":2.0,"enemies":"conspire:RoseBush","floor":1.0,"turns":5.0},{"damage":2.0,"enemies":"Jaw Worm","floor":5.0,"turns":2.0},{"damage":31.0,"enemies":"Gremlin Nob","floor":7.0,"turns":4.0},{"damage":0.0,"enemies":"Cultist","floor":8.0,"turns":2.0},{"damage":17.0,"enemies":"3 Sentries","floor":10.0,"turns":5.0},{"damage":15.0,"enemies":"Exordium Thugs","floor":12.0,"turns":4.0},{"damage":4.0,"enemies":"Large Slime","floor":13.0,"turns":5.0},{"damage":6.0,"enemies":"Blue Slaver","floor":14.0,"turns":3.0},{"damage":25.0,"enemies":"Hexaghost","floor":16.0,"turns":9.0},{"damage":11.0,"enemies":"Chosen","floor":18.0,"turns":3.0},{"damage":7.0,"enemies":"Spheric Guardian","floor":19.0,"turns":3.0},{"damage":15.0,"enemies":"Centurion and Healer","floor":22.0,"turns":4.0},{"damage":17.0,"enemies":"Snake Plant","floor":24.0,"turns":3.0},{"damage":28.0,"enemies":"Slavers","floor":27.0,"turns":5.0},{"damage":6.0,"enemies":"Snecko","floor":30.0,"turns":3.0},{"damage":6.0,"enemies":"Chosen and Byrds","floor":31.0,"turns":2.0}],"seed_played":"-4819843114445481902","potions_obtained":[{"floor":3.0,"key":"Dexterity Potion"},{"floor":3.0,"key":"Adrenaline Potion"},{"floor":8.0,"key":"BlessingOfTheForge"},{"floor":10.0,"key":"Milkshake"},{"floor":13.0,"key":"Fire Potion"},{"floor":27.0,"key":"Reflective Coating"},{"floor":31.0,"key":"ElixirPotion"}],"is_trial":false,"path_per_floor":["M","?","?","$","M","R","E","M","T","E","R","M","M","M","R","B",null,"M","M","AVR","?","M","R","M","R","T","E","$","?","M","M","R","B"],"character_chosen":"IRONCLAD","items_purchased":["Vajra","infinitespire:Golems Mask"],"campfire_rested":4,"item_purchase_floors":[4,28],"current_hp_per_floor":[70,78,78,78,76,76,45,45,45,28,28,13,9,3,27,2,61,50,43,43,43,28,52,35,59,59,31,31,15,9,3,27,0,0],"gold":356,"neow_bonus":"BOSS_RELIC","is_daily":false,"chose_seed":false,"campfire_upgraded":2,"win_rate":0.0,"timestamp":1609770264,"path_taken":["M","?","?","$","?","R","E","M","T","E","R","M","M","M","R","BOSS","M","M","AVR","?","M","R","M","R","T","E","$","?","M","M","R","BOSS"],"items_purchased_type":["Relic","Relic"],"build_version":"2020-11-17","purchased_purges":1,"victory":false,"max_hp_per_floor":[80,80,80,80,80,80,80,80,80,80,80,80,80,80,80,80,80,80,80,80,80,80,80,80,80,80,80,80,80,80,80,80,80,80],"card_choices":[{"not_picked":["Flex","hubris:SharpeningStone"],"picked":"Twin Strike","floor":1.0},{"not_picked":["Thunderclap","Whirlwind"],"picked":"Uppercut","floor":3.0},{"not_picked":["Anger","Wild Strike"],"picked":"Flex","floor":5.0},{"not_picked":["Heavy Blade","Rampage","Carnage"],"picked":"SKIP","floor":7.0},{"not_picked":["Rampage","Carnage"],"picked":"Heavy Blade","floor":7.0},{"not_picked":["Life Link","ReplayTheSpireMod:Strike From Hell","Pummel"],"picked":"SKIP","floor":8.0},{"not_picked":["Life Link","ReplayTheSpireMod:Strike From Hell","Pummel"],"picked":"SKIP","floor":8.0},{"not_picked":["Iron Wave","Heavy Blade"],"picked":"Armaments","floor":10.0},{"not_picked":["Feel No Pain","Body Slam"],"picked":"StuffTheSpire:Slingshot","floor":12.0},{"not_picked":["Replay:Undeath\u0027s Touch","Abandon"],"picked":"Heavy Blade","floor":13.0},{"not_picked":["StuffTheSpire:Incineration","hubris:CleavingFinish","StuffTheSpire:RagingBull"],"picked":"SKIP","floor":14.0},{"not_picked":["Juggernaut","Double Tap"],"picked":"Bludgeon","floor":16.0},{"not_picked":["Anger","Absolvement","Perfected Strike"],"picked":"SKIP","floor":18.0},{"not_picked":["Inflame","Flame Barrier"],"picked":"Spot Weakness","floor":19.0},{"not_picked":["Carnage","True Grit"],"picked":"Sword Boomerang","floor":22.0},{"not_picked":["Run Through","Sever Soul"],"picked":"True Grit","floor":24.0},{"not_picked":["ReplayTheSpireMod:Strike From Hell","Anger","Corruption"],"picked":"SKIP","floor":27.0},{"not_picked":["ReplayTheSpireMod:Strike From Hell","Anger","Corruption"],"picked":"SKIP","floor":27.0},{"not_picked":["Run Through","Thunderclap"],"picked":"Cleave+1","floor":30.0},{"not_picked":["Brutality","Replay:Undeath\u0027s Touch","True Grit"],"picked":"SKIP","floor":31.0}],"player_experience":307137,"relics_obtained":[{"floor":9.0,"key":"Gremlin Food"},{"floor":10.0,"key":"Old Coin"},{"floor":27.0,"key":"aspiration:ChemicalBlood"}],"event_choices":[{"cards_removed":["Strike_R"],"damage_healed":0.0,"max_hp_gain":0.0,"max_hp_loss":0.0,"gold_gain":0.0,"event_name":"Beggar","player_choice":"Gave Gold","floor":21.0,"gold_loss":75.0,"damage_taken":0.0},{"damage_healed":0.0,"max_hp_gain":0.0,"max_hp_loss":16.0,"gold_gain":2.0,"event_name":"betterStone:BetterStone","player_choice":"2","floor":29.0,"gold_loss":0.0,"damage_taken":0.0}],"is_beta":true,"boss_relics":[{"not_picked":["aspiration:RunicSpoon","vexMod:TanglingVine"],"picked":"Electric Blood"}],"items_purged_floors":[28],"is_endless":false,"potions_floor_spawned":[8,10,13,27,31],"killed_by":"Pondfish","ascension_level":11}}