{"host":"svwqvw2il1zfkkg0","time":1609803300,"event":{"mods":["AchievementEnabler","BaseMod","BetterRewards","Colored Map","Colored Powertips","Custom Start","Downfall","GifTheSpireLib","Highlight Path","Hubris","Infinite Spire","Minty Spire (QoL Compilation)","Quick Restart","Replay The Spire","Shop Mod","StSLib","SuperFastMode"],"gold_per_floor":[13,88,103,122,133,166,166,166,189,189,230,252,252,252,252,369,369,388,415,38,61,93,93,143,143,166,196,223,223,223,246,246,260,260],"floor_reached":33,"playtime":1804,"items_purged":[],"score":277,"play_id":"e3401406-fb5c-4c66-bba1-8a5748296042","local_time":"20210104153500","is_ascension_mode":false,"campfire_choices":[{"floor":7,"key":"REST"},{"floor":13,"key":"REST"},{"floor":15,"key":"REST"},{"floor":23,"key":"REST"},{"floor":25,"key":"REST"},{"floor":30,"key":"REST"},{"floor":32,"key":"REST"}],"circlet_count":0,"master_deck":["Strike_G","Strike_G","Strike_G","Strike_G","Defend_G","Defend_G","Defend_G","Defend_G","Defend_G","Survivor","Neutralize","A Thousand Cuts","All Out Attack","Caltrops","Sucker Punch","Burst","Slice","Toxin Wave","Hidden Blade","Bullet Time","Backstab+1","Slice+1","Quick Slash","Sucker Punch+1","Defend_G","Choke"],"relics":["Ring of the Snake","Tiny Chest","Replay:Bandana","Pen Nib","WristBlade","Boot","Durian","Oddly Smooth Stone","Bag of Preparation"],"acts_visited":["Exordium","TheCity"],"potions_floor_usage":[11,11,11,16,21,28,33],"damage_taken":[{"damage":2,"enemies":"Small Slimes","floor":1,"turns":4},{"damage":0,"enemies":"Cultist","floor":3,"turns":3},{"damage":0,"enemies":"2 Louse","floor":4,"turns":2},{"damage":10,"enemies":"Looter","floor":5,"turns":3},{"damage":17,"enemies":"Replay:BlueRogue","floor":6,"turns":7},{"damage":30,"enemies":"Lagavulin","floor":11,"turns":7},{"damage":5,"enemies":"3 Louse","floor":12,"turns":2},{"damage":48,"enemies":"Hexaghost","floor":16,"turns":11},{"damage":22,"enemies":"Shell Parasite","floor":18,"turns":7},{"damage":0,"enemies":"Spheric Guardian","floor":21,"turns":1},{"damage":15,"enemies":"Snake Plant","floor":22,"turns":3},{"damage":25,"enemies":"Slavers","floor":24,"turns":5},{"damage":7,"enemies":"3 Cultists","floor":27,"turns":4},{"damage":17,"enemies":"Snecko","floor":28,"turns":5},{"damage":21,"enemies":"Snake Plant","floor":31,"turns":4},{"damage":72,"enemies":"Pondfish","floor":33,"turns":11}],"seed_played":"2934402301700733376","potions_obtained":[{"floor":3,"key":"LiquidBronze"},{"floor":5,"key":"Dexterity Potion"},{"floor":6,"key":"Swift Potion"},{"floor":12,"key":"SteroidPotion"},{"floor":16,"key":"Regen Potion"},{"floor":21,"key":"Elixir"},{"floor":24,"key":"champ:CounterPotion"}],"is_trial":false,"path_per_floor":["M","?","M","M","M","E","R","?","T","?","E","M","R","?","R","B",null,"M","T","$","M","M","R","E","R","T","M","M","?","R","M","R","B"],"character_chosen":"THE_SILENT","items_purchased":["Durian","CunningPotion"],"campfire_rested":7,"item_purchase_floors":[20,20],"current_hp_per_floor":[68,61,61,61,51,34,55,55,55,55,25,20,41,41,62,14,70,48,48,53,53,38,60,35,57,57,50,33,33,55,34,56,0,0],"gold":260,"neow_bonus":"THREE_RARE_CARDS","is_daily":false,"chose_seed":false,"campfire_upgraded":0,"win_rate":0.0,"timestamp":1609803300,"path_taken":["M","?","M","?","M","E","R","?","T","?","E","M","R","?","R","BOSS","M","?","$","M","M","R","E","R","T","M","M","?","R","?","R","BOSS"],"items_purchased_type":["Relic","Potion"],"build_version":"2020-12-22","purchased_purges":0,"victory":false,"max_hp_per_floor":[70,70,70,70,70,70,70,70,70,70,70,70,70,70,70,70,70,70,70,75,75,75,75,75,75,75,75,75,75,75,75,75,75,75],"card_choices":[{"not_picked":["Storm of Steel","Replay:Bag of Tricks"],"picked":"A Thousand Cuts","floor":0},{"not_picked":["Sneak Up","Acrobatics"],"picked":"All Out Attack","floor":1},{"not_picked":["Hidden Blade","Deadly Poison"],"picked":"Caltrops","floor":3},{"not_picked":["Hidden Blade","Backflip"],"picked":"Sucker Punch","floor":4},{"not_picked":["Hidden Blade","ReplayTheSpireMod:Shiv Toss"],"picked":"Burst","floor":5},{"not_picked":["Toxin Wave","PiercingWail"],"picked":"Slice","floor":6},{"not_picked":["Backflip","Acrobatics"],"picked":"Toxin Wave","floor":11},{"not_picked":["Atom Bomb","Acrobatics"],"picked":"Hidden Blade","floor":12},{"not_picked":["A Thousand Cuts","infinitespire:Neurotoxin"],"picked":"Bullet Time","floor":16},{"not_picked":["PiercingWail","Acrobatics"],"picked":"Backstab+1","floor":18},{"not_picked":["Skewer+1","Replay:Poison Smokescreen"],"picked":"Slice+1","floor":21},{"not_picked":["Deadly Poison","hubris:SlightOfHand"],"picked":"Quick Slash","floor":22},{"not_picked":["ReplayTheSpireMod:From All Sides","ReplayTheSpireMod:Scrap Shanks"],"picked":"Sucker Punch+1","floor":24},{"not_picked":["ReplayTheSpireMod:Shiv Toss","Deadly Poison","Eviscerate"],"picked":"SKIP","floor":27},{"not_picked":["Underhanded Strike","Hidden Blade","Cloak And Dagger"],"picked":"SKIP","floor":28},{"not_picked":["Hidden Blade","Deflect"],"picked":"Choke","floor":31}],"player_experience":451285,"relics_obtained":[{"floor":6,"key":"Tiny Chest"},{"floor":9,"key":"Replay:Bandana"},{"floor":11,"key":"Pen Nib"},{"floor":19,"key":"Boot"},{"floor":24,"key":"Oddly Smooth Stone"},{"floor":26,"key":"Bag of Preparation"}],"event_choices":[{"damage_healed":0,"gold_gain":75,"player_choice":"Touch","damage_taken":7,"max_hp_gain":0,"max_hp_loss":0,"event_name":"FaceTrader","floor":2,"gold_loss":0},{"cards_removed":["PiercingWail"],"damage_healed":0,"gold_gain":0,"player_choice":"Took Card","damage_taken":0,"max_hp_gain":0,"max_hp_loss":0,"event_name":"NoteForYourself","floor":29,"gold_loss":0,"cards_obtained":["Defend_G"]}],"is_beta":false,"boss_relics":[{"not_picked":["Empty Cage","Astrolabe"],"picked":"WristBlade"}],"items_purged_floors":[],"is_endless":false,"potions_floor_spawned":[3,5,6,12,16,21,24,27],"killed_by":"Pondfish","ascension_level":0}}