{"host":"o4w63qr3r67r509f","time":1609761076,"event":{"mods":["2.2 Compatiblity","AchievementEnabler","BaseMod","Colored Map","DeckTracker","KOR Keyword Fix","Minty Spire (QoL Compilation)","StSLib","The Bug Knight"],"gold_per_floor":[109,109,109,109,129,148,158,158,226,63,63,63,63],"floor_reached":12,"playtime":887,"items_purged":[],"score":93,"play_id":"05aa6c35-dc59-4085-b32a-879ed0b7d465","local_time":"20210104205116","is_ascension_mode":false,"campfire_choices":[{"data":"HollowMod:PerfectDash","floor":8,"key":"SMITH"},{"data":"Apotheosis","floor":11,"key":"SMITH"}],"circlet_count":0,"master_deck":["HollowMod:QuickDashStart","HollowMod:QuickDashStart","HollowMod:QuickDashStart","HollowMod:FocusHealStart","HollowMod:PogoStrike","HollowMod:PerfectDash+1","Regret","HollowMod:InfectedAttack","HollowMod:InfectedAttack","HollowMod:InfectedAttack","HollowMod:InfectedAttack","HollowMod:NewInfectedGuardian","Apotheosis+1"],"relics":["HollowMod:VesselMask","Lantern","Mummified Hand"],"acts_visited":["Exordium"],"potions_floor_usage":[7],"damage_taken":[{"damage":5,"enemies":"Jaw Worm","floor":1,"turns":4},{"damage":15,"enemies":"2 Louse","floor":5,"turns":3},{"damage":5,"enemies":"Cultist","floor":6,"turns":4},{"damage":43,"enemies":"Gremlin Gang","floor":7,"turns":4},{"damage":31,"enemies":"Gremlin Nob","floor":12,"turns":2}],"seed_played":"1196176154255173711","potions_obtained":[{"floor":1,"key":"Fire Potion"},{"floor":7,"key":"Fire Potion"}],"is_trial":false,"path_per_floor":["M","?","?","?","M","M","M","R","T","$","R","E"],"character_chosen":"THE_BUGKNIGHT","items_purchased":["Apotheosis"],"campfire_rested":0,"item_purchase_floors":[10],"current_hp_per_floor":[71,71,71,71,56,57,20,20,20,20,20,0,0],"gold":63,"neow_bonus":"THREE_CARDS","is_daily":false,"chose_seed":false,"campfire_upgraded":2,"win_rate":0.0,"timestamp":1609761076,"path_taken":["M","?","?","?","M","M","M","R","T","$","R","E"],"items_purchased_type":["Card"],"build_version":"2020-12-22","purchased_purges":0,"victory":false,"max_hp_per_floor":[75,75,75,75,75,75,75,75,75,75,75,75,75],"card_choices":[{"not_picked":["HollowMod:DungDefenderAura","HollowMod:SoulSplash"],"picked":"HollowMod:PerfectDash","floor":0},{"not_picked":["HollowMod:DesolateDive","HollowMod:DashSlash","HollowMod:ChannelNail"],"picked":"SKIP","floor":1},{"not_picked":["HollowMod:SoulSplash","HollowMod:ChannelNail","HollowMod:WraithStrike"],"picked":"SKIP","floor":5},{"not_picked":["HollowMod:ShadowDash","HollowMod:BaldurShell"],"picked":"HollowMod:NewInfectedGuardian","floor":6},{"not_picked":["HollowMod:SoulStrike","HollowMod:HeavyBlow","HollowMod:DesolateDive"],"picked":"SKIP","floor":7}],"player_experience":110586,"relics_obtained":[{"floor":9,"key":"Mummified Hand"}],"event_choices":[{"damage_healed":0,"gold_gain":0,"player_choice":"Box","damage_taken":0,"relics_obtained":["Lantern"],"max_hp_gain":0,"max_hp_loss":0,"event_name":"Big Fish","floor":3,"gold_loss":0,"cards_obtained":["Regret"]}],"is_beta":false,"boss_relics":[],"items_purged_floors":[],"is_endless":false,"potions_floor_spawned":[1,7],"killed_by":"Gremlin Nob","ascension_level":0}}