{"host":"j25kpsdysct9h495","time":1609722102,"event":{"mods":["BaseMod","Bestiary","Minty Spire (QoL Compilation)"],"gold_per_floor":[114,114,114,189,33,66,31,31,58,58,70,86,86,99,99,195,195,209,222,222,53,69,88,118,118,118,149,74,74,90,110,110,212,212,227,78,78,90,110,110,110,130,177,190,190,39,55,105,105,105,105],"floor_reached":50,"playtime":3018,"items_purged":["Strike_B"],"score":507,"play_id":"dcbd1487-6648-4742-825a-85b64c5c564e","local_time":"20210103230142","is_ascension_mode":false,"campfire_choices":[{"data":"Zap","floor":8,"key":"SMITH"},{"data":"Force Field","floor":10,"key":"SMITH"},{"data":"Echo Form","floor":13,"key":"SMITH"},{"data":"Streamline","floor":15,"key":"SMITH"},{"floor":25,"key":"REST"},{"floor":29,"key":"REST"},{"floor":32,"key":"REST"},{"floor":40,"key":"REST"},{"floor":49,"key":"REST"}],"circlet_count":0,"master_deck":["Strike_B+1","Strike_B","Defend_B","Defend_B","Zap+1","Dualcast","Streamline+1","Force Field+1","Streamline+1","Echo Form+1","Buffer","Fission","FTL","Self Repair","Hologram","Double Energy","Self Repair+1","Creative AI","Secret Technique","Ball Lightning+1","Capacitor","Madness","Madness","Force Field+1","Machine Learning"],"relics":["Cracked Core","NeowsBlessing","PreservedInsect","Anchor","Toy Ornithopter","Nuclear Battery","White Beast Statue","Mercury Hourglass","SlaversCollar","Bag of Marbles","Ancient Tea Set","Strawberry","StoneCalendar"],"acts_visited":["Exordium","TheCity","TheBeyond"],"potions_floor_usage":[22,22,22,27,27,31,31,31,31,44,47,47,48,48,48,50],"damage_taken":[{"damage":0,"enemies":"Jaw Worm","floor":1,"turns":1},{"damage":0,"enemies":"Gremlin Nob","floor":6,"turns":1},{"damage":0,"enemies":"Small Slimes","floor":11,"turns":1},{"damage":0,"enemies":"2 Louse","floor":12,"turns":2},{"damage":3,"enemies":"Exordium Thugs","floor":14,"turns":3},{"damage":35,"enemies":"Slime Boss","floor":16,"turns":7},{"damage":5,"enemies":"3 Byrds","floor":18,"turns":5},{"damage":12,"enemies":"Shell Parasite","floor":19,"turns":4},{"damage":10,"enemies":"Cultist and Chosen","floor":22,"turns":5},{"damage":5,"enemies":"Snecko","floor":23,"turns":4},{"damage":23,"enemies":"Book of Stabbing","floor":24,"turns":4},{"damage":67,"enemies":"Gremlin Leader","floor":27,"turns":8},{"damage":15,"enemies":"Centurion and Healer","floor":30,"turns":4},{"damage":24,"enemies":"3 Cultists","floor":31,"turns":5},{"damage":39,"enemies":"Champ","floor":33,"turns":9},{"damage":59,"enemies":"3 Darklings","floor":35,"turns":6},{"damage":1,"enemies":"3 Shapes","floor":38,"turns":5},{"damage":39,"enemies":"Sphere and 2 Shapes","floor":39,"turns":5},{"damage":43,"enemies":"Transient","floor":42,"turns":5},{"damage":22,"enemies":"4 Shapes","floor":44,"turns":6},{"damage":49,"enemies":"Jaw Worm Horde","floor":47,"turns":5},{"damage":32,"enemies":"Mind Bloom Boss Battle","floor":48,"turns":7},{"damage":98,"enemies":"Awakened One","floor":50,"turns":8}],"seed_played":"7697310072354581924","potions_obtained":[{"floor":11,"key":"SpeedPotion"},{"floor":16,"key":"Explosive Potion"},{"floor":19,"key":"EntropicBrew"},{"floor":27,"key":"AttackPotion"},{"floor":30,"key":"EntropicBrew"},{"floor":31,"key":"BlessingOfTheForge"},{"floor":35,"key":"Ancient Potion"},{"floor":44,"key":"SteroidPotion"},{"floor":48,"key":"Swift Potion"}],"is_trial":false,"path_per_floor":["M","?","?","?","$","E","?","R","T","R","M","M","R","M","R","B",null,"M","M","?","$","M","M","E","R","T","E","?","R","M","M","R","B",null,"M","$","?","M","M","R","?","M","T","M","?","$","M","?","R","B"],"character_chosen":"DEFECT","items_purchased":["PreservedInsect","Self Repair","Hologram","Bag of Marbles","Strawberry"],"campfire_rested":5,"item_purchase_floors":[5,21,21,36,46],"current_hp_per_floor":[75,60,60,49,49,49,67,67,67,67,67,67,67,64,64,29,75,70,58,58,58,70,72,56,75,75,25,25,47,32,35,57,35,75,33,33,33,49,37,59,50,34,34,34,34,41,46,58,82,0,0],"gold":105,"neow_bonus":"THREE_ENEMY_KILL","is_daily":false,"chose_seed":false,"campfire_upgraded":4,"win_rate":0.0,"timestamp":1609722102,"path_taken":["M","?","?","?","$","E","?","R","T","R","M","M","R","M","R","BOSS","M","M","?","?","M","M","E","R","T","E","?","R","M","M","R","BOSS","M","$","?","M","M","R","?","M","T","M","?","?","M","?","R","BOSS"],"items_purchased_type":["Relic","Card","Card","Relic","Relic"],"build_version":"2020-12-22","purchased_purges":1,"victory":false,"max_hp_per_floor":[75,75,75,75,75,75,75,75,75,75,75,75,75,75,75,75,75,75,75,75,75,75,75,75,75,75,75,75,75,75,75,75,75,75,75,75,75,75,75,75,75,75,75,75,75,82,82,82,82,82,82],"card_choices":[{"not_picked":["Conserve Battery","Blizzard"],"picked":"Streamline","floor":1},{"not_picked":["Conserve Battery","Stack"],"picked":"Force Field","floor":6},{"not_picked":["Hello World","Rip and Tear"],"picked":"Streamline","floor":11},{"not_picked":["Reinforced Body","Loop"],"picked":"Echo Form","floor":12},{"not_picked":["Barrage","Rip and Tear","Steam Power"],"picked":"SKIP","floor":14},{"not_picked":["Biased Cognition","Thunder Strike"],"picked":"Buffer","floor":16},{"not_picked":["Hello World","Gash","Tempest"],"picked":"SKIP","floor":18},{"not_picked":["Ball Lightning","Conserve Battery","Reinforced Body"],"picked":"SKIP","floor":19},{"not_picked":["Chaos","Cold Snap+1","Hello World"],"picked":"SKIP","floor":22},{"not_picked":["Redo","Compile Driver","Force Field"],"picked":"SKIP","floor":23},{"not_picked":["Rebound","Stack","Fusion"],"picked":"SKIP","floor":24},{"not_picked":["Sweeping Beam+1","Force Field"],"picked":"Darkness+1","floor":27},{"not_picked":["Biased Cognition","Gash"],"picked":"Double Energy","floor":30},{"not_picked":["Cold Snap+1","Coolheaded+1"],"picked":"Self Repair+1","floor":31},{"not_picked":["Fission","Amplify"],"picked":"Creative AI","floor":33},{"not_picked":["Conserve Battery","Chill+1","Darkness"],"picked":"SKIP","floor":35},{"not_picked":["Apotheosis","Trip"],"picked":"Secret Technique","floor":37},{"not_picked":["Rebound+1","Lockon"],"picked":"Ball Lightning+1","floor":38},{"not_picked":["Rebound+1","Scrape+1"],"picked":"Capacitor","floor":39},{"not_picked":["Consume+1","Melter"],"picked":"Force Field+1","floor":42},{"not_picked":["Force Field","Gash+1","Cold Snap"],"picked":"SKIP","floor":44},{"not_picked":["Compile Driver","Coolheaded","Conserve Battery+1"],"picked":"SKIP","floor":47},{"not_picked":["Static Discharge","Coolheaded"],"picked":"Machine Learning","floor":48}],"player_experience":3477,"relics_obtained":[{"floor":6,"key":"Anchor"},{"floor":9,"key":"Toy Ornithopter"},{"floor":26,"key":"White Beast Statue"},{"floor":27,"key":"Mercury Hourglass"},{"floor":43,"key":"Ancient Tea Set"},{"floor":48,"key":"StoneCalendar"}],"event_choices":[{"damage_healed":0,"gold_gain":0,"player_choice":"Entered Light","damage_taken":15,"max_hp_gain":0,"max_hp_loss":0,"event_name":"Shining Light","floor":2,"gold_loss":0,"cards_upgraded":["Streamline","Strike_B"]},{"damage_healed":0,"gold_gain":0,"player_choice":"Ignored","damage_taken":0,"max_hp_gain":0,"max_hp_loss":0,"event_name":"Golden Idol","floor":3,"gold_loss":0},{"damage_healed":0,"gold_gain":75,"player_choice":"Gather Gold","damage_taken":11,"max_hp_gain":0,"max_hp_loss":0,"event_name":"World of Goop","floor":4,"gold_loss":0},{"damage_healed":18,"gold_gain":0,"player_choice":"Healed","damage_taken":0,"max_hp_gain":0,"max_hp_loss":0,"event_name":"The Cleric","floor":7,"gold_loss":35},{"damage_healed":0,"gold_gain":0,"cards_transformed":["Defend_B","Defend_B"],"player_choice":"Became Test Subject","damage_taken":0,"max_hp_gain":0,"max_hp_loss":0,"event_name":"Drug Dealer","floor":20,"gold_loss":0,"cards_obtained":["Fission","FTL"]},{"cards_removed":["Strike_B"],"damage_healed":0,"gold_gain":0,"player_choice":"Gave Gold","damage_taken":0,"max_hp_gain":0,"max_hp_loss":0,"event_name":"Beggar","floor":28,"gold_loss":75},{"damage_healed":0,"gold_gain":0,"player_choice":"Memory 1","damage_taken":0,"max_hp_gain":0,"max_hp_loss":0,"event_name":"SensoryStone","floor":37,"gold_loss":0},{"damage_healed":0,"gold_gain":0,"player_choice":"Embrace Madness","damage_taken":9,"max_hp_gain":0,"max_hp_loss":0,"event_name":"Winding Halls","floor":41,"gold_loss":0,"cards_obtained":["Madness","Madness"]},{"cards_removed":["Darkness"],"damage_healed":0,"gold_gain":0,"player_choice":"Removed Skill","damage_taken":0,"max_hp_gain":0,"max_hp_loss":0,"event_name":"Falling","floor":45,"gold_loss":0},{"damage_healed":0,"gold_gain":0,"player_choice":"Fight","damage_taken":0,"max_hp_gain":0,"max_hp_loss":0,"event_name":"MindBloom","floor":48,"gold_loss":0}],"is_beta":false,"boss_relics":[{"not_picked":["Busted Crown","Tiny House"],"picked":"Nuclear Battery"},{"not_picked":["Inserter","Fusion Hammer"],"picked":"SlaversCollar"}],"items_purged_floors":[21],"is_endless":false,"potions_floor_spawned":[11,16,19,24,27,30,31,33,35,38,39,42,44,47,48],"killed_by":"Awakened One","ascension_level":0}}