{"host":"esx1hwjnbftf3eqj","time":1609785225,"event":{"mods":["BaseMod","Colored Map","Minty Spire (QoL Compilation)","StSLib","The Jungle"],"gold_per_floor":[115,40,53,53,3,3,18,44,44,44,59,134,150,169,169,268,268,286,298,318,330,330,330,355,355,382,408,418,428,428,441,441,539,539,552,552,398,412,412,412,426,426,506,518,549,549,549,567,567,567],"floor_reached":51,"playtime":4510,"items_purged":["Strike_R","Thunderclap"],"score":1119,"play_id":"6b3a8ede-98fc-4cd4-b5c3-3461c7948874","local_time":"20210104103345","is_ascension_mode":true,"campfire_choices":[{"data":"Clothesline","floor":6,"key":"SMITH"},{"data":"Bash","floor":10,"key":"SMITH"},{"data":"Juggernaut","floor":15,"key":"SMITH"},{"data":"Offering","floor":23,"key":"SMITH"},{"data":"Immolate","floor":25,"key":"SMITH"},{"data":"Pommel Strike","floor":30,"key":"SMITH"},{"data":"Flame Barrier","floor":32,"key":"SMITH"},{"data":"Entrench","floor":40,"key":"SMITH"},{"data":"Entrench","floor":42,"key":"SMITH"},{"data":"Barricade","floor":47,"key":"SMITH"},{"data":"Berserk","floor":49,"key":"SMITH"}],"circlet_count":0,"master_deck":["AscendersBane","Bash+1","Headbutt","Clothesline+1","Iron Wave","Pommel Strike+1","Juggernaut+1","Flame Barrier+1","Offering+1","Headbutt","Ghostly Armor+1","Iron Wave+1","Immolate+1","Flame Barrier","Barricade+1","Flex","Entrench+1","Battle Trance","Entrench+1","Combust","Shrug It Off","Madness","Madness","Shrug It Off","Metallicize+1","Shockwave+1","Berserk+1"],"relics":["Burning Blood","Thread and Needle","Meat on the Bone","Coffee Dripper","Regal Pillow","Happy Flower","Question Card","Pandora\u0027s Box","Bottled Lightning","Bottled Tornado","Shuriken"],"acts_visited":["Exordium","TheCity","TheBeyond"],"potions_floor_usage":[24,33,50],"damage_taken":[{"damage":5,"enemies":"Small Slimes","floor":1,"turns":3},{"damage":0,"enemies":"2 Louse","floor":3,"turns":3},{"damage":8,"enemies":"Jaw Worm","floor":7,"turns":4},{"damage":45,"enemies":"Lagavulin","floor":8,"turns":10},{"damage":7,"enemies":"Lots of Slimes","floor":11,"turns":4},{"damage":4,"enemies":"2 Fungi Beasts","floor":13,"turns":3},{"damage":2,"enemies":"Looter","floor":14,"turns":3},{"damage":36,"enemies":"Hexaghost","floor":16,"turns":12},{"damage":15,"enemies":"3 Byrds","floor":18,"turns":4},{"damage":6,"enemies":"Chosen","floor":19,"turns":3},{"damage":0,"enemies":"Snecko","floor":20,"turns":5},{"damage":6,"enemies":"Centurion and Healer","floor":21,"turns":6},{"damage":27,"enemies":"Gremlin Leader","floor":24,"turns":6},{"damage":10,"enemies":"Book of Stabbing","floor":27,"turns":5},{"damage":21,"enemies":"Snake Plant","floor":28,"turns":3},{"damage":0,"enemies":"Snecko","floor":29,"turns":4},{"damage":0,"enemies":"Cultist and Chosen","floor":31,"turns":4},{"damage":82,"enemies":"Champ","floor":33,"turns":10},{"damage":3,"enemies":"Orb Walker","floor":35,"turns":3},{"damage":9,"enemies":"3 Shapes","floor":38,"turns":4},{"damage":6,"enemies":"Jaw Worm Horde","floor":41,"turns":4},{"damage":6,"enemies":"Spire Growth","floor":44,"turns":5},{"damage":6,"enemies":"Reptomancer","floor":45,"turns":5},{"damage":6,"enemies":"Transient","floor":48,"turns":5},{"damage":13,"enemies":"Awakened One","floor":50,"turns":16}],"seed_played":"-2675174674072459051","potions_obtained":[{"floor":7,"key":"Strength Potion"},{"floor":11,"key":"ElixirPotion"},{"floor":13,"key":"Explosive Potion"},{"floor":14,"key":"LiquidMemories"},{"floor":19,"key":"FairyPotion"},{"floor":29,"key":"Swift Potion"},{"floor":38,"key":"DuplicationPotion"},{"floor":44,"key":"Energy Potion"}],"is_trial":false,"path_per_floor":["M","$","M","?","?","R","M","E","T","R","M","?","M","M","R","B",null,"M","M","M","M","?","R","E","R","T","E","M","M","R","M","R","B",null,"M","?","$","M","T","R","M","R","T","M","E","?","R","M","R","B",null],"character_chosen":"IRONCLAD","items_purchased":["Shrug It Off"],"campfire_rested":0,"item_purchase_floors":[37],"current_hp_per_floor":[73,73,79,79,79,79,77,38,38,38,49,38,52,56,56,38,70,61,61,67,67,52,52,43,43,43,51,48,54,54,60,60,43,75,78,67,67,64,64,64,64,64,64,64,64,64,64,64,64,57],"gold":567,"neow_bonus":"REMOVE_CARD","is_daily":false,"chose_seed":false,"campfire_upgraded":11,"win_rate":0.0,"timestamp":1609785225,"path_taken":["M","$","M","?","?","R","M","E","T","R","M","?","?","M","R","BOSS","M","M","M","?","?","R","E","R","T","E","M","M","R","M","R","BOSS","M","?","$","M","?","R","M","R","T","M","E","?","R","M","R","BOSS"],"items_purchased_type":["Card"],"build_version":"2020-12-22","purchased_purges":2,"victory":true,"max_hp_per_floor":[80,80,80,80,80,80,80,80,80,80,80,80,80,80,80,80,80,80,80,80,80,85,85,85,85,85,85,85,85,85,85,85,85,85,85,85,85,85,85,85,85,85,85,85,85,85,85,85,85,85],"card_choices":[{"not_picked":["Havoc","Bloodletting"],"picked":"Thunderclap","floor":1},{"not_picked":["Heavy Blade","Warcry"],"picked":"Headbutt","floor":3},{"not_picked":["Sword Boomerang","Clothesline"],"picked":"Iron Wave","floor":7},{"not_picked":["Rupture","Body Slam"],"picked":"Pommel Strike","floor":8},{"not_picked":["Iron Wave","Havoc"],"picked":"Juggernaut","floor":11},{"not_picked":["Sever Soul","Thunderclap","Rupture"],"picked":"SKIP","floor":13},{"not_picked":["Anger","Inflame"],"picked":"Flame Barrier","floor":14},{"not_picked":["Bludgeon","Brutality"],"picked":"Offering","floor":16},{"not_picked":["Second Wind","Anger"],"picked":"Headbutt","floor":18},{"not_picked":["Disarm","Warcry+1"],"picked":"Ghostly Armor+1","floor":19},{"not_picked":["Perfected Strike","True Grit","Sword Boomerang"],"picked":"SKIP","floor":20},{"not_picked":["Body Slam","Dropkick"],"picked":"Iron Wave+1","floor":21},{"not_picked":["Blood for Blood","Cleave"],"picked":"Immolate","floor":24},{"not_picked":["Havoc","Clothesline"],"picked":"Flame Barrier","floor":27},{"not_picked":["Dropkick","Wild Strike","Thunderclap","Pummel"],"picked":"SKIP","floor":28},{"not_picked":["Clothesline+1","Evolve","Carnage","Fire Breathing"],"picked":"SKIP","floor":29},{"not_picked":["True Grit","Clothesline","Anger+1","Blood for Blood"],"picked":"SKIP","floor":31},{"not_picked":["Exhume","Fiend Fire","Berserk"],"picked":"Barricade","floor":33},{"not_picked":["Hemokinesis","Body Slam+1","Sword Boomerang+1"],"picked":"Shrug It Off","floor":35},{"not_picked":["Pummel","Flex","Cleave+1"],"picked":"Metallicize+1","floor":38},{"not_picked":["Perfected Strike+1","Fire Breathing","Clothesline","Anger"],"picked":"SKIP","floor":41},{"not_picked":["Thunderclap","Flex+1","Heavy Blade"],"picked":"Shockwave+1","floor":44},{"not_picked":["Power Through+1","Inflame","Clothesline+1"],"picked":"Berserk","floor":45},{"not_picked":["Pommel Strike","Flex+1","Second Wind","Rupture+1"],"picked":"SKIP","floor":48}],"player_experience":637462,"relics_obtained":[{"floor":8,"key":"Thread and Needle"},{"floor":9,"key":"Meat on the Bone"},{"floor":24,"key":"Regal Pillow"},{"floor":26,"key":"Happy Flower"},{"floor":27,"key":"Question Card"},{"floor":39,"key":"Bottled Lightning"},{"floor":43,"key":"Bottled Tornado"},{"floor":45,"key":"Shuriken"}],"event_choices":[{"damage_healed":0,"gold_gain":0,"cards_transformed":["Strike_R"],"player_choice":"Change","damage_taken":0,"max_hp_gain":0,"max_hp_loss":0,"event_name":"Living Wall","floor":4,"gold_loss":0,"cards_obtained":["Clothesline"]},{"cards_removed":["Strike_R"],"damage_healed":0,"gold_gain":0,"player_choice":"Card Removal","damage_taken":0,"max_hp_gain":0,"max_hp_loss":0,"event_name":"The Cleric","floor":5,"gold_loss":50},{"damage_healed":0,"gold_gain":75,"player_choice":"Gather Gold","damage_taken":11,"max_hp_gain":0,"max_hp_loss":0,"event_name":"World of Goop","floor":12,"gold_loss":0},{"damage_healed":0,"gold_gain":0,"player_choice":"Shed Blood","damage_taken":20,"max_hp_gain":5,"max_hp_loss":0,"event_name":"Forgotten Altar","floor":22,"gold_loss":0},{"damage_healed":0,"gold_gain":0,"player_choice":"Embrace Madness","damage_taken":11,"max_hp_gain":0,"max_hp_loss":0,"event_name":"Winding Halls","floor":36,"gold_loss":0,"cards_obtained":["Madness","Madness"]},{"damage_healed":0,"gold_gain":0,"player_choice":"Ignored","damage_taken":0,"max_hp_gain":0,"max_hp_loss":0,"event_name":"Mysterious Sphere","floor":46,"gold_loss":0}],"is_beta":false,"boss_relics":[{"not_picked":["Fusion Hammer","Busted Crown"],"picked":"Coffee Dripper"},{"not_picked":["Runic Cube","SacredBark"],"picked":"Pandora\u0027s Box"}],"items_purged_floors":[2,37],"is_endless":false,"potions_floor_spawned":[7,11,13,14,19,21,29,38,44,45,48],"ascension_level":10}}