{"host":"jt62yzdgnrkmwwqv","time":1609773468,"event":{"mods":["AchievementEnabler","Arknights The Spire","BaseMod","CapriCore","Colored Map","Colored Powertips","GungeonMod","Lobotomy","LobotomyExtend","Minty Spire (QoL Compilation)","StSLib","SuperFastMode","The Dragon Tamer"],"gold_per_floor":[114,124,11,24,38,38,67,80,80,91,102,119,151,168,168,271,271,291,307,307,318,281,281,281],"floor_reached":23,"playtime":705,"items_purged":["ats:Strike V"],"score":234,"play_id":"b6a57da2-34d9-4b8a-9b1c-40093897acef","local_time":"20210105001748","is_ascension_mode":false,"campfire_choices":[{"data":"ats:Neurotoxin","floor":6,"key":"SMITH"},{"data":"ats:Overload","floor":15,"key":"SMITH"}],"circlet_count":0,"master_deck":["ats:Strike C+1","ats:Strike G","ats:Strike S+1","ats:Armor Crushing Shot","ats:Defend","ats:Defend","ats:Defend","ats:Defend","ats:Emotion Absorption","ats:Neurotoxin+1","ats:Explosion Area Strengthen","ats:Neurotoxin","ats:Shell Defense","ats:Steam Pump","ats:Shell Defense","ats:Overload+1","ats:Poison Spread","ats:Hook Shot","ats:Charging Defense","ats:Dogmatic Field","ats:Powerful Strike+1","ats:Neurotoxin","ats:Dogmatic Field"],"relics":["ats:Sanity","Whetstone","LetterFromLob","RedMistMask","ats:Originium","ats:Ability Aura","Blood Vial","Fusion Hammer","DemoMod:RingOfEthereal","DollysMirror"],"acts_visited":["Exordium","TheCity"],"potions_floor_usage":[],"damage_taken":[{"damage":10,"enemies":"Small Slimes","floor":1,"turns":4},{"damage":3,"enemies":"Cultist","floor":2,"turns":4},{"damage":6,"enemies":"Jaw Worm","floor":4,"turns":2},{"damage":0,"enemies":"3 Louse","floor":5,"turns":2},{"damage":0,"enemies":"Gremlin Nob","floor":7,"turns":2},{"damage":0,"enemies":"Large Slime","floor":8,"turns":4},{"damage":1,"enemies":"Exordium Wildlife","floor":10,"turns":3},{"damage":6,"enemies":"Lots of Slimes","floor":11,"turns":3},{"damage":0,"enemies":"Exordium Thugs","floor":12,"turns":4},{"damage":4,"enemies":"Lagavulin","floor":13,"turns":3},{"damage":0,"enemies":"Looter","floor":14,"turns":2},{"damage":30,"enemies":"Hexaghost","floor":16,"turns":9},{"damage":7,"enemies":"Shell Parasite","floor":18,"turns":3},{"damage":54,"enemies":"3 Byrds","floor":19,"turns":5},{"damage":24,"enemies":"Centurion and Healer","floor":21,"turns":5},{"damage":0,"enemies":"Gremlin Leader","floor":23,"turns":1}],"seed_played":"-91155106387409858","potions_obtained":[{"floor":1,"key":"ColorlessPotion"},{"floor":8,"key":"Strength Potion"},{"floor":10,"key":"Fire Potion"},{"floor":14,"key":"Swift Potion"},{"floor":21,"key":"Ancient Potion"}],"is_trial":false,"path_per_floor":["M","M","$","M","M","R","E","M","T","M","M","M","E","M","R","B",null,"M","M","?","M","$","E"],"character_chosen":"DOCTOR_CLASS","items_purchased":["ats:Neurotoxin","ats:Neurotoxin","DollysMirror"],"campfire_rested":0,"item_purchase_floors":[3,22,22],"current_hp_per_floor":[62,59,59,53,53,53,53,55,55,56,53,55,51,53,53,37,72,65,50,50,51,51,53,53],"gold":281,"neow_bonus":"RANDOM_COMMON_RELIC","is_daily":false,"chose_seed":false,"campfire_upgraded":2,"win_rate":0.0,"timestamp":1609773468,"path_taken":["M","M","$","M","M","R","E","M","T","M","M","M","E","M","R","BOSS","M","M","?","M","$","E"],"items_purchased_type":["Card","Card","Relic"],"build_version":"2020-12-22","purchased_purges":1,"victory":false,"max_hp_per_floor":[72,72,72,72,72,72,72,72,72,72,72,72,72,72,72,72,72,72,72,72,72,72,72,72],"card_choices":[{"not_picked":["ats:Song Of Battle","ats:Shell Defense"],"picked":"ats:Neurotoxin","floor":1},{"not_picked":["ats:Blood Oath","ats:Collapsing Strike"],"picked":"ats:Explosion Area Strengthen","floor":2},{"not_picked":["ats:Flame Of Heaven","ats:Roar Of Ursus","ats:Red Shift"],"picked":"SKIP","floor":4},{"not_picked":["ats:Flexible Camouflage","ats:Revitalization"],"picked":"ats:Shell Defense","floor":5},{"not_picked":["ats:Curse Doll","ats:Flexible Camouflage"],"picked":"ats:Steam Pump","floor":7},{"not_picked":["ats:Cat Scratch","ats:Childhood Dance"],"picked":"ats:Shell Defense","floor":8},{"not_picked":["ats:Encircling Forest","ats:Apocalypse"],"picked":"ats:Overload","floor":10},{"not_picked":["ats:Flexible Camouflage","ats:Consecutive Shot Auto"],"picked":"ats:Poison Spread","floor":11},{"not_picked":["ats:Curse Doll","ats:Charging Defense"],"picked":"ats:Hook Shot","floor":12},{"not_picked":["ats:Charging Defense","ats:Roar Of Ursus","ats:Counter Healing Mode"],"picked":"SKIP","floor":13},{"not_picked":["ats:Roar Of Ursus","ats:Counter Healing Mode"],"picked":"ats:Charging Defense","floor":13},{"not_picked":["ats:Consecutive Shot Auto","ats:Very Hot Blade","ats:Revitalization"],"picked":"SKIP","floor":14},{"not_picked":["ats:Fractured Body","ats:Roar Of Ursus"],"picked":"ats:Dogmatic Field","floor":16},{"not_picked":["ats:Leaping Hammer+1","ats:Shell Defense","ats:Sword Rain+1"],"picked":"SKIP","floor":18},{"not_picked":["ats:Hammer On","ats:Sword Rain"],"picked":"ats:Powerful Strike+1","floor":19},{"not_picked":["ats:Soul Absorption","ats:Steam Pump","ats:Cat Scratch"],"picked":"SKIP","floor":21}],"player_experience":174128,"relics_obtained":[{"floor":1,"key":"LetterFromLob"},{"floor":2,"key":"RedMistMask"},{"floor":7,"key":"ats:Originium"},{"floor":7,"key":"ats:Ability Aura"},{"floor":13,"key":"ats:Originium"},{"floor":13,"key":"Blood Vial"}],"event_choices":[{"damage_healed":0,"gold_gain":0,"player_choice":"Gave Potion","damage_taken":0,"relics_obtained":["DemoMod:RingOfEthereal"],"max_hp_gain":0,"max_hp_loss":0,"event_name":"WeMeetAgain","floor":20,"gold_loss":0}],"is_beta":false,"boss_relics":[{"not_picked":["Philosopher\u0027s Stone","SlaversCollar"],"picked":"Fusion Hammer"}],"items_purged_floors":[3],"is_endless":false,"potions_floor_spawned":[1,8,10,12,14,16,19,21],"killed_by":"Gremlin Leader","ascension_level":0}}