{"host":"d7qmn60fs48wu5y6","time":1609792612,"event":{"mods":["BaseMod","Downfall","Marisa????????","Minty Spire (QoL Compilation)","Shade Mod","StSLib","The Bug Knight","The Cursed","The Necromancer","The Servant 0.9.4"],"gold_per_floor":[111,186,186,203,213,213,230,250,250,262,262,59,90,104,104,207,207,223,236,267,267,281,281,196,196,196,246,272,272,287,287,287,387,387,407,16,27,42,264,264,291,301,301,321,58,58,58,78,78,78,78,78,44,44,44],"floor_reached":54,"playtime":2293,"items_purged":["Strike_R","Strike_R","Regret"],"score":722,"play_id":"1b5fa688-1949-4b30-9913-3dd417436eff","local_time":"20210104123651","is_ascension_mode":true,"campfire_choices":[{"data":"Madness","floor":6,"key":"SMITH"},{"data":"Reckless Charge","floor":11,"key":"SMITH"},{"data":"True Grit","floor":15,"key":"SMITH"},{"data":"Dark Embrace","floor":23,"key":"SMITH"},{"data":"Battle Trance","floor":25,"key":"SMITH"},{"floor":29,"key":"RECALL"},{"floor":32,"key":"REST"},{"floor":40,"key":"REST"},{"data":"Feel No Pain","floor":47,"key":"SMITH"},{"data":"Fire Breathing","floor":49,"key":"SMITH"},{"data":"Power Through","floor":52,"key":"SMITH"}],"circlet_count":0,"master_deck":["Strike_R","Defend_R+1","Defend_R","Defend_R+1","Defend_R","Bash","Madness+1","Twin Strike","Flex","Cleave","Feel No Pain+1","Reckless Charge+1","Fire Breathing+1","True Grit+1","Pommel Strike+1","Power Through+1","Reaper+1","Battle Trance+1","Seeing Red","Headbutt+1","J.A.X.","Dark Embrace+1","Rampage+1","Fiend Fire+1","Second Wind+1","Uppercut+1","Metallicize+1","Rampage+1","Feel No Pain+1","Barricade+1","Metallicize"],"relics":["Burning Blood","Mercury Hourglass","Molten Egg 2","Empty Cage","Red Mask","Pantograph","Red Skull","War Paint","Cursed Key","Mummified Hand","Art of War","Nunchaku"],"acts_visited":["Exordium","TheCity","TheBeyond","TheEnding"],"potions_floor_usage":[16,18,20,20,30,33,33,35,50,54],"damage_taken":[{"damage":0,"enemies":"Small Slimes","floor":1,"turns":3},{"damage":5,"enemies":"2 Louse","floor":4,"turns":2},{"damage":3,"enemies":"Jaw Worm","floor":5,"turns":3},{"damage":9,"enemies":"2 Fungi Beasts","floor":7,"turns":3},{"damage":13,"enemies":"Red Slaver","floor":8,"turns":2},{"damage":19,"enemies":"Exordium Wildlife","floor":10,"turns":4},{"damage":16,"enemies":"Lagavulin","floor":13,"turns":6},{"damage":0,"enemies":"3 Louse","floor":14,"turns":1},{"damage":21,"enemies":"Hexaghost","floor":16,"turns":11},{"damage":12,"enemies":"2 Thieves","floor":18,"turns":3},{"damage":5,"enemies":"Chosen","floor":19,"turns":5},{"damage":24,"enemies":"Masked Bandits","floor":20,"turns":4},{"damage":24,"enemies":"Sentry and Sphere","floor":22,"turns":5},{"damage":22,"enemies":"HollowMod:Nosk","floor":28,"turns":10},{"damage":45,"enemies":"Shelled Parasite and Fungi","floor":30,"turns":5},{"damage":80,"enemies":"Collector","floor":33,"turns":9},{"damage":9,"enemies":"3 Shapes","floor":35,"turns":2},{"damage":32,"enemies":"3 Darklings","floor":37,"turns":5},{"damage":35,"enemies":"Spire Growth","floor":38,"turns":5},{"damage":39,"enemies":"Reptomancer","floor":41,"turns":6},{"damage":3,"enemies":"Transient","floor":42,"turns":5},{"damage":14,"enemies":"3 Darklings","floor":44,"turns":5},{"damage":24,"enemies":"4 Shapes","floor":48,"turns":7},{"damage":48,"enemies":"Awakened One","floor":50,"turns":11},{"damage":98,"enemies":"Shield and Spear","floor":54,"turns":3}],"seed_played":"-7079622763325923109","potions_obtained":[{"floor":1,"key":"Dexterity Potion"},{"floor":4,"key":"Guardian:BlockOnCardUsePotion"},{"floor":13,"key":"DuplicationPotion"},{"floor":16,"key":"champ:CounterPotion"},{"floor":19,"key":"Ancient Potion"},{"floor":20,"key":"Explosive Potion"},{"floor":28,"key":"sneckomod:MuddlingPotion"},{"floor":33,"key":"SkillPotion"},{"floor":41,"key":"PowerPotion"},{"floor":42,"key":"Explosive Potion"}],"is_trial":false,"path_per_floor":["M","?","?","M","M","R","M","M","T","M","R","$","E","M","R","B",null,"M","M","?","?","M","R","?","R","T","?","E","R","M","T","R","B",null,"M","$","M","M","?","R","E","M","T","M","$","?","R","M","R","B",null,"R","$","E"],"character_chosen":"IRONCLAD","items_purchased":["Fire Breathing","True Grit","Mummified Hand","Uppercut+1","Barricade","Metallicize"],"campfire_rested":2,"item_purchase_floors":[12,12,36,36,45,53],"current_hp_per_floor":[80,69,74,75,78,78,75,68,68,55,55,55,45,51,51,36,85,79,80,72,72,54,54,54,54,54,54,43,43,20,20,45,8,85,82,82,77,55,55,80,57,70,70,76,76,76,76,76,76,56,85,85,85,0,0],"gold":44,"neow_bonus":"RANDOM_COLORLESS","is_daily":false,"chose_seed":false,"campfire_upgraded":8,"win_rate":0.0,"timestamp":1609792611,"path_taken":["M","?","?","M","M","R","M","M","T","M","R","$","E","M","R","BOSS","M","M","?","?","M","R","?","R","T","?","E","R","?","?","R","BOSS","M","$","M","M","?","R","E","M","T","M","?","?","R","M","R","BOSS","R","$","E"],"items_purchased_type":["Card","Card","Relic","Card","Card","Card"],"build_version":"2020-12-22","purchased_purges":3,"victory":false,"max_hp_per_floor":[80,80,85,85,85,85,85,85,85,85,85,85,85,85,85,85,85,85,85,85,85,85,85,85,85,85,85,85,85,85,85,85,85,85,85,85,85,85,85,85,85,85,85,85,85,85,85,85,85,85,85,85,85,85,85],"card_choices":[{"not_picked":["expansioncontent:SuperHexaguard","expansioncontent:FaceSlap"],"picked":"Madness","floor":0},{"not_picked":["Wild Strike","True Grit"],"picked":"Twin Strike","floor":1},{"not_picked":["Twin Strike","Clothesline"],"picked":"Flex","floor":4},{"not_picked":["Wild Strike","Body Slam"],"picked":"Cleave","floor":5},{"not_picked":["Anger","Thunderclap","Body Slam"],"picked":"SKIP","floor":7},{"not_picked":["Wild Strike","Thunderclap"],"picked":"Feel No Pain","floor":8},{"not_picked":["Rupture","Cleave"],"picked":"Reckless Charge","floor":10},{"not_picked":["Searing Blow+1","Carnage+1"],"picked":"Pommel Strike+1","floor":13},{"not_picked":["Metallicize","Wild Strike+1"],"picked":"Power Through","floor":14},{"not_picked":["Feed+1","Bludgeon+1"],"picked":"Reaper+1","floor":16},{"not_picked":["Clash+1","Combust+1"],"picked":"Battle Trance","floor":18},{"not_picked":["Body Slam+1","Sword Boomerang+1"],"picked":"Seeing Red","floor":19},{"not_picked":["Cleave+1","Heavy Blade+1"],"picked":"Headbutt+1","floor":20},{"not_picked":["Entrench+1","Shrug It Off"],"picked":"Dark Embrace","floor":22},{"not_picked":["Iron Wave+1","Pommel Strike+1"],"picked":"Rampage+1","floor":28},{"not_picked":["Anger+1","Infernal Blade","Thunderclap+1"],"picked":"SKIP","floor":30},{"not_picked":["Immolate+1","Berserk"],"picked":"Fiend Fire+1","floor":33},{"not_picked":["Ghostly Armor","Rupture"],"picked":"Second Wind+1","floor":35},{"not_picked":["Havoc+1","Searing Blow+1"],"picked":"Metallicize+1","floor":37},{"not_picked":["Flex+1","Warcry"],"picked":"Rampage+1","floor":38},{"not_picked":["Dropkick+1","Headbutt+1","Body Slam+1"],"picked":"SKIP","floor":41},{"not_picked":["Cleave+1","Pommel Strike+1"],"picked":"Feel No Pain+1","floor":42},{"not_picked":["Perfected Strike+1","Whirlwind+1","Havoc+1"],"picked":"SKIP","floor":44},{"not_picked":["Havoc+1","Thunderclap+1","Anger+1"],"picked":"SKIP","floor":48}],"player_experience":907915,"relics_obtained":[{"floor":9,"key":"Mercury Hourglass"},{"floor":13,"key":"Molten Egg 2"},{"floor":20,"key":"Red Mask"},{"floor":28,"key":"Red Skull"},{"floor":31,"key":"War Paint"},{"floor":41,"key":"Art of War"},{"floor":43,"key":"Nunchaku"}],"event_choices":[{"damage_healed":0,"gold_gain":75,"player_choice":"Gather Gold","damage_taken":11,"max_hp_gain":0,"max_hp_loss":0,"event_name":"World of Goop","floor":2,"gold_loss":0},{"damage_healed":0,"gold_gain":0,"player_choice":"Donut","damage_taken":0,"max_hp_gain":5,"max_hp_loss":0,"event_name":"Big Fish","floor":3,"gold_loss":0},{"damage_healed":0,"gold_gain":0,"player_choice":"Fought Bandits","damage_taken":0,"max_hp_gain":0,"max_hp_loss":0,"event_name":"Masked Bandits","floor":20,"gold_loss":0},{"damage_healed":0,"gold_gain":0,"player_choice":"Obtain J.A.X.","damage_taken":0,"max_hp_gain":0,"max_hp_loss":0,"event_name":"Drug Dealer","floor":21,"gold_loss":0,"cards_obtained":["J.A.X."]},{"damage_healed":0,"gold_gain":0,"player_choice":"Obtained Relic","damage_taken":0,"relics_obtained":["Pantograph"],"max_hp_gain":0,"max_hp_loss":0,"event_name":"Addict","floor":24,"gold_loss":85},{"damage_healed":0,"gold_gain":100,"player_choice":"Bet on Murderer","damage_taken":0,"max_hp_gain":0,"max_hp_loss":0,"event_name":"The Joust","floor":27,"gold_loss":50},{"damage_healed":0,"gold_gain":222,"player_choice":"Wore Mask","damage_taken":0,"max_hp_gain":0,"max_hp_loss":0,"event_name":"Tomb of Lord Red Mask","floor":39,"gold_loss":0},{"damage_healed":0,"gold_gain":0,"player_choice":"Upgraded","damage_taken":0,"max_hp_gain":0,"max_hp_loss":0,"event_name":"Upgrade Shrine","floor":46,"gold_loss":0,"cards_upgraded":["Barricade"]}],"is_beta":false,"boss_relics":[{"not_picked":["Astrolabe","Ectoplasm"],"picked":"Empty Cage"},{"not_picked":["Runic Pyramid","Runic Dome"],"picked":"Cursed Key"}],"items_purged_floors":[12,36,45],"is_endless":false,"potions_floor_spawned":[1,4,13,14,16,19,20,28,33,41,42],"killed_by":"Shield and Spear","ascension_level":1}}