{"host":"6pgtslebjnyv5xmi","time":1609735286,"event":{"mods":["AchievementEnabler","BaseMod","Colored Map","Minty Spire (QoL Compilation)","Rare Cards Sparkle","StSLib","SuperFastMode","everything is the same but u backflip on backflip"],"gold_per_floor":[144,94,169,444,489,489,489,534,534,534,583,632,257,257,257],"floor_reached":14,"playtime":500,"items_purged":["Regret"],"score":80,"play_id":"ffbe0ea7-6310-47d2-bbbc-513ab7b50d8c","local_time":"20210104134126","daily_mods":["Chimera","Diverse","Midas"],"is_ascension_mode":false,"campfire_choices":[{"floor":6,"key":"REST"}],"circlet_count":0,"master_deck":["Bash","Survivor","Zap","Strike_R","Strike_G","Strike_B","Defend_R","Defend_G","Defend_P","Disarm","Acrobatics+1","Steam+1"],"relics":["Cracked Core","Toxic Egg 2","Golden Idol","Runic Capacitor","Art of War"],"acts_visited":["Exordium"],"potions_floor_usage":[],"damage_taken":[{"damage":0,"enemies":"Cultist","floor":1,"turns":3},{"damage":0,"enemies":"Small Slimes","floor":5,"turns":3},{"damage":4,"enemies":"2 Louse","floor":8,"turns":4},{"damage":17,"enemies":"2 Fungi Beasts","floor":11,"turns":4},{"damage":2,"enemies":"Blue Slaver","floor":12,"turns":5},{"damage":28,"enemies":"Gremlin Nob","floor":14,"turns":5}],"seed_played":"-6631355389535803282","potions_obtained":[{"floor":11,"key":"Energy Potion"},{"floor":12,"key":"BlessingOfTheForge"}],"is_trial":false,"path_per_floor":["M","?","?","?","M","R","?","M","T","?","M","M","$","E"],"character_chosen":"DEFECT","items_purchased":["Runic Capacitor","Art of War"],"campfire_rested":1,"item_purchase_floors":[13,13],"current_hp_per_floor":[75,75,64,64,64,75,80,76,76,56,39,37,37,9,9],"gold":257,"neow_bonus":"","is_daily":true,"chose_seed":false,"campfire_upgraded":0,"win_rate":0.0,"timestamp":1609735286,"path_taken":["M","?","?","?","?","R","?","M","T","?","M","M","$","E"],"items_purchased_type":["Relic","Relic"],"build_version":"2020-12-22","purchased_purges":1,"victory":false,"max_hp_per_floor":[75,75,75,75,75,75,80,80,80,80,80,80,80,80,80],"card_choices":[{"not_picked":["Halt","EmptyFist","Feel No Pain"],"picked":"SKIP","floor":1},{"not_picked":["Cloak And Dagger","Flying Knee"],"picked":"Disarm","floor":5},{"not_picked":["Rupture","PathToVictory","CutThroughFate"],"picked":"SKIP","floor":8},{"not_picked":["Dagger Throw","Iron Wave"],"picked":"Acrobatics+1","floor":11},{"not_picked":["Consecrate","Evaluate+1"],"picked":"Steam+1","floor":12}],"player_experience":685299,"relics_obtained":[{"floor":9,"key":"Toxic Egg 2"}],"event_choices":[{"cards_removed":["Eruption"],"damage_healed":0,"gold_gain":0,"player_choice":"Card Removal","damage_taken":0,"max_hp_gain":0,"max_hp_loss":0,"event_name":"The Cleric","floor":2,"gold_loss":50},{"damage_healed":0,"gold_gain":75,"player_choice":"Gather Gold","damage_taken":11,"max_hp_gain":0,"max_hp_loss":0,"event_name":"World of Goop","floor":3,"gold_loss":0},{"damage_healed":0,"gold_gain":275,"player_choice":"Desecrate","damage_taken":0,"max_hp_gain":0,"max_hp_loss":0,"event_name":"Golden Shrine","floor":4,"gold_loss":0,"cards_obtained":["Regret"]},{"damage_healed":0,"gold_gain":0,"player_choice":"Donut","damage_taken":0,"max_hp_gain":5,"max_hp_loss":0,"event_name":"Big Fish","floor":7,"gold_loss":0},{"damage_healed":0,"gold_gain":0,"player_choice":"Take Damage","damage_taken":20,"relics_obtained":["Golden Idol"],"max_hp_gain":0,"max_hp_loss":0,"event_name":"Golden Idol","floor":10,"gold_loss":0}],"is_beta":false,"boss_relics":[],"items_purged_floors":[13],"is_endless":false,"potions_floor_spawned":[11,12],"killed_by":"Gremlin Nob","ascension_level":0}}