{"host":"i09pxcjttd31eh4q","time":1609757960,"event":{"mods":["AchievementEnabler","BaseMod","Colored Map","Keyboard Shortcuts","Minty Spire (QoL Compilation)","StSLib","SuperFastMode"],"gold_per_floor":[112,37,54,54,54,54,84,84,84,84,102,102,114,59,59,130,130,148,163,173,11,30,59,77,77,103,118,118,118,150,160,160,231,231,248,263,263,276,288,323,323,323,349,375,387,65,65,84,84,84,84],"floor_reached":50,"playtime":1001,"items_purged":["Strike_G","Strike_G"],"score":1263,"play_id":"efaea3f1-5f45-416e-8021-f9039d3d1a25","local_time":"20210104195920","is_ascension_mode":true,"campfire_choices":[{"data":"Blade Dance","floor":6.0,"key":"SMITH"},{"floor":10.0,"key":"REST"},{"data":"Finisher","floor":12.0,"key":"SMITH"},{"data":"Blade Dance","floor":15.0,"key":"SMITH"},{"floor":25.0,"key":"REST"},{"data":"Terror","floor":28.0,"key":"SMITH"},{"data":"Well Laid Plans","floor":32.0,"key":"SMITH"},{"data":"Adrenaline","floor":41.0,"key":"SMITH"},{"floor":47.0,"key":"RECALL"},{"floor":49,"key":"REST"}],"circlet_count":0,"master_deck":["AscendersBane","Strike_G","Defend_G+1","Defend_G","Defend_G","Defend_G","Defend_G","Survivor","Neutralize","Infinite Blades+1","Blade Dance+1","Dagger Spray","Finisher+1","Backstab","Blade Dance+1","Corpse Explosion","Sucker Punch+1","Terror+1","Well Laid Plans+1","Endless Agony","Adrenaline+1","Blade Dance","Backflip","After Image","Blade Dance","Concentrate+1","Cloak And Dagger","Backflip+1","Panache","Footwork"],"relics":["Ring of the Snake","NeowsBlessing","Eternal Feather","Mercury Hourglass","WristBlade","Vajra","Boot","Blood Vial","Sozu","Letter Opener","Nunchaku","Darkstone Periapt"],"acts_visited":["Exordium","TheCity","TheBeyond"],"potions_floor_usage":[50],"damage_taken":[{"damage":0.0,"enemies":"Small Slimes","floor":1.0,"turns":1.0},{"damage":0.0,"enemies":"2 Louse","floor":3.0,"turns":1.0},{"damage":0.0,"enemies":"Gremlin Nob","floor":7.0,"turns":1.0},{"damage":0.0,"enemies":"Jaw Worm","floor":11.0,"turns":3.0},{"damage":9.0,"enemies":"3 Louse","floor":13.0,"turns":2.0},{"damage":23.0,"enemies":"Hexaghost","floor":16.0,"turns":6.0},{"damage":0.0,"enemies":"Spheric Guardian","floor":18.0,"turns":3.0},{"damage":0.0,"enemies":"3 Byrds","floor":19.0,"turns":4.0},{"damage":11.0,"enemies":"Snecko","floor":20.0,"turns":4.0},{"damage":12.0,"enemies":"Snake Plant","floor":22.0,"turns":3.0},{"damage":18.0,"enemies":"Gremlin Leader","floor":23.0,"turns":3.0},{"damage":1.0,"enemies":"Centurion and Healer","floor":24.0,"turns":2.0},{"damage":0.0,"enemies":"Cultist and Chosen","floor":27.0,"turns":2.0},{"damage":0.0,"enemies":"Slavers","floor":30.0,"turns":1.0},{"damage":0.0,"enemies":"Chosen and Byrds","floor":31.0,"turns":2.0},{"damage":46.0,"enemies":"Automaton","floor":33.0,"turns":6.0},{"damage":13.0,"enemies":"3 Shapes","floor":35.0,"turns":3.0},{"damage":0.0,"enemies":"3 Darklings","floor":36.0,"turns":1.0},{"damage":26.0,"enemies":"Spire Growth","floor":38.0,"turns":4.0},{"damage":8.0,"enemies":"Maw","floor":39.0,"turns":5.0},{"damage":0.0,"enemies":"Giant Head","floor":40.0,"turns":4.0},{"damage":12.0,"enemies":"Nemesis","floor":44.0,"turns":5.0},{"damage":7.0,"enemies":"Transient","floor":45.0,"turns":6.0},{"damage":33,"enemies":"Writhing Mass","floor":48,"turns":4},{"damage":63,"enemies":"Time Eater","floor":50,"turns":6}],"seed_played":"-8299832350289552471","potions_obtained":[{"floor":3.0,"key":"Strength Potion"},{"floor":7.0,"key":"SkillPotion"},{"floor":13.0,"key":"ColorlessPotion"},{"floor":19.0,"key":"BlessingOfTheForge"},{"floor":20.0,"key":"Explosive Potion"},{"floor":24.0,"key":"Dexterity Potion"},{"floor":33.0,"key":"GhostInAJar"}],"is_trial":false,"path_per_floor":["M","?","M","?","$","R","E","?","T","R","M","R","M","$","R","B",null,"M","M","M","$","M","E","M","R","T","M","R","?","E","M","R","B",null,"M","M","?","M","M","E","R","?","T","E","M","$","R","M","R","B"],"character_chosen":"THE_SILENT","items_purchased":["Blade Dance","Well Laid Plans","Panache","Footwork"],"campfire_rested":3,"item_purchase_floors":[14,21,46,46],"current_hp_per_floor":[59,59,59,39,39,39,39,4,4,32,32,41,32,32,41,18,54,54,54,43,43,31,13,12,43,43,43,55,55,55,57,66,20,55,44,46,46,22,16,18,33,33,33,23,18,18,36,5,42,0,0],"gold":84,"neow_bonus":"THREE_ENEMY_KILL","is_daily":false,"chose_seed":false,"campfire_upgraded":6,"win_rate":0.0,"timestamp":1609757960,"path_taken":["M","?","M","?","?","R","E","?","T","R","M","R","M","?","R","BOSS","M","M","M","?","?","E","M","R","T","M","R","?","E","M","R","BOSS","M","M","?","M","M","E","R","?","T","E","M","$","R","M","R","BOSS"],"items_purchased_type":["Card","Card","Card","Card"],"build_version":"2020-12-22","purchased_purges":2,"victory":false,"max_hp_per_floor":[66,66,66,66,66,66,66,66,66,66,66,66,66,66,66,66,66,66,66,66,66,66,66,66,66,66,66,66,66,66,66,66,66,66,66,66,66,66,66,66,66,66,66,66,66,66,66,66,66,66,66],"card_choices":[{"not_picked":["Outmaneuver","Dodge and Roll"],"picked":"Infinite Blades","floor":1.0},{"not_picked":["Bane","Endless Agony"],"picked":"Blade Dance","floor":3.0},{"not_picked":["Heel Hook","Dodge and Roll"],"picked":"Dagger Spray","floor":7.0},{"not_picked":["Tactician","Bane"],"picked":"Finisher","floor":11.0},{"not_picked":["Caltrops","Dagger Spray"],"picked":"Backstab","floor":13.0},{"not_picked":["Night Terror","Storm of Steel"],"picked":"Corpse Explosion","floor":16.0},{"not_picked":["Flying Knee","Setup","Skewer"],"picked":"SKIP","floor":18.0},{"not_picked":["Underhanded Strike","Finisher"],"picked":"Sucker Punch+1","floor":19.0},{"not_picked":["Poisoned Stab","Sucker Punch"],"picked":"Terror","floor":20.0},{"not_picked":["Finisher","Backstab"],"picked":"Endless Agony","floor":22.0},{"not_picked":["Quick Slash","Catalyst"],"picked":"Adrenaline","floor":23.0},{"not_picked":["Crippling Poison","Dash","Dodge and Roll"],"picked":"SKIP","floor":24.0},{"not_picked":["Deflect","Calculated Gamble"],"picked":"Blade Dance","floor":27.0},{"not_picked":["Die Die Die","Setup"],"picked":"Backflip","floor":30.0},{"not_picked":["Riddle With Holes","Eviscerate","Masterful Stab"],"picked":"SKIP","floor":31.0},{"not_picked":["Glass Knife","Doppelganger"],"picked":"After Image","floor":33.0},{"not_picked":["Blade Dance","Poisoned Stab","Prepared"],"picked":"SKIP","floor":35.0},{"not_picked":["Poisoned Stab","Infinite Blades","Dagger Spray"],"picked":"SKIP","floor":36.0},{"not_picked":["Prepared","Outmaneuver"],"picked":"Blade Dance","floor":38.0},{"not_picked":["Well Laid Plans","Dash"],"picked":"Concentrate+1","floor":39.0},{"not_picked":["Bane+1","Quick Slash","Heel Hook"],"picked":"SKIP","floor":40.0},{"not_picked":["Backflip","Riddle With Holes+1"],"picked":"Cloak And Dagger","floor":44.0},{"not_picked":["Dagger Throw+1","PiercingWail"],"picked":"Backflip+1","floor":45.0},{"not_picked":["Dodge and Roll","Tools of the Trade","Dagger Spray"],"picked":"SKIP","floor":48}],"player_experience":827659,"relics_obtained":[{"floor":7.0,"key":"Eternal Feather"},{"floor":23.0,"key":"Vajra"},{"floor":26.0,"key":"Boot"},{"floor":30.0,"key":"Blood Vial"},{"floor":40.0,"key":"Letter Opener"},{"floor":43.0,"key":"Nunchaku"},{"floor":44.0,"key":"Darkstone Periapt"}],"event_choices":[{"cards_removed":["Strike_G"],"damage_healed":0.0,"max_hp_gain":0.0,"max_hp_loss":0.0,"gold_gain":0.0,"event_name":"The Cleric","player_choice":"Card Removal","floor":2.0,"gold_loss":75.0,"damage_taken":0.0},{"damage_healed":0.0,"max_hp_gain":0.0,"max_hp_loss":0.0,"gold_gain":0.0,"event_name":"Shining Light","player_choice":"Entered Light","floor":4.0,"gold_loss":0.0,"damage_taken":20.0,"cards_upgraded":["Defend_G","Infinite Blades"]},{"damage_healed":0.0,"max_hp_gain":0.0,"max_hp_loss":0.0,"gold_gain":0.0,"event_name":"Scrap Ooze","player_choice":"Success","floor":8.0,"gold_loss":0.0,"damage_taken":35.0,"relics_obtained":["Mercury Hourglass"]},{"damage_healed":0.0,"max_hp_gain":0.0,"max_hp_loss":0.0,"gold_gain":0.0,"event_name":"Ghosts","player_choice":"Ignored","floor":29.0,"gold_loss":0.0,"damage_taken":0.0},{"cards_removed":["Strike_G"],"damage_healed":0.0,"max_hp_gain":0.0,"max_hp_loss":0.0,"gold_gain":0.0,"event_name":"Falling","player_choice":"Removed Attack","floor":37.0,"gold_loss":0.0,"damage_taken":0.0},{"damage_healed":0.0,"max_hp_gain":0.0,"max_hp_loss":0.0,"gold_gain":0.0,"event_name":"The Moai Head","player_choice":"Ignored","floor":42.0,"gold_loss":0.0,"damage_taken":0.0}],"is_beta":false,"boss_relics":[{"not_picked":["Pandora\u0027s Box","Empty Cage"],"picked":"WristBlade"},{"not_picked":["Cursed Key","Runic Dome"],"picked":"Sozu"}],"items_purged_floors":[21,46],"is_endless":false,"potions_floor_spawned":[3,7,13,19,20,24,27,33,36,38,45],"killed_by":"Time Eater","ascension_level":20}}