{"host":"Ceyx","time":1609769706,"event":{"mods":["BaseMod","Beaked The Cultist","BetterRewards","Conspire","Downfall","Hubris","Minty Spire (QoL Compilation)","StSLib","The Jungle"],"gold_per_floor":[110,121,121,140,151,151,184,184,184,184,184,184,26,60,60,162,162,182,182,182,201,214,214,214,214],"floor_reached":24,"playtime":1457,"items_purged":["Strike_G"],"score":297,"play_id":"e1f93efc-7dc5-4e0d-9298-c8edfa047a2e","local_time":"20210104211506","is_ascension_mode":true,"campfire_choices":[{"data":"Neutralize","floor":6,"key":"SMITH"},{"data":"Well Laid Plans","floor":8,"key":"SMITH"},{"data":"Cloak And Dagger","floor":10,"key":"SMITH"},{"floor":15,"key":"REST"},{"data":"Adrenaline","floor":23,"key":"SMITH"}],"circlet_count":0,"master_deck":["Strike_G","Strike_G","Strike_G","Strike_G","Defend_G","Defend_G","Defend_G","Defend_G","Defend_G","Survivor","Neutralize+1","Riddle With Holes","Underhanded Strike","Cloak And Dagger+1","Well Laid Plans+1","Dagger Spray","Poisoned Stab","Noxious Fumes+1","Blade Dance","Adrenaline+1","Backflip+1","Backflip","hubris:Sniper"],"relics":["Ring of the Snake","The Specimen","Mango","hubris:Towel","Paper Crane","beaked:MawFillet"],"acts_visited":["Exordium","Exordium"],"potions_floor_usage":[7,16,18,24],"damage_taken":[{"damage":0,"enemies":"Cultist","floor":1,"turns":4},{"damage":13,"enemies":"Small Slimes","floor":2,"turns":5},{"damage":15,"enemies":"Jaw Worm","floor":4,"turns":4},{"damage":10,"enemies":"Large Slime","floor":5,"turns":7},{"damage":6,"enemies":"Lagavulin","floor":7,"turns":12},{"damage":27,"enemies":"conspire:MimicChest","floor":14,"turns":9},{"damage":14,"enemies":"Hexaghost","floor":16,"turns":9},{"damage":15,"enemies":"theJungle:5_Spyders","floor":18,"turns":5},{"damage":5,"enemies":"theJungle:GiantWrat","floor":21,"turns":6},{"damage":14,"enemies":"theJungle:SlimyTreeVines","floor":22,"turns":6},{"damage":61,"enemies":"theJungle:MamaSnecko","floor":24,"turns":5}],"seed_played":"-227720080714165520","potions_obtained":[{"floor":1,"key":"ColorlessPotion"},{"floor":7,"key":"LiquidBronze"},{"floor":14,"key":"champ:CounterPotion"},{"floor":18,"key":"hexamod:EctoCoolerPotion"},{"floor":21,"key":"EssenceOfSteel"}],"is_trial":false,"path_per_floor":["M","M","T","M","M","R","E","R","T","R","?","?","$","?","R","B",null,"M","?","$","M","M","R","E"],"character_chosen":"THE_SILENT","items_purchased":["Poisoned Stab","Noxious Fumes"],"campfire_rested":1,"item_purchase_floors":[13,13],"current_hp_per_floor":[70,57,57,42,32,32,26,26,40,40,40,40,40,13,40,26,75,60,60,60,55,47,47,0,0],"gold":214,"neow_bonus":"TEN_PERCENT_HP_BONUS","is_daily":false,"chose_seed":false,"campfire_upgraded":4,"win_rate":0.0,"timestamp":1609769706,"path_taken":["M","M","?","M","?","R","E","R","T","R","?","?","$","?","R","BOSS","M","?","?","M","M","R","E"],"items_purchased_type":["Card","Card"],"build_version":"2020-12-18","purchased_purges":1,"victory":false,"max_hp_per_floor":[77,77,77,77,77,77,77,77,91,91,91,91,91,91,91,91,91,91,91,91,91,91,91,91,91],"card_choices":[{"not_picked":["Prepared","Deflect"],"picked":"Riddle With Holes","floor":1},{"not_picked":["Bouncing Flask","Outmaneuver"],"picked":"Underhanded Strike","floor":2},{"not_picked":["Terror","Sucker Punch"],"picked":"Cloak And Dagger","floor":4},{"not_picked":["Skewer","Bane"],"picked":"Well Laid Plans","floor":5},{"not_picked":["Outmaneuver","Blur"],"picked":"Dagger Spray","floor":7},{"not_picked":["Dash","Slice"],"picked":"Blade Dance","floor":14},{"not_picked":["Night Terror","Venomology"],"picked":"Adrenaline","floor":16},{"not_picked":["Choke","Setup"],"picked":"Backflip+1","floor":18},{"not_picked":["Slice","Footwork"],"picked":"Backflip","floor":21},{"not_picked":["Underhanded Strike","Choke"],"picked":"hubris:Sniper","floor":22}],"player_experience":508611,"relics_obtained":[{"floor":7,"key":"The Specimen"},{"floor":9,"key":"Mango"},{"floor":14,"key":"Paper Crane"}],"event_choices":[{"damage_healed":0,"gold_gain":0,"player_choice":"Disagree","damage_taken":0,"max_hp_gain":0,"max_hp_loss":0,"event_name":"conspire:LoneGhost","floor":11,"gold_loss":0},{"damage_healed":0,"gold_gain":0,"player_choice":"Upgraded","damage_taken":0,"max_hp_gain":0,"max_hp_loss":0,"event_name":"Upgrade Shrine","floor":19,"gold_loss":0,"cards_upgraded":["Noxious Fumes"]}],"is_beta":true,"boss_relics":[{"not_picked":["Runic Dome","Philosopher\u0027s Stone"],"picked":"beaked:MawFillet"}],"items_purged_floors":[13],"is_endless":false,"potions_floor_spawned":[1,7,14,18,21],"killed_by":"theJungle:MamaSnecko","ascension_level":8}}