{"host":"p4yrwepmrl4g8pul","time":1609763756,"event":{"mods":["Act Like it!","BaseMod","BetterRewards","Colored Map","Custom Start","Gensokyo","Marisa£®ÏF”Í°°ƒß¿Ì…≥£©","Minty Spire (QoL Compilation)","Quick Restart","Rare Cards Sparkle","Reimu£®≤©¿ˆ¡È√Œ£©","Remilia£®¿Ÿ√◊¿Ú—«£©","Shop Mod","StSLib","The Jungle"],"gold_per_floor":[112,112,132,82,82,82,82,110,110,110,125,125,50,77,77,176,176,192,192,192,192],"floor_reached":20,"playtime":663,"items_purged":["Malaise"],"score":223,"play_id":"1de64e92-dba4-4c65-ae6e-2c91acb4e1a0","local_time":"20210104203556","daily_mods":["Specialized","Flight","DeadlyEvents"],"is_ascension_mode":true,"campfire_choices":[{"data":"Malaise","floor":6,"key":"SMITH"},{"data":"Prepared","floor":7,"key":"SMITH"},{"data":"Reflex","floor":10,"key":"SMITH"},{"data":"Dagger Spray","floor":12,"key":"SMITH"},{"data":"Dagger Throw","floor":15,"key":"SMITH"}],"circlet_count":0,"master_deck":["Strike_G","Strike_G","Strike_G","Strike_G","Strike_G","Defend_G","Defend_G","Defend_G","Defend_G","Defend_G","Survivor","Neutralize+1","Malaise+1","Malaise","Malaise","Prepared+1","Cloak And Dagger+1","Reflex+1","Dagger Spray+1","Dagger Throw+1","Corpse Explosion","Backflip"],"relics":["Ring of the Serpent","Sundial","Bronze Scales","Centennial Puzzle"],"acts_visited":["Exordium","Exordium"],"potions_floor_usage":[8,16],"damage_taken":[{"damage":5,"enemies":"Small Slimes","floor":1,"turns":4},{"damage":11,"enemies":"Jaw Worm","floor":3,"turns":8},{"damage":23,"enemies":"Gremlin Nob","floor":8,"turns":5},{"damage":0,"enemies":"Cultist","floor":11,"turns":4},{"damage":2,"enemies":"Lagavulin","floor":14,"turns":9},{"damage":28,"enemies":"The Guardian","floor":16,"turns":16},{"damage":26,"enemies":"theJungle:MUSHROOMGANG","floor":18,"turns":3},{"damage":0,"enemies":"theJungle:2_Phrogs","floor":20,"turns":2}],"seed_played":"-1512670978405232134","potions_obtained":[{"floor":3,"key":"FearPotion"},{"floor":14,"key":"ZuzhouPotion:ReiMu"},{"floor":16,"key":"ZuzhouPotion:ReiMu"}],"is_trial":true,"path_per_floor":["M","?","M","?","?","R","R","E","T","R","M","R","$","E","R","B",null,"M","?","E"],"character_chosen":"THE_SILENT","items_purchased":[],"campfire_rested":0,"item_purchase_floors":[],"current_hp_per_floor":[65,65,54,54,54,54,54,31,31,31,31,31,31,29,29,1,53,27,27,27,27],"gold":192,"neow_bonus":"","is_daily":false,"chose_seed":false,"campfire_upgraded":5,"win_rate":0.0,"timestamp":1609763756,"path_taken":["M","?","?","?","?","R","R","?","T","R","?","R","?","?","R","BOSS","M","?","?"],"items_purchased_type":[],"build_version":"2020-12-22","purchased_purges":1,"victory":false,"max_hp_per_floor":[70,70,70,70,70,70,70,70,70,70,70,70,70,70,70,70,70,70,70,70,70],"card_choices":[{"not_picked":["PiercingWail","Predator"],"picked":"Prepared","floor":1},{"not_picked":["Sucker Punch","Acrobatics"],"picked":"Cloak And Dagger","floor":3},{"not_picked":["Crippling Poison","Accuracy","Reflex"],"picked":"SKIP","floor":8},{"not_picked":["Crippling Poison","Accuracy"],"picked":"Reflex","floor":8},{"not_picked":["Underhanded Strike","Infinite Blades"],"picked":"Dagger Spray","floor":11},{"not_picked":["Noxious Fumes","Quick Slash"],"picked":"Dagger Throw","floor":14},{"not_picked":["Glass Knife","Phantasmal Killer"],"picked":"Corpse Explosion","floor":16},{"not_picked":["Prepared","Dagger Throw"],"picked":"Backflip","floor":18}],"player_experience":776033,"relics_obtained":[{"floor":8,"key":"Sundial"},{"floor":9,"key":"Bronze Scales"},{"floor":14,"key":"Centennial Puzzle"}],"event_choices":[{"damage_healed":0,"gold_gain":0,"player_choice":"Upgraded","damage_taken":0,"max_hp_gain":0,"max_hp_loss":0,"event_name":"Upgrade Shrine","floor":2,"gold_loss":0,"cards_upgraded":["Neutralize"]},{"cards_removed":["Malaise"],"damage_healed":0,"gold_gain":0,"player_choice":"Card Removal","damage_taken":0,"max_hp_gain":0,"max_hp_loss":0,"event_name":"The Cleric","floor":4,"gold_loss":50},{"damage_healed":0,"gold_gain":0,"player_choice":"Grow","damage_taken":0,"max_hp_gain":0,"max_hp_loss":0,"event_name":"Living Wall","floor":5,"gold_loss":0,"cards_upgraded":["Cloak And Dagger"]},{"damage_healed":0,"gold_gain":0,"player_choice":"Bought 0 Potions","damage_taken":0,"max_hp_gain":0,"max_hp_loss":0,"event_name":"The Woman in Blue","floor":19,"gold_loss":0}],"is_beta":false,"boss_relics":[{"not_picked":["Fusion Hammer","Ectoplasm"],"picked":"Ring of the Serpent"}],"items_purged_floors":[13],"is_endless":false,"potions_floor_spawned":[3,14,16],"killed_by":"theJungle:2_Phrogs","ascension_level":5}}