{"host":"x1qj4d8ympd5jdqh","time":1609747888,"event":{"mods":["AchievementEnabler","AlwaysNeverKeys","BaseMod","Colored Map","Custom Start","DeckTracker","Highlight Path","Minty Spire (QoL Compilation)","StSLib","SuperFastMode"],"gold_per_floor":[116,41,41,41,41,72,72,113,137,137,152,98,98,112,112,207,207,166,185,31,56,69,69,69,69],"floor_reached":24,"playtime":491,"items_purged":["Strike_R","Strike_R"],"score":508,"play_id":"33d2f134-4d02-4266-b2f3-0867c32a5b30","local_time":"20210104171128","is_ascension_mode":true,"campfire_choices":[{"data":"Cleave","floor":7,"key":"SMITH"},{"data":"Shrug It Off","floor":13,"key":"SMITH"},{"floor":15,"key":"RECALL"},{"floor":23,"key":"REST"}],"circlet_count":0,"master_deck":["AscendersBane","Strike_R","Strike_R","Defend_R","Defend_R+1","Defend_R+1","Defend_R","Bash+1","Cleave+1","Shrug It Off+1","Sword Boomerang","Whirlwind+1"],"relics":["Burning Blood","NeowsBlessing","Sundial","Golden Idol","HornCleat","Shuriken","Nunchaku","Empty Cage"],"acts_visited":["Exordium","TheCity"],"potions_floor_usage":[16,16,18,21,24,24],"damage_taken":[{"damage":0,"enemies":"Cultist","floor":1,"turns":1},{"damage":0,"enemies":"3 Sentries","floor":6,"turns":2},{"damage":0,"enemies":"Gremlin Nob","floor":8,"turns":1},{"damage":0,"enemies":"Small Slimes","floor":11,"turns":3},{"damage":0,"enemies":"2 Louse","floor":14,"turns":2},{"damage":35,"enemies":"The Guardian","floor":16,"turns":13},{"damage":14,"enemies":"2 Thieves","floor":18,"turns":5},{"damage":31,"enemies":"Shell Parasite","floor":19,"turns":4},{"damage":10,"enemies":"Snecko","floor":21,"turns":5},{"damage":16,"enemies":"Snake Plant","floor":22,"turns":7},{"damage":21,"enemies":"Slavers","floor":24,"turns":2}],"seed_played":"2680144664670837767","potions_obtained":[{"floor":6,"key":"LiquidBronze"},{"floor":11,"key":"FearPotion"},{"floor":16,"key":"Energy Potion"},{"floor":18,"key":"CultistPotion"},{"floor":21,"key":"DuplicationPotion"}],"is_trial":false,"path_per_floor":["M","$","?","?","?","E","R","E","T","?","M","$","R","M","R","B",null,"M","M","$","M","M","R","E"],"character_chosen":"IRONCLAD","items_purchased":["Shrug It Off","Swift Potion"],"campfire_rested":1,"item_purchase_floors":[12,20],"current_hp_per_floor":[74,74,69,46,46,52,52,58,58,58,64,64,64,68,68,39,61,53,28,28,24,14,34,13,13],"gold":69,"neow_bonus":"THREE_ENEMY_KILL","is_daily":false,"chose_seed":false,"campfire_upgraded":2,"win_rate":0.0,"timestamp":1609747888,"path_taken":["M","?","?","?","?","E","R","E","T","?","M","$","R","M","R","BOSS","M","M","$","M","M","R","E"],"items_purchased_type":["Card","Potion"],"build_version":"2020-12-22","purchased_purges":2,"victory":false,"max_hp_per_floor":[75,75,75,75,68,68,68,68,68,68,68,68,68,68,68,68,68,68,68,68,68,68,68,68,68],"card_choices":[{"not_picked":["Armaments","Burning Pact"],"picked":"Iron Wave","floor":1},{"not_picked":["Bloodletting","Spot Weakness"],"picked":"Cleave","floor":6},{"not_picked":["Evolve","Rage","True Grit"],"picked":"SKIP","floor":8},{"not_picked":["Havoc","Clothesline","Iron Wave"],"picked":"SKIP","floor":11},{"not_picked":["Havoc","Clothesline","Iron Wave"],"picked":"SKIP","floor":11},{"not_picked":["Thunderclap","Feed","Perfected Strike"],"picked":"SKIP","floor":14},{"not_picked":["Warcry","Rage"],"picked":"Sword Boomerang","floor":18},{"not_picked":["Headbutt","Thunderclap","Combust"],"picked":"SKIP","floor":19},{"not_picked":["Clothesline+1","Carnage"],"picked":"Whirlwind+1","floor":21},{"not_picked":["Iron Wave","Clothesline","Twin Strike"],"picked":"SKIP","floor":22}],"player_experience":1317052,"relics_obtained":[{"floor":6,"key":"HornCleat"},{"floor":8,"key":"Shuriken"},{"floor":9,"key":"Nunchaku"}],"event_choices":[{"damage_healed":0,"gold_gain":0,"player_choice":"Success","damage_taken":5,"relics_obtained":["Sundial"],"max_hp_gain":0,"max_hp_loss":0,"event_name":"Scrap Ooze","floor":3,"gold_loss":0},{"damage_healed":0,"gold_gain":0,"player_choice":"Entered Light","damage_taken":23,"max_hp_gain":0,"max_hp_loss":0,"event_name":"Shining Light","floor":4,"gold_loss":0,"cards_upgraded":["Defend_R","Defend_R"]},{"damage_healed":0,"gold_gain":0,"player_choice":"Lose Max HP","damage_taken":0,"relics_obtained":["Golden Idol"],"max_hp_gain":0,"max_hp_loss":7,"event_name":"Golden Idol","floor":5,"gold_loss":0},{"damage_healed":0,"gold_gain":0,"player_choice":"Upgraded","damage_taken":0,"max_hp_gain":0,"max_hp_loss":0,"event_name":"Upgrade Shrine","floor":10,"gold_loss":0,"cards_upgraded":["Bash"]}],"is_beta":false,"boss_relics":[{"not_picked":["Mark of Pain","Calling Bell"],"picked":"Empty Cage"}],"items_purged_floors":[2,20],"is_endless":false,"potions_floor_spawned":[6,11,14,16,18,21],"killed_by":"Slavers","ascension_level":20}}