{"host":"zpo0s982nnba8fjk","time":1609775931,"event":{"mods":["Act Like it!","BaseMod","Downfall","GifTheSpireLib","Hubris","Infinite Spire","Minty Spire (QoL Compilation)","Replay The Spire","StSLib"],"gold_per_floor":[99,99,99,99,99,129,129,141,141,192,192,206,206,116,128,128,128],"floor_reached":16,"playtime":733,"items_purged":["Regret"],"score":121,"play_id":"63042746-5baa-4f44-abbb-29c5bb8d0c97","local_time":"20210104165851","is_ascension_mode":false,"campfire_choices":[{"data":"sneckomod:SnekBite","floor":1,"key":"SMITH"},{"data":"sneckomod:UnknownExhaust","floor":11,"key":"SMITH"},{"data":"sneckomod:TailWhip","floor":13,"key":"SMITH"}],"circlet_count":0,"master_deck":["sneckomod:Strike","sneckomod:Strike","sneckomod:Strike","sneckomod:Defend","sneckomod:Defend","sneckomod:Defend","sneckomod:TailWhip+1","sneckomod:SnekBite+1","sneckomod:Unknown","sneckomod:Unknown","sneckomod:ImprovisedAttack","sneckomod:DiceBlock","sneckomod:DiceBlock","sneckomod:Bewildered","sneckomod:UnknownExhaust+1","sneckomod:MorePower","sneckomod:Unknown0Cost+1","sneckomod:UnknownRareAttack"],"relics":["sneckomod:SneckoSoul","downfall:HeartsMalice","infinitespire:PuzzleCube","infinitespire:Joker Card","infinitespire:BottledMercury","infinitespire:CheckeredPen","m_SnakeBloodCore"],"acts_visited":["Exordium"],"potions_floor_usage":[16],"damage_taken":[{"damage":0,"enemies":"Cultist","floor":2,"turns":1},{"damage":0,"enemies":"Jaw Worm","floor":3,"turns":1},{"damage":0,"enemies":"Lagavulin","floor":6,"turns":1},{"damage":3,"enemies":"2 Louse","floor":8,"turns":3},{"damage":10,"enemies":"Large Slime","floor":12,"turns":5},{"damage":10,"enemies":"downfall:FleeingMerchant","floor":14,"turns":4},{"damage":13,"enemies":"Lots of Slimes","floor":15,"turns":3},{"damage":57,"enemies":"downfall:Defect","floor":16,"turns":8}],"seed_played":"-8247296240854141116","potions_obtained":[{"floor":10,"key":"SmokeBomb"},{"floor":10,"key":"Elixir"},{"floor":10,"key":"LiquidMemories"}],"is_trial":false,"path_per_floor":["R","M","M","?","?","E","T","M","?","?","R","M","R","$","M","B"],"character_chosen":"THE_SNECKO","items_purchased":[],"campfire_rested":0,"item_purchase_floors":[],"current_hp_per_floor":[90,90,90,90,90,90,90,87,87,66,66,59,59,52,44,0,0],"gold":128,"neow_bonus":"THREE_ENEMY_KILL","is_daily":false,"chose_seed":false,"campfire_upgraded":3,"win_rate":0.0,"timestamp":1609775931,"path_taken":["R","M","M","?","?","E","T","M","?","?","R","M","R","$","M","BOSS"],"items_purchased_type":[],"build_version":"2020-12-22","purchased_purges":1,"victory":false,"max_hp_per_floor":[90,90,90,90,90,90,90,90,90,91,91,91,91,91,93,93,93],"card_choices":[{"not_picked":["sneckomod:UnknownCommonSkill","sneckomod:SoulRoll","sneckomod:UnknownStrike"],"picked":"SKIP","floor":2},{"not_picked":["sneckomod:UnknownBlock","sneckomod:SoulRoll"],"picked":"sneckomod:ImprovisedAttack","floor":3},{"not_picked":["sneckomod:UnknownVulnerable","sneckomod:UnknownClassBLUE"],"picked":"sneckomod:DiceBlock","floor":6},{"not_picked":["sneckomod:UnknownVulnerable","sneckomod:UnknownCommonSkill"],"picked":"sneckomod:DiceBlock","floor":8},{"not_picked":["sneckomod:WideSting","sneckomod:UnknownClassINFINITE_BLACK"],"picked":"sneckomod:UnknownExhaust","floor":10},{"not_picked":["sneckomod:QuickBite","Perfected Strike","sneckomod:UnknownCommonAttack"],"picked":"SKIP","floor":12},{"not_picked":["sneckomod:UnknownClassPURPLE","sneckomod:RainOfDice"],"picked":"sneckomod:MorePower","floor":14},{"not_picked":["sneckomod:UnknownClassHEXA_GHOST_PURPLE+1","sneckomod:UnknownCommonAttack+1"],"picked":"sneckomod:Unknown0Cost+1","floor":15},{"not_picked":["sneckomod:MasterEye","sneckomod:SoulDraw"],"picked":"sneckomod:UnknownRareAttack","floor":15}],"player_experience":282596,"relics_obtained":[{"floor":5,"key":"infinitespire:Joker Card"},{"floor":6,"key":"infinitespire:BottledMercury"},{"floor":7,"key":"infinitespire:CheckeredPen"}],"event_choices":[{"damage_healed":0,"gold_gain":0,"player_choice":"Box","damage_taken":0,"relics_obtained":["infinitespire:PuzzleCube"],"max_hp_gain":0,"max_hp_loss":0,"event_name":"Big Fish","floor":4,"gold_loss":0,"cards_obtained":["Regret"]}],"is_beta":false,"boss_relics":[],"items_purged_floors":[14],"is_endless":false,"potions_floor_spawned":[15],"killed_by":"downfall:Defect","ascension_level":0}}