{"host":"d87lowmkmbc7rbf5","time":1609727649,"event":{"mods":["BaseMod","Beaked The Cultist","Conspire","Downfall","Infinite Spire","Minty Spire (QoL Compilation)","Rare Cards Sparkle","Replay The Spire","Shop Mod","StSLib"],"gold_per_floor":[99,112,212,212,222,14,39,39,52,52,71,71,86,97,108,206,206,206,216,230,230,230],"floor_reached":21,"playtime":2633,"items_purged":[],"score":173,"play_id":"16cd36e5-2907-4890-ae26-64452e4d1105","local_time":"20210103213409","is_ascension_mode":false,"campfire_choices":[{"data":"beaked:Ceremony","floor":1,"key":"SMITH"},{"data":"beaked:Insight","floor":10,"key":"SMITH"},{"data":"beaked:Struggle","floor":12,"key":"SMITH"},{"data":"beaked:AwakenedForm","floor":18,"key":"SMITH"}],"circlet_count":0,"master_deck":["beaked:Strike_Y","beaked:Strike_Y","beaked:Strike_Y","beaked:Strike_Y","beaked:Strike_Y","beaked:Strike_Y","beaked:Defend_Y+1","beaked:Defend_Y","beaked:Defend_Y","beaked:Defend_Y+1","beaked:Ceremony","beaked:Ceremony+1","beaked:Ceremony","beaked:Struggle+1","beaked:BarbedWire","beaked:Insight+1","beaked:Windmill","beaked:Windmill","beaked:Cower","beaked:TuckingFeathers","beaked:Daydream","beaked:WarriorEssence","beaked:Tweet","beaked:AwakenedForm+1","beaked:Windmill","beaked:TuckingFeathers+1"],"relics":["beaked:MendingPlumage","Bag of Preparation","MerchantsRug","Regal Pillow","War Paint","Philosopher\u0027s Stone"],"acts_visited":["Exordium","TheCity"],"potions_floor_usage":[14,14,15,16],"damage_taken":[{"damage":4,"enemies":"conspire:RoseBush","floor":2,"turns":7},{"damage":8,"enemies":"Small Slimes","floor":5,"turns":5},{"damage":0,"enemies":"downfall:FleeingMerchant","floor":6,"turns":4},{"damage":0,"enemies":"2 Louse","floor":9,"turns":3},{"damage":21,"enemies":"Lots of Slimes","floor":11,"turns":4},{"damage":4,"enemies":"Blue Slaver","floor":13,"turns":3},{"damage":16,"enemies":"Exordium Wildlife","floor":14,"turns":4},{"damage":6,"enemies":"3 Louse","floor":15,"turns":2},{"damage":52,"enemies":"downfall:Silent","floor":16,"turns":8},{"damage":12,"enemies":"Chosen","floor":19,"turns":5},{"damage":57,"enemies":"3 Cultists","floor":20,"turns":5},{"damage":27,"enemies":"Snake Plant","floor":21,"turns":1}],"seed_played":"-6057882247588994112","potions_obtained":[{"floor":5,"key":"sneckomod:MuddlingPotion"},{"floor":9,"key":"SteroidPotion"},{"floor":11,"key":"GamblersBrew"},{"floor":13,"key":"LiquidBronze"},{"floor":14,"key":"Toxic Potion"},{"floor":20,"key":"SpeedPotion"}],"is_trial":false,"path_per_floor":["R","M","?","?","M","$","T","?","M","R","M","R","M","M","M","B",null,"R","M","M","M"],"character_chosen":"BEAKED_THE_CULTIST","items_purchased":["MerchantsRug","beaked:Windmill"],"campfire_rested":0,"item_purchase_floors":[6,6],"current_hp_per_floor":[50,47,47,35,42,50,50,50,50,50,40,40,47,45,44,20,50,50,46,16,0,0],"gold":230,"neow_bonus":"","is_daily":false,"chose_seed":false,"campfire_upgraded":4,"win_rate":0.0,"timestamp":1609727649,"path_taken":["R","M","?","?","M","$","T","?","M","R","M","R","?","M","M","BOSS","R","M","M","M"],"items_purchased_type":["Relic","Card"],"build_version":"2020-12-22","purchased_purges":0,"victory":false,"max_hp_per_floor":[50,50,50,50,50,50,50,50,50,50,50,50,50,50,50,50,50,50,50,50,50,50],"card_choices":[{"not_picked":["beaked:Tweet","beaked:Daydream"],"picked":"beaked:Struggle","floor":2},{"not_picked":["beaked:FeelMyPain","beaked:Tradeoff"],"picked":"beaked:BarbedWire","floor":5},{"not_picked":["beaked:LiftOff","beaked:Tweet"],"picked":"beaked:Insight","floor":6},{"not_picked":["beaked:Overexert","beaked:Tradeoff"],"picked":"beaked:Cower","floor":9},{"not_picked":["beaked:Daydream","beaked:Redirect"],"picked":"beaked:TuckingFeathers","floor":11},{"not_picked":["beaked:Poke","beaked:Windmill"],"picked":"beaked:Daydream","floor":13},{"not_picked":["beaked:Negation","beaked:Tweet"],"picked":"beaked:WarriorEssence","floor":14},{"not_picked":["beaked:Redirect","beaked:Poke"],"picked":"beaked:Tweet","floor":15},{"not_picked":["beaked:DarkPact","beaked:Brainwash"],"picked":"beaked:AwakenedForm","floor":16},{"not_picked":["beaked:Tradeoff+1","beaked:FeelMyPain"],"picked":"beaked:Windmill","floor":19},{"not_picked":["beaked:Flinch","beaked:FeelMyPain"],"picked":"beaked:TuckingFeathers+1","floor":20}],"player_experience":0,"relics_obtained":[{"floor":7,"key":"Regal Pillow"},{"floor":8,"key":"War Paint"}],"event_choices":[{"damage_healed":0,"gold_gain":0,"player_choice":"Success","damage_taken":12,"relics_obtained":["Bag of Preparation"],"max_hp_gain":0,"max_hp_loss":0,"event_name":"Scrap Ooze","floor":4,"gold_loss":0},{"damage_healed":0,"gold_gain":0,"player_choice":"Relic","damage_taken":0,"max_hp_gain":0,"max_hp_loss":0,"event_name":"Wheel of Change","floor":8,"gold_loss":0}],"is_beta":false,"boss_relics":[{"not_picked":["Ring of Chaos","conspire:RunicOctahedron"],"picked":"Philosopher\u0027s Stone"}],"items_purged_floors":[],"is_endless":false,"potions_floor_spawned":[5,9,11,13,14,20],"killed_by":"Snake Plant","ascension_level":0}}