{"host":"ixqzyafodex1tsi5","time":1609757175,"event":{"mods":["ATMod(°¢èªMod)","AchievementEnabler","Act Like it!","BaseMod","Gensokyo","GifTheSpireLib","Lobotomy","LobotomyExtend","Luminous","Minty Spire (QoL Compilation)","Relic Stats","Replay The Spire","RumiaBox-Â¶Ã×æ«µÄÉñÃØºÐ×Ó","Shop Mod","Spicy Shops","StSLib","The Cursed","[IsaacMod]ÒÔÈö¼âËþ","¡¾¹¦ÄÜMod¡¿»ìãçÖ®»·ÐÞ¸´²¹¶¡","¡¾ÒÅÎï¿¨ÅÆ¡¿REMEMod"],"gold_per_floor":[113,130,130,103,118,118,118,131,131,131,172,172,186,361,361,480,480,480,493,793,818,832,832,757,781,781,781,805,830,295,310,310,310,310],"floor_reached":33,"playtime":737,"items_purged":["Writhe","Defend_R","Defend_R"],"score":274,"play_id":"7177f7a3-3105-41ba-b464-702218b9e363","local_time":"20210104184615","is_ascension_mode":false,"campfire_choices":[{"data":"Moonlight","floor":6,"key":"SMITH"},{"data":"Battle Trance","floor":12,"key":"SMITH"},{"data":"Berserk","floor":15,"key":"SMITH"},{"data":"Hemokinesis","floor":23,"key":"SMITH"},{"data":"AT_GerminateFire","floor":27,"key":"SMITH"},{"data":"Bash","floor":32,"key":"SMITH"}],"circlet_count":0,"master_deck":["Strike_R","Strike_R","Strike_R+1","Strike_R","Strike_R+1","Defend_R","Defend_R","Bash+1","AT_DrawKnifeCut+1","Moonlight+1","Berserk+1","Battle Trance+1","Hemokinesis+1","Clash","Thunderclap","Brutality","AT_GerminateFire+1","Dual Wield+1","Pommel Strike+1"],"relics":["Burning Blood","REME_ComplimentaryCards","HushsDoor","AT_ATBox","Leech","LetterFromLob","Golden Idol","ReplayTheSpireMod:CursedCoin","Replay:Rubber Ducky","DoctorsRemote","Coffee Dripper","Counterbalance","Whetstone","Akabeko"],"acts_visited":["Exordium","TheCity"],"potions_floor_usage":[25,28],"damage_taken":[{"damage":0,"enemies":"Cultist","floor":1,"turns":2},{"damage":11,"enemies":"Jaw Worm","floor":2,"turns":2},{"damage":0,"enemies":"Small Slimes","floor":5,"turns":1},{"damage":0,"enemies":"Exordium Thugs","floor":8,"turns":2},{"damage":26,"enemies":"Gremlin Nob","floor":11,"turns":3},{"damage":0,"enemies":"Gremlin Gang","floor":13,"turns":1},{"damage":36,"enemies":"Fading Forest","floor":16,"turns":11},{"damage":13,"enemies":"Shell Parasite","floor":19,"turns":2},{"damage":17,"enemies":"3 Byrds","floor":21,"turns":4},{"damage":12,"enemies":"Sentry and Sphere","floor":22,"turns":3},{"damage":3,"enemies":"Centurion and Healer","floor":25,"turns":3},{"damage":21,"enemies":"Snecko","floor":28,"turns":3},{"damage":0,"enemies":"Snake Plant","floor":29,"turns":2},{"damage":0,"enemies":"Cultist and Chosen","floor":31,"turns":1},{"damage":82,"enemies":"Automaton","floor":33,"turns":6}],"seed_played":"1702188667501206999","potions_obtained":[{"floor":2,"key":"Dexterity Potion"},{"floor":11,"key":"EssenceOfSteel"},{"floor":16,"key":"DuplicationPotion"},{"floor":21,"key":"AttackPotion"},{"floor":25,"key":"FearPotion"},{"floor":29,"key":"PowerPotion"}],"is_trial":false,"path_per_floor":["M","M","?","$","M","R","$","M","T","?","E","R","M","?","R","B",null,"M","M","?","M","M","R","?","M","T","R","M","M","$","M","R","B"],"character_chosen":"IRONCLAD","items_purchased":["ReplayTheSpireMod:CursedCoin","Battle Trance","Whetstone","Akabeko"],"campfire_rested":0,"item_purchase_floors":[4,4,30,30],"current_hp_per_floor":[80,75,55,55,61,61,61,68,68,68,50,50,56,56,56,50,80,80,74,74,66,62,62,62,67,67,67,54,61,61,67,67,0,0],"gold":310,"neow_bonus":"UPGRADE_CARD","is_daily":false,"chose_seed":false,"campfire_upgraded":6,"win_rate":0.0,"timestamp":1609757175,"path_taken":["M","?","?","?","M","R","$","?","T","?","E","R","M","?","R","BOSS","M","M","?","?","M","R","?","M","T","R","M","M","?","?","R","BOSS"],"items_purchased_type":["Relic","Card","Relic","Relic"],"build_version":"2020-12-22","purchased_purges":3,"victory":false,"max_hp_per_floor":[80,80,80,80,80,80,80,80,80,80,80,80,80,80,80,80,80,80,80,80,80,80,80,80,80,80,80,80,80,80,80,80,80,80],"relic_stats":{"counters":[15,46],"Golden Idol":70,"Whetstone":["Strike_R","Strike_R"],"obtain_stats":[{"KeepersGift":0,"DoctorsRemote":11,"AT_ATBox":0,"Golden Idol":3,"ReplayTheSpireMod:CursedCoin":4,"Counterbalance":26,"Whetstone":30,"Burning Blood":0,"Akabeko":30,"Leech":0,"Replay:Rubber Ducky":9,"LetterFromLob":1,"Coffee Dripper":17,"HushsDoor":0,"REME_ComplimentaryCards":0},{"KeepersGift":0,"DoctorsRemote":5,"AT_ATBox":0,"Golden Idol":2,"ReplayTheSpireMod:CursedCoin":2,"Counterbalance":11,"Whetstone":13,"Burning Blood":0,"Akabeko":13,"Leech":0,"Replay:Rubber Ducky":4,"LetterFromLob":1,"Coffee Dripper":7,"HushsDoor":0,"REME_ComplimentaryCards":0},{"KeepersGift":0,"DoctorsRemote":10,"AT_ATBox":0,"Golden Idol":4,"ReplayTheSpireMod:CursedCoin":4,"Counterbalance":34,"Whetstone":39,"Burning Blood":0,"Akabeko":39,"Leech":0,"Replay:Rubber Ducky":7,"LetterFromLob":2,"Coffee Dripper":22,"HushsDoor":0,"REME_ComplimentaryCards":0}],"Burning Blood":78},"card_choices":[{"not_picked":["ReplayTheSpireMod:LeadingStrike","Shockwave"],"picked":"Berserk","floor":1},{"not_picked":["Armaments","Warcry","Replay:Undeath\u0027s Touch"],"picked":"SKIP","floor":2},{"not_picked":["AT_IchimonjiDouble","Wild Strike"],"picked":"Hemokinesis","floor":5},{"not_picked":["Dual Wield","Searing Blow","Intimidate"],"picked":"SKIP","floor":8},{"not_picked":["Clothesline","REME_Scribble"],"picked":"Clash","floor":11},{"not_picked":["Clothesline","Demonic Infusion"],"picked":"Thunderclap","floor":13},{"not_picked":["AT_Dispersion","REME_TheLastStrike"],"picked":"Brutality","floor":16},{"not_picked":["Armaments","AT_GerminateFire","Uppercut"],"picked":"SKIP","floor":19},{"not_picked":["Armaments","Uppercut"],"picked":"AT_GerminateFire","floor":19},{"not_picked":["Uppercut","Heavy Blade"],"picked":"Dual Wield+1","floor":21},{"not_picked":["Perfected Strike+1","Cleave"],"picked":"Pommel Strike+1","floor":22},{"not_picked":["Evolve","Metallicize","Flex"],"picked":"SKIP","floor":25},{"not_picked":["Inflame","Defy Death+1","Thunderclap"],"picked":"SKIP","floor":28},{"not_picked":["Sword Boomerang","Power Through+1","Whirlwind+1"],"picked":"SKIP","floor":29},{"not_picked":["Anger","Run Through","Iron Wave"],"picked":"SKIP","floor":31}],"player_experience":223943,"relics_obtained":[{"floor":1,"key":"LetterFromLob"},{"floor":9,"key":"Replay:Rubber Ducky"},{"floor":11,"key":"DoctorsRemote"},{"floor":26,"key":"Counterbalance"}],"event_choices":[{"damage_healed":0,"gold_gain":0,"player_choice":"Take Damage","damage_taken":20,"relics_obtained":["Golden Idol"],"max_hp_gain":0,"max_hp_loss":0,"event_name":"Golden Idol","floor":3,"gold_loss":0},{"damage_healed":0,"gold_gain":0,"player_choice":"Ignored","damage_taken":0,"max_hp_gain":0,"max_hp_loss":0,"event_name":"NoteForYourself","floor":10,"gold_loss":0},{"damage_healed":0,"gold_gain":175,"player_choice":"AGREE","damage_taken":0,"max_hp_gain":0,"max_hp_loss":0,"event_name":"Liars Game","floor":14,"gold_loss":0,"cards_obtained":["Doubt"]},{"cards_removed":["Doubt"],"damage_healed":0,"gold_gain":0,"player_choice":"Gave Gold","damage_taken":0,"max_hp_gain":0,"max_hp_loss":0,"event_name":"Beggar","floor":24,"gold_loss":75}],"is_beta":false,"boss_relics":[{"not_picked":["Tiny House","REME_DuelDisc"],"picked":"Coffee Dripper"},{"not_picked":[]}],"items_purged_floors":[4,30,30],"is_endless":false,"potions_floor_spawned":[2,11,13,16,21,25,29,31],"killed_by":"Automaton","ascension_level":0}}