{"host":"u0qetpmu4y58k1tf","time":1609766877,"event":{"mods":["AchievementEnabler","BaseMod","Colored Map","Colored Powertips","Hermit","Marisa£¨Ùöéë¡¡Øª×âÞÞ£©","Minty Spire (QoL Compilation)","Replay The Spire","StSLib","SuperFastMode","The Bug Knight","The Cursed","The Hierophant","The Runesmith"],"gold_per_floor":[113,125,2,2,2,37,37,66,93,162,162,193,193,205,205,302,302,318,11,11,21,38,73,1,13,13,39,51,83,107,119,131,161,173,285,297,326,338,395,407,79,79,108,202,202,249,282,282,293,306,306,306],"floor_reached":53,"playtime":2959,"items_purged":["Defend_R","Strike_R"],"score":1078,"play_id":"206fee36-d493-4a4e-8c05-ee4e77fb4209","local_time":"20210104222757","is_ascension_mode":false,"campfire_choices":[{"data":"Flex","floor":7.0,"key":"SMITH"},{"data":"Pommel Strike","floor":13.0,"key":"SMITH"},{"data":"ReplayTheSpireMod:Muscle Training","floor":15.0,"key":"SMITH"},{"floor":34,"key":"DIG"},{"data":"Rupture","floor":42,"key":"SMITH"},{"data":"Mayhem","floor":48,"key":"SMITH"},{"floor":51,"key":"DIG"}],"circlet_count":0,"master_deck":["Strike_R","Strike_R","Strike_R","Defend_R","Defend_R","Defend_R","Bash","Clash","Iron Wave","Flex+1","Pommel Strike+1","ReplayTheSpireMod:Muscle Training+1","Corruption","Seeing Red+1","Rupture+1","Writhe","Sword Boomerang+1","Flex","Shrug It Off+1","Fire Breathing","Replay:Undeath\u0027s Touch","J.A.X.","Bloodletting","Hemogenesis","Combust","Impervious","Pummel+1","ReplayTheSpireMod:Faulty Equipment","Fire Breathing","Fire Breathing","Mayhem+1","ReplayTheSpireMod:Muscle Training+1","ReplayTheSpireMod:Splinters","Intimidate","Clash","Fire Breathing","Offering","Warcry+1","Rage"],"relics":["Burning Blood","Lantern","Toy Ornithopter","Nunchaku","Ornamental Fan","Replay:Kaleidoscope","Red Skull","Coffee Dripper","Mummified Hand","ReplayTheSpireMod:Lightbulb","Ancient Tea Set","MawBank","Counterbalance","SlaversCollar","Ring of Misfortune","Ring of Misfortune","Unceasing Top","Boot","Replay:Baseball","Kunai","CatCart","Replay:Accelerometer","Vajra"],"acts_visited":["Exordium","TheCity","TheBeyond"],"potions_floor_usage":[30,30,52,52,52],"damage_taken":[{"damage":4.0,"enemies":"Cultist","floor":1.0,"turns":4.0},{"damage":6.0,"enemies":"Jaw Worm","floor":2.0,"turns":2.0},{"damage":32.0,"enemies":"Replay:BlueRogue","floor":6.0,"turns":6.0},{"damage":39.0,"enemies":"Lagavulin","floor":8.0,"turns":6.0},{"damage":4.0,"enemies":"HollowMod:MossKnight","floor":12.0,"turns":6.0},{"damage":0.0,"enemies":"Small Slimes","floor":14.0,"turns":1.0},{"damage":29.0,"enemies":"The Guardian","floor":16.0,"turns":6.0},{"damage":1.0,"enemies":"Chosen","floor":18.0,"turns":4.0},{"damage":7.0,"enemies":"Spheric Guardian","floor":21.0,"turns":3.0},{"damage":10.0,"enemies":"Chosen and Byrds","floor":22.0,"turns":5.0},{"damage":10.0,"enemies":"Gremlin Leader","floor":23.0,"turns":6.0},{"damage":19.0,"enemies":"Sentry and Sphere","floor":25.0,"turns":5.0},{"damage":33.0,"enemies":"3 Cultists","floor":27.0,"turns":6.0},{"damage":16.0,"enemies":"Cultist and Chosen","floor":29.0,"turns":5.0},{"damage":3,"enemies":"Centurion and Healer","floor":30,"turns":3},{"damage":17,"enemies":"Sentry and Sphere","floor":33,"turns":5},{"damage":39,"enemies":"Pondfish","floor":35,"turns":6},{"damage":13,"enemies":"Orb Walker","floor":37,"turns":3},{"damage":47,"enemies":"2 Orb Walkers","floor":39,"turns":4},{"damage":4,"enemies":"Giant Head","floor":43,"turns":5},{"damage":0,"enemies":"Orin","floor":46,"turns":4},{"damage":65,"enemies":"Reptomancer","floor":47,"turns":4},{"damage":0,"enemies":"3 Darklings","floor":49,"turns":2},{"damage":3,"enemies":"Spire Growth","floor":50,"turns":3},{"damage":44,"enemies":"Awakened One","floor":52,"turns":4}],"seed_played":"-5428942135483881861","potions_obtained":[{"floor":2.0,"key":"Strength Potion"},{"floor":8.0,"key":"SpeedPotion"},{"floor":14.0,"key":"Fruit Juice"},{"floor":18.0,"key":"Flashbang"},{"floor":22.0,"key":"Fire Potion"},{"floor":23.0,"key":"SkillPotion"},{"floor":29.0,"key":"Explosive Potion"},{"floor":39,"key":"SpeedPotion"},{"floor":46,"key":"Elixir"}],"is_trial":false,"path_per_floor":["M","M","$","$","?","E","R","E","T","T","?","E","R","M","R","B",null,"M","$","?","M","M","E","$","M","T","M","?","M","M","PTL","PTL","M","R_BF","B",null,"M","?","?","?","$","R","E","?","T","?","E","R","M","M","R_BF","B",null],"character_chosen":"IRONCLAD","items_purchased":["Flex","Mummified Hand","Rupture","Fire Breathing","Fire Breathing","Mayhem"],"campfire_rested":0,"item_purchase_floors":[3,19,19,24,41,41],"current_hp_per_floor":[80,80,80,80,80,54,54,21,21,21,21,28,28,34,34,21,85,85,85,85,84,80,81,81,72,72,45,45,35,48,48,48,44,44,16,85,78,78,37,37,37,37,44,44,44,55,7,7,18,26,26,8],"gold":306,"neow_bonus":"","is_daily":false,"chose_seed":false,"campfire_upgraded":5,"win_rate":0.0,"timestamp":1609766877,"path_taken":["M","?","?","$","?","E","R","E","T","?","?","E","R","M","R","BOSS","M","?","?","M","?","E","$","M","T","M","?","M","M","PTL","PTL","M","R_BF","BOSS","M","?","?","?","$","R","E","?","T","?","E","R","?","M","R_BF","BOSS"],"items_purchased_type":["Card","Relic","Card","Card","Card","Card"],"build_version":"2020-12-22","purchased_purges":2,"victory":true,"max_hp_per_floor":[80,80,80,80,80,80,80,80,80,80,80,80,80,80,80,85,85,85,85,85,85,85,85,85,85,85,85,85,85,85,85,85,85,85,85,85,85,85,85,85,85,85,85,85,85,85,85,85,85,85,85,85],"card_choices":[{"not_picked":["ReplayTheSpireMod:Limb From Limb","Thunderclap"],"picked":"Clash","floor":1.0},{"not_picked":["Run Through","Sword Boomerang"],"picked":"Iron Wave","floor":2.0},{"not_picked":["Pummel","Power Through","Thunderclap"],"picked":"SKIP","floor":6.0},{"not_picked":["Body Slam","Impervious"],"picked":"Infernal Blade","floor":8.0},{"not_picked":["Armaments","Warcry"],"picked":"Pommel Strike","floor":12.0},{"not_picked":["Blood for Blood","Body Slam"],"picked":"ReplayTheSpireMod:Muscle Training","floor":14.0},{"not_picked":["Bludgeon","Hemogenesis"],"picked":"Corruption","floor":16.0},{"not_picked":["Shrug It Off","Shockwave+1"],"picked":"Seeing Red+1","floor":18.0},{"not_picked":["Carnage+1","Iron Wave"],"picked":"Sword Boomerang+1","floor":21.0},{"not_picked":["Defy Death","Infernal Blade"],"picked":"Flex","floor":22.0},{"not_picked":["Carnage","Massacre"],"picked":"Shrug It Off+1","floor":23.0},{"not_picked":["Replay:Undeath\u0027s Touch","Dropkick"],"picked":"Ghostly Armor","floor":25.0},{"not_picked":["Iron Wave","Ghostly Armor"],"picked":"Replay:Undeath\u0027s Touch","floor":27.0},{"not_picked":["Battle Trance","Cleave"],"picked":"Bloodletting","floor":29.0},{"not_picked":["Defy Death","Power Through"],"picked":"Hemogenesis","floor":30},{"not_picked":["Clash","Anger"],"picked":"Combust","floor":33},{"not_picked":["Bludgeon","Eclipse"],"picked":"Impervious","floor":35},{"not_picked":["Anger+1","ReplayTheSpireMod:Strike From Hell+1"],"picked":"Pummel+1","floor":37},{"not_picked":["Bloodletting","ReplayTheSpireMod:Limb From Limb+1"],"picked":"Fire Breathing","floor":39},{"not_picked":["Armaments","ReplayReversal"],"picked":"ReplayTheSpireMod:Muscle Training+1","floor":43},{"not_picked":["Perfected Strike","Armaments"],"picked":"Intimidate","floor":44},{"not_picked":["ReplayTheSpireMod:Stacked","Dropkick+1"],"picked":"Clash","floor":44},{"not_picked":["ReplayTheSpireMod:Stacked","Replay:Undeath\u0027s Touch+1"],"picked":"Fire Breathing","floor":46},{"not_picked":["Perfected Strike+1","Twin Strike"],"picked":"Offering","floor":47},{"not_picked":["Cleave","Dropkick+1"],"picked":"Warcry+1","floor":49},{"not_picked":["True Grit+1","Clash+1"],"picked":"Rage","floor":50}],"player_experience":7548,"relics_obtained":[{"floor":6.0,"key":"Lantern"},{"floor":8.0,"key":"Toy Ornithopter"},{"floor":9.0,"key":"Nunchaku"},{"floor":10.0,"key":"Ornamental Fan"},{"floor":12.0,"key":"Red Skull"},{"floor":23.0,"key":"Ancient Tea Set"},{"floor":26.0,"key":"MawBank"},{"floor":34,"key":"Counterbalance"},{"floor":38,"key":"Ring of Misfortune"},{"floor":38,"key":"Ring of Misfortune"},{"floor":39,"key":"Unceasing Top"},{"floor":43,"key":"Boot"},{"floor":44,"key":"Replay:Baseball"},{"floor":45,"key":"Kunai"},{"floor":46,"key":"CatCart"},{"floor":47,"key":"Replay:Accelerometer"},{"floor":51,"key":"Vajra"}],"event_choices":[{"cards_removed":["Infernal Blade"],"damage_healed":0.0,"max_hp_gain":0.0,"max_hp_loss":0.0,"gold_gain":0.0,"event_name":"WeMeetAgain","player_choice":"Gave Card","floor":11.0,"gold_loss":0.0,"damage_taken":0.0,"relics_obtained":["Replay:Kaleidoscope"]},{"damage_healed":0.0,"max_hp_gain":0.0,"max_hp_loss":0.0,"gold_gain":0.0,"event_name":"Drug Dealer","player_choice":"Obtain J.A.X.","floor":28.0,"gold_loss":0.0,"damage_taken":0.0,"cards_obtained":["J.A.X."]},{"damage_healed":0,"gold_gain":0,"player_choice":"Fight","damage_taken":0,"max_hp_gain":0,"max_hp_loss":0,"event_name":"Mysterious Sphere","floor":39,"gold_loss":0},{"cards_removed":["Ghostly Armor"],"damage_healed":0,"gold_gain":0,"player_choice":"Removed Skill","damage_taken":0,"max_hp_gain":0,"max_hp_loss":0,"event_name":"Falling","floor":40,"gold_loss":0},{"damage_healed":0,"gold_gain":0,"player_choice":"Fight","damage_taken":0,"max_hp_gain":0,"max_hp_loss":0,"event_name":"OrinTheCat","floor":46,"gold_loss":0}],"is_beta":false,"boss_relics":[{"not_picked":["Philosopher\u0027s Stone","Abe\u0027s Treasure"],"picked":"Coffee Dripper"},{"not_picked":["Runic Pyramid","ReplayTheSpireMod:DimensionalGlitch"],"picked":"SlaversCollar"}],"items_purged_floors":[3,41],"is_endless":false,"potions_floor_spawned":[2,8,14,18,22,23,29,39,46],"ascension_level":0}}