{"host":"my77oq6kb6j47rwl","time":1609736335,"event":{"mods":["BaseMod","Better Third Choice","Curses Come First","Displayed Cursed Tome","Emptier Cage","Hermit","Ironclad Rager","Minty Spire (QoL Compilation)","Quick Restart","Rare Cards Sparkle","StSLib"],"gold_per_floor":[15,29,129,15,33,33,49,82,82,82,92,118,136,148,148,250,250,261,271,287,320,333,333,333],"floor_reached":23,"playtime":2258,"items_purged":["Pain"],"score":371,"play_id":"bbaa4e19-62ea-4098-83ac-9286c157c79c","local_time":"20210103235855","is_ascension_mode":true,"campfire_choices":[{"data":"Leap","floor":6,"key":"SMITH"},{"data":"Leap","floor":10,"key":"SMITH"},{"data":"Echo Form","floor":15,"key":"SMITH"}],"circlet_count":0,"master_deck":["AscendersBane","Zap","Dualcast","Ball Lightning","Cold Snap","Ball Lightning","Cold Snap","Leap+1","Leap+1","Leap","Leap","Auto Shields","Conserve Battery","Machine Learning","Echo Form+1","Cold Snap","Machine Learning"],"relics":["Cracked Core","Tiny Chest","Strawberry","Singing Bowl","Busted Crown","Red Mask"],"acts_visited":["Exordium","TheCity"],"potions_floor_usage":[12,16,19],"damage_taken":[{"damage":2,"enemies":"Small Slimes","floor":1,"turns":2},{"damage":2,"enemies":"Cultist","floor":2,"turns":3},{"damage":1,"enemies":"2 Louse","floor":5,"turns":2},{"damage":2,"enemies":"Large Slime","floor":7,"turns":5},{"damage":0,"enemies":"Lagavulin","floor":8,"turns":6},{"damage":0,"enemies":"Lots of Slimes","floor":11,"turns":4},{"damage":4,"enemies":"3 Sentries","floor":12,"turns":10},{"damage":0,"enemies":"2 Fungi Beasts","floor":13,"turns":3},{"damage":4,"enemies":"Gremlin Gang","floor":14,"turns":5},{"damage":10,"enemies":"Hexaghost","floor":16,"turns":9},{"damage":15,"enemies":"3 Byrds","floor":18,"turns":5},{"damage":11,"enemies":"2 Thieves","floor":19,"turns":4},{"damage":10,"enemies":"Cultist and Chosen","floor":20,"turns":8},{"damage":32,"enemies":"Masked Bandits","floor":21,"turns":6},{"damage":0,"enemies":"Snecko","floor":22,"turns":5},{"damage":37,"enemies":"Gremlin Leader","floor":23,"turns":4}],"seed_played":"-4040724098540136241","potions_obtained":[{"floor":5,"key":"SpeedPotion"},{"floor":8,"key":"Fire Potion"},{"floor":11,"key":"Explosive Potion"},{"floor":12,"key":"FearPotion"},{"floor":16,"key":"PowerPotion"},{"floor":22,"key":"FairyPotion"}],"is_trial":false,"path_per_floor":["M","M","?","$","M","R","M","E","T","R","M","E","M","M","R","B",null,"M","M","M","?","M","E"],"character_chosen":"DEFECT","items_purchased":["Auto Shields"],"campfire_rested":0,"item_purchase_floors":[4],"current_hp_per_floor":[48,46,46,46,45,45,43,43,50,50,50,46,46,44,44,34,66,53,44,36,6,8,0,0],"gold":333,"neow_bonus":"DEFECT_STORMLORD","is_daily":false,"chose_seed":false,"campfire_upgraded":3,"win_rate":0.0,"timestamp":1609736335,"path_taken":["M","M","?","$","?","R","M","E","T","R","M","E","M","M","R","BOSS","M","M","M","?","M","E"],"items_purchased_type":["Card"],"build_version":"2020-12-22","purchased_purges":1,"victory":false,"max_hp_per_floor":[68,68,68,68,68,68,68,68,75,75,75,75,75,77,77,77,77,79,81,83,85,87,87,87],"card_choices":[{"not_picked":["Steam","Coolheaded","Streamline"],"picked":"SKIP","floor":1},{"not_picked":["Reprogram","Genetic Algorithm","Sunder"],"picked":"SKIP","floor":2},{"not_picked":["Sweeping Beam","Beam Cell"],"picked":"Conserve Battery","floor":5},{"not_picked":["Hologram","Barrage","Streamline"],"picked":"SKIP","floor":7},{"not_picked":["Compile Driver","Genetic Algorithm"],"picked":"Machine Learning","floor":8},{"not_picked":["Hologram","Compile Driver","Steam"],"picked":"SKIP","floor":11},{"not_picked":["Glacier","Steam Power"],"picked":"Echo Form","floor":12},{"not_picked":["Go for the Eyes","Compile Driver"],"picked":"Cold Snap","floor":13},{"not_picked":["Coolheaded","Heatsinks","Conserve Battery"],"picked":"Singing Bowl","floor":14},{"not_picked":["Rainbow","Fission"],"picked":"Machine Learning","floor":16},{"not_picked":["Hologram"],"picked":"Singing Bowl","floor":18},{"not_picked":["Gash"],"picked":"Singing Bowl","floor":19},{"not_picked":["Gash"],"picked":"Singing Bowl","floor":20},{"not_picked":["Barrage"],"picked":"Singing Bowl","floor":21},{"not_picked":["Fusion"],"picked":"Singing Bowl","floor":22}],"player_experience":1066806,"relics_obtained":[{"floor":8,"key":"Tiny Chest"},{"floor":9,"key":"Strawberry"},{"floor":12,"key":"Singing Bowl"},{"floor":21,"key":"Red Mask"}],"event_choices":[{"damage_healed":0,"gold_gain":100,"player_choice":"Pray","damage_taken":0,"max_hp_gain":0,"max_hp_loss":0,"event_name":"Golden Shrine","floor":3,"gold_loss":0},{"damage_healed":0,"gold_gain":0,"player_choice":"Fought Bandits","damage_taken":0,"max_hp_gain":0,"max_hp_loss":0,"event_name":"Masked Bandits","floor":21,"gold_loss":0}],"is_beta":false,"boss_relics":[{"not_picked":["Runic Dome","Fusion Hammer"],"picked":"Busted Crown"}],"items_purged_floors":[4],"is_endless":false,"potions_floor_spawned":[5,8,11,12,16,22],"killed_by":"Gremlin Leader","ascension_level":12}}