{"host":"d7qmn60fs48wu5y6","time":1609789141,"event":{"mods":["BaseMod","Downfall","Marisa????????","Minty Spire (QoL Compilation)","Shade Mod","StSLib","The Bug Knight","The Cursed","The Necromancer","The Servant 0.9.4"],"gold_per_floor":[112,112,112,129,129,154,154,181,181,195,210,242,242,21,21,124,124,105,105,118,38,52,52,65,65,65],"floor_reached":25,"playtime":1126,"items_purged":["Strike_R","Strike_R"],"score":232,"play_id":"0f101408-5920-49b2-afe0-35e89747f8c1","local_time":"20210104113901","is_ascension_mode":true,"campfire_choices":[{"data":"Whirlwind","floor":7,"key":"SMITH"},{"data":"Uppercut","floor":13,"key":"SMITH"},{"data":"Limit Break","floor":15,"key":"SMITH"},{"floor":23,"key":"REST"}],"circlet_count":0,"master_deck":["Strike_R","Strike_R","Defend_R","Defend_R","Defend_R","Defend_R","Bash","Seeing Red","Headbutt","Flex","Whirlwind+1","Rampage","Uppercut+1","Flame Barrier","Limit Break+1","Battle Trance","Shrug It Off","CurseOfTheBell","J.A.X.","Pommel Strike+1","True Grit+1","Flex"],"relics":["Burning Blood","The Courier","Blue Candle","MealTicket","HollowMod:PaleOreRelic","Meat on the Bone","Calling Bell","Blood Vial","Frozen Egg 2","Charon\u0027s Ashes"],"acts_visited":["Exordium","TheCity"],"potions_floor_usage":[6,11,16,24,25],"damage_taken":[{"damage":0,"enemies":"Cultist","floor":1,"turns":3},{"damage":1,"enemies":"2 Louse","floor":4,"turns":2},{"damage":26,"enemies":"Lagavulin","floor":6,"turns":7},{"damage":17,"enemies":"3 Sentries","floor":8,"turns":4},{"damage":3,"enemies":"Jaw Worm","floor":10,"turns":3},{"damage":13,"enemies":"Red Slaver","floor":11,"turns":2},{"damage":13,"enemies":"HollowMod:MossKnight","floor":12,"turns":6},{"damage":9,"enemies":"The Guardian","floor":16,"turns":9},{"damage":30,"enemies":"2 Thieves","floor":18,"turns":4},{"damage":16,"enemies":"Chosen","floor":20,"turns":5},{"damage":13,"enemies":"Snecko","floor":22,"turns":5},{"damage":13,"enemies":"Snake Plant","floor":24,"turns":4},{"damage":77,"enemies":"Book of Stabbing","floor":25,"turns":7}],"seed_played":"8964533345994243681","potions_obtained":[{"floor":4,"key":"CultistPotion"},{"floor":8,"key":"SteroidPotion"},{"floor":11,"key":"SteroidPotion"},{"floor":16,"key":"Dexterity Potion"},{"floor":24,"key":"SpeedPotion"}],"is_trial":false,"path_per_floor":["M","T","?","M","?","E","R","E","T","M","M","E","R","$","R","B",null,"M","?","M","$","M","R","M","E"],"character_chosen":"IRONCLAD","items_purchased":["Limit Break","Battle Trance","Shrug It Off"],"campfire_rested":1,"item_purchase_floors":[14,14,14],"current_hp_per_floor":[80,80,80,80,80,60,60,49,49,52,45,38,38,53,53,50,80,56,56,48,63,58,80,73,0,0],"gold":65,"neow_bonus":"THREE_CARDS","is_daily":false,"chose_seed":false,"campfire_upgraded":3,"win_rate":0.0,"timestamp":1609789141,"path_taken":["M","?","?","?","?","E","R","E","T","M","?","E","R","$","R","BOSS","M","?","M","$","M","R","M","E"],"items_purchased_type":["Card","Card","Card"],"build_version":"2020-12-22","purchased_purges":2,"victory":false,"max_hp_per_floor":[80,80,80,80,80,80,80,80,80,80,80,80,80,80,80,80,80,80,80,80,80,80,80,80,80,80],"card_choices":[{"not_picked":["Ghostly Armor","Dark Embrace"],"picked":"Seeing Red","floor":0},{"not_picked":["Sword Boomerang","Perfected Strike"],"picked":"Headbutt","floor":1},{"not_picked":["Dark Embrace","Pommel Strike"],"picked":"Flex","floor":4},{"not_picked":["Carnage","Bludgeon"],"picked":"Whirlwind","floor":6},{"not_picked":["Cleave","Twin Strike"],"picked":"Rampage","floor":8},{"not_picked":["Clash","Wild Strike"],"picked":"Uppercut","floor":10},{"not_picked":["Anger","Searing Blow","True Grit"],"picked":"SKIP","floor":11},{"not_picked":["Anger","Blood for Blood"],"picked":"Flame Barrier","floor":12},{"not_picked":["Armaments","Clothesline","Flame Barrier"],"picked":"SKIP","floor":18},{"not_picked":["Body Slam","Iron Wave"],"picked":"Pommel Strike+1","floor":20},{"not_picked":["Power Through","Headbutt"],"picked":"True Grit+1","floor":22},{"not_picked":["Carnage","True Grit"],"picked":"Flex","floor":24}],"player_experience":905640,"relics_obtained":[{"floor":2,"key":"The Courier"},{"floor":6,"key":"Blue Candle"},{"floor":8,"key":"MealTicket"},{"floor":9,"key":"HollowMod:PaleOreRelic"},{"floor":12,"key":"Meat on the Bone"},{"floor":17,"key":"Blood Vial"},{"floor":17,"key":"Frozen Egg 2"},{"floor":17,"key":"Charon\u0027s Ashes"}],"event_choices":[{"damage_healed":0,"gold_gain":0,"player_choice":"Ignored","damage_taken":0,"max_hp_gain":0,"max_hp_loss":0,"event_name":"NoteForYourself","floor":3,"gold_loss":0},{"cards_removed":["Strike_R"],"damage_healed":0,"gold_gain":0,"player_choice":"Offered Basic","damage_taken":0,"max_hp_gain":0,"max_hp_loss":0,"event_name":"Bonfire Elementals","floor":5,"gold_loss":0},{"damage_healed":0,"gold_gain":0,"player_choice":"Obtain J.A.X.","damage_taken":0,"max_hp_gain":0,"max_hp_loss":0,"event_name":"Drug Dealer","floor":19,"gold_loss":0,"cards_obtained":["J.A.X."]}],"is_beta":false,"boss_relics":[{"not_picked":["Pandora\u0027s Box","Runic Pyramid"],"picked":"Calling Bell"}],"items_purged_floors":[14,21],"is_endless":false,"potions_floor_spawned":[4,8,11,16,24],"killed_by":"Book of Stabbing","ascension_level":1}}