{"host":"h4lp0eeso8a0ssq0","time":1609744362,"event":{"mods":["2.2 Compatiblity","AchievementEnabler","BaseMod","CapriCore","Colored Map","Minty Spire (QoL Compilation)","StSLib","SuperFastMode"],"gold_per_floor":[115,115,115,115,115,149,160,174,243,263,306,215,253,281,281,385,385,409,418,418,428,452,461,473,501,526,326,326,366,375,20,20,130,130,144,154,104,115,115,115,144,65,100,127,127,147,165,178,187,187],"floor_reached":51,"playtime":2153,"items_purged":["Strike_B","Strike_B","Strike_B","Writhe","Defend_B"],"score":716,"play_id":"f5e40011-eab4-4999-b40c-f795e6dd56a0","local_time":"20210104161242","is_ascension_mode":false,"campfire_choices":[{"floor":15.0,"key":"REST"},{"floor":23.0,"key":"REST"},{"data":"Stack","floor":28.0,"key":"SMITH"},{"floor":30.0,"key":"REST"},{"data":"Defragment","floor":32.0,"key":"SMITH"},{"data":"Biased Cognition","floor":40.0,"key":"SMITH"},{"data":"Lockon","floor":45.0,"key":"SMITH"},{"floor":49,"key":"REST"}],"circlet_count":0,"master_deck":["Defend_B+1","Defend_B","Defend_B+1","Zap","Dualcast","Streamline","Cold Snap","Conserve Battery","Ball Lightning","FTL","Hologram","Capacitor+1","Coolheaded","Electrodynamics","Coolheaded+1","Aggregate+1","Stack+1","Tempest","Stack+1","Defragment+1","Auto Shields+1","Biased Cognition+1","Loop+1","Lockon+1","Writhe","Steam Power+1","Capacitor"],"relics":["Cracked Core","NeowsBlessing","Dream Catcher","Ancient Tea Set","Letter Opener","CeramicFish","Smiling Mask","Velvet Choker","Anchor","Centennial Puzzle","MealTicket","Pen Nib","Toxic Egg 2","Cursed Key"],"acts_visited":["Exordium","TheCity","TheBeyond"],"potions_floor_usage":[50,50],"damage_taken":[{"damage":0.0,"enemies":"2 Louse","floor":1.0,"turns":1.0},{"damage":0.0,"enemies":"Lagavulin","floor":6.0,"turns":1.0},{"damage":0.0,"enemies":"Jaw Worm","floor":7.0,"turns":1.0},{"damage":2.0,"enemies":"Small Slimes","floor":8.0,"turns":3.0},{"damage":1.0,"enemies":"Exordium Wildlife","floor":10.0,"turns":3.0},{"damage":7.0,"enemies":"3 Sentries","floor":11.0,"turns":5.0},{"damage":13.0,"enemies":"Gremlin Nob","floor":13.0,"turns":3.0},{"damage":11.0,"enemies":"Large Slime","floor":14.0,"turns":5.0},{"damage":11.0,"enemies":"The Guardian","floor":16.0,"turns":11.0},{"damage":11.0,"enemies":"3 Byrds","floor":18.0,"turns":4.0},{"damage":2.0,"enemies":"Chosen","floor":21.0,"turns":6.0},{"damage":9.0,"enemies":"Snecko","floor":22.0,"turns":5.0},{"damage":8.0,"enemies":"Centurion and Healer","floor":24.0,"turns":5.0},{"damage":8.0,"enemies":"Sentry and Sphere","floor":25.0,"turns":6.0},{"damage":17.0,"enemies":"Slavers","floor":29.0,"turns":2.0},{"damage":32.0,"enemies":"Collector","floor":33.0,"turns":9.0},{"damage":17.0,"enemies":"3 Darklings","floor":35.0,"turns":3.0},{"damage":14.0,"enemies":"Orb Walker","floor":36.0,"turns":3.0},{"damage":0.0,"enemies":"Transient","floor":38.0,"turns":5.0},{"damage":2.0,"enemies":"Jaw Worm Horde","floor":41.0,"turns":4.0},{"damage":9.0,"enemies":"Spire Growth","floor":44.0,"turns":3.0},{"damage":6.0,"enemies":"3 Darklings","floor":46.0,"turns":3.0},{"damage":0.0,"enemies":"Transient","floor":47.0,"turns":5.0},{"damage":2,"enemies":"Sphere and 2 Shapes","floor":48,"turns":4},{"damage":60,"enemies":"Time Eater","floor":50,"turns":10}],"seed_played":"8900275232305347286","potions_obtained":[{"floor":6.0,"key":"ColorlessPotion"},{"floor":8.0,"key":"ColorlessPotion"},{"floor":10.0,"key":"GamblersBrew"},{"floor":16.0,"key":"Strength Potion"},{"floor":22.0,"key":"SteroidPotion"},{"floor":29.0,"key":"LiquidMemories"},{"floor":35.0,"key":"LiquidMemories"}],"is_trial":false,"path_per_floor":["M","?","?","?","?","E","M","M","T","M","E","$","E","M","R","B",null,"M","?","?","M","M","R","M","M","T","$","R","E","R","$","R","B",null,"M","M","$","M","?","R","M","$","T","M","R","M","M","M","R","B",null],"character_chosen":"DEFECT","items_purchased":["Hologram","MealTicket","Toxic Egg 2","Auto Shields+1","Lockon"],"campfire_rested":4,"item_purchase_floors":[12,27,31,31,42],"current_hp_per_floor":[75,75,72,57,50,50,50,48,48,47,40,40,27,16,38,27,75,64,64,64,62,53,75,67,59,59,59,59,42,64,75,75,43,75,58,44,59,59,59,59,57,72,72,63,63,57,57,55,75,15],"gold":187,"neow_bonus":"THREE_ENEMY_KILL","is_daily":false,"chose_seed":false,"campfire_upgraded":4,"win_rate":0.0,"timestamp":1609744362,"path_taken":["M","?","?","?","?","E","M","M","T","M","E","$","E","M","R","BOSS","M","?","?","M","M","R","M","?","T","$","R","E","R","$","R","BOSS","M","M","$","M","?","R","M","$","T","M","R","M","M","M","R","BOSS"],"items_purchased_type":["Card","Relic","Relic","Card","Card"],"build_version":"2020-12-22","purchased_purges":5,"victory":true,"max_hp_per_floor":[75,75,75,75,75,75,75,75,75,75,75,75,75,75,75,75,75,75,75,75,75,75,75,75,75,75,75,75,75,75,75,75,75,75,75,75,75,75,75,75,75,75,75,75,75,75,75,75,75,75],"card_choices":[{"not_picked":["Recycle","Coolheaded"],"picked":"Streamline","floor":1.0},{"not_picked":["Steam Power","Darkness"],"picked":"Cold Snap","floor":6.0},{"not_picked":["Heatsinks","Cold Snap"],"picked":"Conserve Battery","floor":7.0},{"not_picked":["Tempest","Hologram"],"picked":"Ball Lightning","floor":8.0},{"not_picked":["Rip and Tear","Sweeping Beam"],"picked":"Rebound","floor":10.0},{"not_picked":["Rebound","Barrage"],"picked":"FTL","floor":11.0},{"not_picked":["Hello World","Go for the Eyes"],"picked":"Capacitor","floor":13.0},{"not_picked":["Steam","Redo"],"picked":"Coolheaded","floor":14.0},{"not_picked":["Biased Cognition","Fission"],"picked":"Electrodynamics","floor":16.0},{"not_picked":["Beam Cell+1","Redo"],"picked":"Coolheaded+1","floor":18.0},{"not_picked":["Turbo","Ball Lightning","Rebound+1"],"picked":"SKIP","floor":21.0},{"not_picked":["Beam Cell","White Noise"],"picked":"Aggregate+1","floor":22.0},{"not_picked":["Scrape","Sweeping Beam"],"picked":"Stack","floor":23.0},{"not_picked":["Beam Cell","Ball Lightning","Hologram"],"picked":"SKIP","floor":24.0},{"not_picked":["Stack","Rip and Tear"],"picked":"Tempest","floor":25.0},{"not_picked":["Biased Cognition","Steam"],"picked":"Stack+1","floor":29.0},{"not_picked":["Ball Lightning","Sweeping Beam"],"picked":"Defragment","floor":30.0},{"not_picked":["Creative AI","All For One"],"picked":"Biased Cognition","floor":33.0},{"not_picked":["Aggregate+1","Beam Cell","Stack+1"],"picked":"SKIP","floor":35.0},{"not_picked":["Reprogram+1","Steam+1","Compile Driver"],"picked":"SKIP","floor":36.0},{"not_picked":["Leap+1","Beam Cell","Cold Snap+1"],"picked":"SKIP","floor":38.0},{"not_picked":["Cold Snap","White Noise+1"],"picked":"Loop+1","floor":41.0},{"not_picked":["Scrape","Biased Cognition"],"picked":"Steam Power+1","floor":44.0},{"not_picked":["Beam Cell","Rip and Tear","Ball Lightning+1"],"picked":"SKIP","floor":46.0},{"not_picked":["Redo+1","Darkness+1","Barrage"],"picked":"SKIP","floor":47},{"not_picked":["Redo+1","Darkness+1","Barrage"],"picked":"SKIP","floor":47},{"not_picked":["Stack+1","Rip and Tear+1","Reprogram+1"],"picked":"SKIP","floor":48},{"not_picked":["Streamline","Stack+1"],"picked":"Capacitor","floor":49}],"player_experience":46868,"relics_obtained":[{"floor":6.0,"key":"Ancient Tea Set"},{"floor":9.0,"key":"Letter Opener"},{"floor":11.0,"key":"CeramicFish"},{"floor":13.0,"key":"Smiling Mask"},{"floor":26.0,"key":"Centennial Puzzle"},{"floor":29.0,"key":"Pen Nib"}],"event_choices":[{"damage_healed":0.0,"max_hp_gain":0.0,"max_hp_loss":0.0,"gold_gain":0.0,"event_name":"Liars Game","player_choice":"Ignored","floor":2.0,"gold_loss":0.0,"damage_taken":0.0},{"damage_healed":0.0,"max_hp_gain":0.0,"max_hp_loss":0.0,"gold_gain":0.0,"event_name":"Scrap Ooze","player_choice":"Success","floor":3.0,"gold_loss":0.0,"damage_taken":3.0,"relics_obtained":["Dream Catcher"]},{"damage_healed":0.0,"max_hp_gain":0.0,"max_hp_loss":0.0,"gold_gain":0.0,"event_name":"Shining Light","player_choice":"Entered Light","floor":4.0,"gold_loss":0.0,"damage_taken":15.0,"cards_upgraded":["Defend_B","Defend_B"]},{"cards_removed":["Strike_B"],"damage_healed":0.0,"max_hp_gain":0.0,"max_hp_loss":0.0,"gold_gain":0.0,"event_name":"Golden Wing","player_choice":"Card Removal","floor":5.0,"gold_loss":0.0,"damage_taken":7.0},{"damage_healed":0.0,"max_hp_gain":0.0,"max_hp_loss":0.0,"gold_gain":0.0,"event_name":"The Mausoleum","player_choice":"Opened","floor":19.0,"gold_loss":0.0,"damage_taken":0.0,"relics_obtained":["Anchor"],"cards_obtained":["Writhe"]},{"damage_healed":0.0,"max_hp_gain":0.0,"max_hp_loss":0.0,"gold_gain":0.0,"event_name":"Upgrade Shrine","player_choice":"Upgraded","floor":20.0,"gold_loss":0.0,"damage_taken":0.0,"cards_upgraded":["Capacitor"]},{"cards_removed":["Rebound"],"damage_healed":0.0,"max_hp_gain":0.0,"max_hp_loss":0.0,"gold_gain":0.0,"event_name":"Falling","player_choice":"Removed Attack","floor":39.0,"gold_loss":0.0,"damage_taken":0.0}],"is_beta":false,"boss_relics":[{"not_picked":["Astrolabe","SacredBark"],"picked":"Velvet Choker"},{"not_picked":["Runic Pyramid","Busted Crown"],"picked":"Cursed Key"}],"items_purged_floors":[12,27,31,37,42],"is_endless":false,"potions_floor_spawned":[6,8,10,16,22,24,29,35,41,44,47,48],"ascension_level":0}}