{"host":"2se5dq1do2gp0x9k","time":1609730580,"event":{"mods":["AchievementEnabler","BaseMod","Block Reminder","Colored Map","Colored Powertips","Minty Spire (QoL Compilation)","Relic Stats","StSLib","SuperFastMode"],"gold_per_floor":[112,287,362,205,225,255,255,290,315,315,72,88,53,87,99,111,111],"floor_reached":16,"playtime":410,"items_purged":[],"score":180,"play_id":"30e04b83-c49e-4308-8a36-d7a8a12aa7fb","local_time":"20210103192300","is_ascension_mode":true,"campfire_choices":[{"data":"Scrawl","floor":7,"key":"SMITH"},{"floor":10,"key":"REST"},{"data":"Metamorphosis","floor":15,"key":"SMITH"}],"circlet_count":0,"master_deck":["AscendersBane","Strike_P","Strike_P","Strike_P","Strike_P","Defend_P","Defend_P","Defend_P","Defend_P","Eruption","Vigilance","The Bomb","CutThroughFate","Doubt","Protect","Scrawl+1","ThirdEye","Metamorphosis+1","Study","Adaptation","DeusExMachina"],"relics":["PureWater","Anchor","Damaru","Art of War","Potion Belt","MawBank"],"acts_visited":["Exordium"],"potions_floor_usage":[14],"damage_taken":[{"damage":2,"enemies":"Jaw Worm","floor":1,"turns":3},{"damage":0,"enemies":"2 Louse","floor":5,"turns":3},{"damage":20,"enemies":"Lagavulin","floor":6,"turns":7},{"damage":26,"enemies":"Gremlin Nob","floor":8,"turns":4},{"damage":1,"enemies":"Small Slimes","floor":12,"turns":3},{"damage":8,"enemies":"3 Sentries","floor":14,"turns":3},{"damage":33,"enemies":"The Guardian","floor":16,"turns":5}],"seed_played":"-4628393049482898060","potions_obtained":[{"floor":1,"key":"Energy Potion"},{"floor":5,"key":"Swift Potion"},{"floor":6,"key":"Ancient Potion"}],"is_trial":false,"path_per_floor":["M","?","?","$","M","E","R","E","T","R","$","M","?","E","R","B"],"character_chosen":"WATCHER","items_purchased":["Anchor","Metamorphosis","Study"],"campfire_rested":1,"item_purchase_floors":[4,11,11],"current_hp_per_floor":[63,63,52,52,52,32,32,6,6,25,25,24,40,32,32,0,0],"gold":111,"neow_bonus":"RANDOM_COLORLESS_2","is_daily":false,"chose_seed":false,"campfire_upgraded":2,"win_rate":0.0,"timestamp":1609730580,"path_taken":["M","?","?","?","M","E","R","E","T","R","$","M","?","E","R","BOSS"],"items_purchased_type":["Relic","Card","Card"],"build_version":"2020-12-22","purchased_purges":0,"victory":false,"max_hp_per_floor":[65,65,65,65,65,65,65,65,65,65,65,65,65,65,65,65,65],"relic_stats":{"counters":[7,28],"Art of War":[3],"MawBank":24,"obtain_stats":[{"Potion Belt":9,"Anchor":4,"Damaru":6,"Art of War":8,"PureWater":0,"MawBank":14},{"Potion Belt":4,"Anchor":1,"Damaru":3,"Art of War":4,"PureWater":0,"MawBank":6},{"Potion Belt":17,"Anchor":3,"Damaru":13,"Art of War":17,"PureWater":0,"MawBank":23}]},"card_choices":[{"not_picked":["Chrysalis","Magnetism"],"picked":"The Bomb","floor":0},{"not_picked":["CarveReality","LikeWater"],"picked":"CutThroughFate","floor":1},{"not_picked":["WheelKick","Consecrate"],"picked":"Protect","floor":5},{"not_picked":["FlurryOfBlows","TalkToTheHand"],"picked":"Scrawl","floor":6},{"not_picked":["CarveReality","EmptyFist"],"picked":"ThirdEye","floor":8},{"not_picked":["ClearTheMind","Consecrate"],"picked":"Adaptation","floor":12},{"not_picked":["DeceiveReality","ForeignInfluence"],"picked":"DeusExMachina","floor":14}],"player_experience":3758803,"relics_obtained":[{"floor":6,"key":"Damaru"},{"floor":8,"key":"Art of War"},{"floor":9,"key":"Potion Belt"},{"floor":14,"key":"MawBank"}],"event_choices":[{"damage_healed":0,"gold_gain":175,"player_choice":"AGREE","damage_taken":0,"max_hp_gain":0,"max_hp_loss":0,"event_name":"Liars Game","floor":2,"gold_loss":0,"cards_obtained":["Doubt"]},{"damage_healed":0,"gold_gain":75,"player_choice":"Gather Gold","damage_taken":11,"max_hp_gain":0,"max_hp_loss":0,"event_name":"World of Goop","floor":3,"gold_loss":0},{"damage_healed":16,"gold_gain":0,"player_choice":"Healed","damage_taken":0,"max_hp_gain":0,"max_hp_loss":0,"event_name":"The Cleric","floor":13,"gold_loss":35}],"is_beta":false,"boss_relics":[],"items_purged_floors":[],"is_endless":false,"potions_floor_spawned":[1,5,6],"killed_by":"The Guardian","ascension_level":11}}