{"host":"yiit85oc4oi3nqs8","time":1609769282,"event":{"mods":["AchievementEnabler","BaseMod","Better Third Choice","Block Reminder","DeckTracker","Highlight Path","Keyboard Shortcuts","Minty Spire (QoL Compilation)","MonsterHotkey","Quick Restart","Random Character Button","Relic Stats","StSLib"],"gold_per_floor":[363,363,98,98,111,111,186,206,222,222,236,74,74,74,109,70,88,88,113,113,135,135,135,157,157,157,177,177,177,204,230,230,230,315,342,367,382,101,23,23,33,53,53,81,81,92,92,125,125,125,125,125,141,175,188,197,197,217,217,217,217,302,302,318,318,336,303,354,279,298,298,156,156,156,156,197,197,313,313,361,361,361,361,379,379,406,421,455,474,474,474,474,474,474,474,301,32,59,59],"floor_reached":100,"playtime":4165,"items_purged":["Defend_G","Defend_G"],"score":2856,"play_id":"1347152a-d70a-4673-96ad-51471ddaf00c","local_time":"20210104230802","is_ascension_mode":true,"campfire_choices":[{"floor":13.0,"key":"REST"},{"data":"Neutralize","floor":14.0,"key":"SMITH"},{"data":"Accuracy","floor":22.0,"key":"SMITH"},{"data":"Noxious Fumes","floor":23.0,"key":"SMITH"},{"data":"Tools of the Trade","floor":26.0,"key":"SMITH"},{"data":"A Thousand Cuts","floor":28.0,"key":"SMITH"},{"floor":32.0,"key":"REST"},{"data":"Cloak And Dagger","floor":33.0,"key":"SMITH"},{"data":"Cloak And Dagger","floor":43.0,"key":"SMITH"},{"floor":45.0,"key":"REST"},{"data":"Storm of Steel","floor":47.0,"key":"SMITH"},{"data":"Cloak And Dagger","floor":51.0,"key":"SMITH"},{"data":"Blade Dance","floor":52.0,"key":"SMITH"},{"data":"Terror","floor":59.0,"key":"SMITH"},{"data":"Blade Dance","floor":60.0,"key":"SMITH"},{"floor":61.0,"key":"RECALL"},{"data":"Envenom","floor":74.0,"key":"SMITH"},{"data":"After Image","floor":75.0,"key":"SMITH"},{"data":"Accuracy","floor":77.0,"key":"SMITH"},{"data":"Madness","floor":79.0,"key":"SMITH"},{"data":"Madness","floor":82.0,"key":"SMITH"},{"data":"Well Laid Plans","floor":83.0,"key":"SMITH"},{"data":"Survivor","floor":90.0,"key":"SMITH"},{"data":"Defend_G","floor":91.0,"key":"SMITH"},{"data":"Defend_G","floor":92.0,"key":"SMITH"},{"data":"Defend_G","floor":95.0,"key":"SMITH"}],"circlet_count":0,"master_deck":["AscendersBane","Defend_G+1","Defend_G+1","Defend_G+1","Survivor+1","Neutralize+1","Accuracy+1","Blade Dance+1","A Thousand Cuts+1","Blade Dance+1","Cloak And Dagger+1","Noxious Fumes+1","Cloak And Dagger+1","Tools of the Trade+1","Cloak And Dagger+1","Storm of Steel+1","All Out Attack+1","Predator+1","Phantasmal Killer+1","Well Laid Plans+1","Infinite Blades","Terror+1","Infinite Blades","After Image+1","Madness+1","Madness+1","Accuracy+1","Envenom+1","Cloak And Dagger+1"],"relics":["Ring of the Snake","Question Card","Nunchaku","Vajra","Mercury Hourglass","CeramicFish","White Beast Statue","Odd Mushroom","Astrolabe","Ornamental Fan","Regal Pillow","Whetstone","Toy Ornithopter","Eternal Feather","Oddly Smooth Stone","Busted Crown","TungstenRod","Shuriken","Mercury Hourglass","Art of War","Gremlin Horn","HornCleat","Snake Skull","Anchor","Pen Nib"],"acts_visited":["Exordium","TheCity","TheBeyond","TheEnding"],"potions_floor_usage":[98,99],"damage_taken":[{"damage":22.0,"enemies":"Jaw Worm","floor":1.0,"turns":7.0},{"damage":8.0,"enemies":"Small Slimes","floor":5.0,"turns":5.0},{"damage":0.0,"enemies":"2 Louse","floor":8.0,"turns":2.0},{"damage":23.0,"enemies":"Exordium Thugs","floor":9.0,"turns":5.0},{"damage":11.0,"enemies":"Red Slaver","floor":11.0,"turns":5.0},{"damage":6.0,"enemies":"Gremlin Nob","floor":15.0,"turns":3.0},{"damage":0.0,"enemies":"Looter","floor":17.0,"turns":2.0},{"damage":0.0,"enemies":"3 Louse","floor":21.0,"turns":2.0},{"damage":0.0,"enemies":"Blue Slaver","floor":24.0,"turns":2.0},{"damage":0.0,"enemies":"3 Louse","floor":27.0,"turns":2.0},{"damage":0.0,"enemies":"Blue Slaver","floor":30.0,"turns":4.0},{"damage":0.0,"enemies":"The Mushroom Lair","floor":31.0,"turns":2.0},{"damage":0.0,"enemies":"Slime Boss","floor":34.0,"turns":4.0},{"damage":16.0,"enemies":"Shell Parasite","floor":36.0,"turns":4.0},{"damage":0.0,"enemies":"Chosen","floor":37.0,"turns":2.0},{"damage":0.0,"enemies":"Shelled Parasite and Fungi","floor":41.0,"turns":2.0},{"damage":21.0,"enemies":"Snake Plant","floor":42.0,"turns":4.0},{"damage":10.0,"enemies":"Book of Stabbing","floor":44.0,"turns":3.0},{"damage":0.0,"enemies":"Cultist and Chosen","floor":46.0,"turns":3.0},{"damage":0.0,"enemies":"Gremlin Leader","floor":48.0,"turns":3.0},{"damage":8.0,"enemies":"Sentry and Sphere","floor":53.0,"turns":4.0},{"damage":8.0,"enemies":"Book of Stabbing","floor":54.0,"turns":3.0},{"damage":8.0,"enemies":"3 Cultists","floor":55.0,"turns":3.0},{"damage":5.0,"enemies":"Centurion and Healer","floor":58.0,"turns":3.0},{"damage":1.0,"enemies":"Collector","floor":62.0,"turns":5.0},{"damage":0.0,"enemies":"3 Darklings","floor":64.0,"turns":3.0},{"damage":4.0,"enemies":"2 Orb Walkers","floor":68.0,"turns":4.0},{"damage":3.0,"enemies":"3 Shapes","floor":70.0,"turns":4.0},{"damage":19.0,"enemies":"Reptomancer","floor":76.0,"turns":5.0},{"damage":0.0,"enemies":"Jaw Worm Horde","floor":84.0,"turns":3.0},{"damage":0.0,"enemies":"Giant Head","floor":86.0,"turns":3.0},{"damage":23.0,"enemies":"Spire Growth","floor":87.0,"turns":4.0},{"damage":3.0,"enemies":"Nemesis","floor":88.0,"turns":5.0},{"damage":0.0,"enemies":"Transient","floor":89.0,"turns":6.0},{"damage":27.0,"enemies":"Time Eater","floor":93.0,"turns":6.0},{"damage":9,"enemies":"Shield and Spear","floor":98,"turns":5},{"damage":47,"enemies":"The Heart","floor":99,"turns":6}],"seed_played":"-4714699704156342469","potions_obtained":[{"floor":1.0,"key":"LiquidBronze"},{"floor":5.0,"key":"Fruit Juice"},{"floor":9.0,"key":"SpeedPotion"},{"floor":15.0,"key":"DuplicationPotion"},{"floor":21.0,"key":"AttackPotion"},{"floor":27.0,"key":"Regen Potion"},{"floor":30.0,"key":"Fire Potion"},{"floor":31.0,"key":"Regen Potion"},{"floor":34.0,"key":"Strength Potion"},{"floor":36.0,"key":"SneckoOil"},{"floor":41.0,"key":"ColorlessPotion"},{"floor":42.0,"key":"Dexterity Potion"},{"floor":44.0,"key":"Strength Potion"},{"floor":46.0,"key":"DistilledChaos"},{"floor":48.0,"key":"ColorlessPotion"},{"floor":53.0,"key":"DistilledChaos"},{"floor":54.0,"key":"Fire Potion"},{"floor":55.0,"key":"Dexterity Potion"},{"floor":62.0,"key":"Strength Potion"},{"floor":68.0,"key":"Explosive Potion"},{"floor":70.0,"key":"SmokeBomb"},{"floor":76.0,"key":"Weak Potion"},{"floor":78.0,"key":"FairyPotion"},{"floor":84.0,"key":"DuplicationPotion"},{"floor":98,"key":"Poison Potion"}],"is_trial":false,"path_per_floor":["M","$","$","?","M","?","?","M","M","?","M","$","R","R","E","$","M","$","T","T","M","R","R","M","?","R","M","R","?","M","?","R","R","B",null,"M","M","$","$","?","M","M","R","E","R","M","R","E","T","T","R","R","M","E","M","?","?","M","R","R","R","B",null,"M","?","?","$","?","$","M","?","$","?","R","R","E","R","?","R","T","T","R","R","M","?","E","M","E","M","R","R","R","B",null,"R","$","$","E","B",null],"character_chosen":"THE_SILENT","items_purchased":["Question Card","Vajra","Noxious Fumes","Ornamental Fan","Infinite Blades","Accuracy","Envenom","Snake Skull","Anchor"],"campfire_rested":3,"item_purchase_floors":[3,12,16,38,39,67,72,96,97],"current_hp_per_floor":[37,37,37,57,49,49,38,38,15,15,4,4,23,23,17,17,17,17,17,17,17,17,17,17,17,17,17,17,17,29,29,48,48,48,61,56,56,56,56,56,56,35,35,25,59,59,59,59,59,59,65,65,57,54,51,51,51,46,61,65,65,65,65,65,65,53,53,59,59,61,61,61,61,65,65,46,64,64,65,65,65,65,65,65,65,65,42,39,39,57,65,65,38,58,65,65,65,56,14],"gold":59,"neow_bonus":"TWO_FIFTY_GOLD","is_daily":false,"chose_seed":false,"campfire_upgraded":22,"win_rate":0.0,"timestamp":1609769282,"path_taken":["M","$","$","?","M","?","?","M","?","?","M","?","R","R","E","$","M","$","T","T","M","R","R","?","?","R","M","R","?","M","?","R","R","BOSS","M","M","$","$","?","M","M","R","E","R","M","R","E","T","T","R","R","M","E","M","?","?","M","R","R","R","BOSS","M","?","?","$","?","$","?","?","?","?","R","R","E","R","?","R","T","T","R","R","?","?","E","M","E","M","R","R","R","BOSS","R","$","$","E","BOSS"],"items_purchased_type":["Relic","Relic","Card","Relic","Card","Card","Card","Relic","Relic"],"build_version":"2020-12-22","purchased_purges":2,"victory":true,"max_hp_per_floor":[60,60,60,60,60,65,65,65,65,65,65,65,65,65,65,65,65,65,65,65,65,65,65,65,65,65,65,65,65,65,65,65,65,65,65,65,65,65,65,65,65,65,65,65,65,65,65,65,65,65,65,65,65,65,65,65,65,65,65,65,65,65,65,65,65,65,65,65,65,65,65,65,65,65,65,65,65,65,65,65,65,65,65,65,65,65,65,65,65,65,65,65,65,65,65,65,65,65,65],"relic_stats":{"Regal Pillow":15,"Gremlin Horn":[1,1],"counters":[37,137],"CeramicFish":153,"Astrolabe":["All Out Attack","Predator","Phantasmal Killer"],"Eternal Feather":81,"Snake Skull":[27],"Pen Nib":[2],"Whetstone":["Strike_G"],"Question Card":35,"Mercury Hourglass":[525],"Nunchaku":[43],"Busted Crown":22,"Ornamental Fan":[324],"Shuriken":[32],"Art of War":[3],"obtain_stats":[{"Regal Pillow":44,"Gremlin Horn":86,"CeramicFish":19,"Astrolabe":35,"Vajra":12,"Oddly Smooth Stone":54,"Eternal Feather":50,"Snake Skull":96,"Pen Nib":98,"Whetstone":48,"Odd Mushroom":31,"Question Card":3,"White Beast Statue":20,"Mercury Hourglass":15,"Nunchaku":6,"Anchor":97,"Busted Crown":63,"HornCleat":88,"Ornamental Fan":38,"Shuriken":76,"Art of War":81,"Toy Ornithopter":49,"TungstenRod":68,"Ring of the Snake":0},{"Regal Pillow":18,"Gremlin Horn":31,"CeramicFish":7,"Astrolabe":13,"Vajra":5,"Oddly Smooth Stone":22,"Eternal Feather":20,"Snake Skull":35,"Pen Nib":36,"Whetstone":20,"Odd Mushroom":12,"Question Card":1,"White Beast Statue":7,"Mercury Hourglass":6,"Nunchaku":2,"Anchor":35,"Busted Crown":25,"HornCleat":33,"Ornamental Fan":15,"Shuriken":29,"Art of War":29,"Toy Ornithopter":20,"TungstenRod":27,"Ring of the Snake":0},{"Regal Pillow":59,"Gremlin Horn":105,"CeramicFish":29,"Astrolabe":45,"Vajra":24,"Oddly Smooth Stone":72,"Eternal Feather":65,"Snake Skull":126,"Pen Nib":131,"Whetstone":65,"Odd Mushroom":41,"Question Card":7,"White Beast Statue":29,"Mercury Hourglass":27,"Nunchaku":12,"Anchor":126,"Busted Crown":83,"HornCleat":114,"Ornamental Fan":51,"Shuriken":99,"Art of War":99,"Toy Ornithopter":65,"TungstenRod":90,"Ring of the Snake":0}],"Toy Ornithopter":31,"TungstenRod":24,"Ring of the Snake":[74]},"card_choices":[{"not_picked":["Tactician","Acrobatics"],"picked":"Accuracy","floor":1.0},{"not_picked":["Sucker Punch","Acrobatics","PiercingWail"],"picked":"Blade Dance","floor":5.0},{"not_picked":["Dodge and Roll","Setup","Deadly Poison","Backstab"],"picked":"SKIP","floor":8.0},{"not_picked":["Dodge and Roll","Blade Dance","Setup"],"picked":"A Thousand Cuts","floor":9.0},{"not_picked":["Deadly Poison","Backflip","Dodge and Roll"],"picked":"Blade Dance","floor":11.0},{"not_picked":["Poisoned Stab","Outmaneuver","Expertise"],"picked":"Cloak And Dagger","floor":15.0},{"not_picked":["Acrobatics","Dodge and Roll","Escape Plan","Outmaneuver"],"picked":"SKIP","floor":17.0},{"not_picked":["Outmaneuver","Quick Slash","Deadly Poison"],"picked":"Cloak And Dagger","floor":21.0},{"not_picked":["Dash","Deflect","Sucker Punch"],"picked":"Tools of the Trade","floor":24.0},{"not_picked":["Blur","Flying Knee","Dagger Throw","Dash"],"picked":"SKIP","floor":27.0},{"not_picked":["Setup","Underhanded Strike","Tactician"],"picked":"Cloak And Dagger","floor":30.0},{"not_picked":["Unload","Doppelganger","Glass Knife"],"picked":"Storm of Steel","floor":34.0},{"not_picked":["Poisoned Stab","Acrobatics","Dagger Spray+1"],"picked":"Well Laid Plans","floor":36.0},{"not_picked":["Backflip","Underhanded Strike","Outmaneuver","Skewer"],"picked":"SKIP","floor":37.0},{"not_picked":["PiercingWail","Bane+1","Dodge and Roll","Catalyst"],"picked":"SKIP","floor":41.0},{"not_picked":["Unload","Dodge and Roll","Flying Knee","Prepared"],"picked":"SKIP","floor":42.0},{"not_picked":["Prepared+1","Dagger Throw","PiercingWail","Choke"],"picked":"SKIP","floor":44.0},{"not_picked":["Blade Dance+1","Bane","Prepared","Escape Plan"],"picked":"SKIP","floor":46.0},{"not_picked":["Night Terror","Masterful Stab","Expertise","Blade Dance"],"picked":"SKIP","floor":48.0},{"not_picked":["Bane","Eviscerate","Sucker Punch","Tactician"],"picked":"SKIP","floor":53.0},{"not_picked":["Masterful Stab","Skewer","Dash"],"picked":"Terror","floor":54.0},{"not_picked":["Deadly Poison","Expertise","Flying Knee","Sucker Punch+1"],"picked":"SKIP","floor":55.0},{"not_picked":["Expertise+1","Quick Slash","Dash","Outmaneuver"],"picked":"SKIP","floor":58.0},{"not_picked":["Doppelganger","Die Die Die","Adrenaline"],"picked":"After Image","floor":62.0},{"not_picked":["Quick Slash","Dodge and Roll+1"],"picked":"SKIP","floor":64.0},{"not_picked":["Outmaneuver","Skewer"],"picked":"SKIP","floor":70.0},{"not_picked":["Poisoned Stab"],"picked":"Cloak And Dagger+1","floor":76.0},{"not_picked":["Trip","Flash of Steel"],"picked":"SKIP","floor":78.0},{"not_picked":["Backstab","Outmaneuver+1"],"picked":"SKIP","floor":84.0},{"not_picked":["Caltrops","Blur"],"picked":"SKIP","floor":86.0},{"not_picked":["Infinite Blades","Deflect+1"],"picked":"SKIP","floor":87.0},{"not_picked":["Dagger Throw+1","Prepared"],"picked":"SKIP","floor":88.0},{"not_picked":["Flying Knee+1","Quick Slash+1"],"picked":"SKIP","floor":89.0},{"not_picked":["Heel Hook","Unload"],"picked":"SKIP","floor":98}],"player_experience":446854,"relics_obtained":[{"floor":15.0,"key":"Mercury Hourglass"},{"floor":19.0,"key":"CeramicFish"},{"floor":20.0,"key":"White Beast Statue"},{"floor":31.0,"key":"Odd Mushroom"},{"floor":44.0,"key":"Regal Pillow"},{"floor":48.0,"key":"Whetstone"},{"floor":49.0,"key":"Toy Ornithopter"},{"floor":50.0,"key":"Eternal Feather"},{"floor":54.0,"key":"Oddly Smooth Stone"},{"floor":68.0,"key":"TungstenRod"},{"floor":76.0,"key":"Shuriken"},{"floor":78.0,"key":"Mercury Hourglass"},{"floor":81.0,"key":"Art of War"},{"floor":86.0,"key":"Gremlin Horn"},{"floor":88.0,"key":"HornCleat"},{"floor":98,"key":"Pen Nib"}],"event_choices":[{"damage_healed":20.0,"max_hp_gain":0.0,"max_hp_loss":0.0,"gold_gain":0.0,"event_name":"Big Fish","player_choice":"Banana","floor":4.0,"gold_loss":0.0,"damage_taken":0.0},{"damage_healed":0.0,"max_hp_gain":0.0,"max_hp_loss":0.0,"gold_gain":0.0,"event_name":"betterThird:BetterScrap","player_choice":"Relic ","floor":6.0,"gold_loss":0.0,"damage_taken":5.0,"cards_obtained":["Second Wind"]},{"damage_healed":0.0,"max_hp_gain":0.0,"max_hp_loss":0.0,"gold_gain":75.0,"event_name":"betterThird:BetterGoop","player_choice":"Gold","floor":7.0,"gold_loss":0.0,"damage_taken":11.0},{"cards_removed":["Strike_G"],"damage_healed":0.0,"max_hp_gain":0.0,"max_hp_loss":0.0,"gold_gain":0.0,"event_name":"Bonfire Elementals","player_choice":"Offered Basic","floor":10.0,"gold_loss":0.0,"damage_taken":0.0},{"damage_healed":0.0,"max_hp_gain":0.0,"max_hp_loss":0.0,"gold_gain":0.0,"event_name":"betterThird:BetterSerpent","player_choice":"Ignored","floor":29.0,"gold_loss":0.0,"damage_taken":177.0},{"damage_healed":0.0,"max_hp_gain":0.0,"max_hp_loss":0.0,"gold_gain":0.0,"event_name":"Mushrooms","player_choice":"Fought Mushrooms","floor":31.0,"gold_loss":0.0,"damage_taken":0.0},{"damage_healed":0.0,"max_hp_gain":0.0,"max_hp_loss":0.0,"gold_gain":0.0,"event_name":"The Library","player_choice":"Read","floor":56.0,"gold_loss":0.0,"damage_taken":0.0,"cards_obtained":["Infinite Blades"]},{"damage_healed":0.0,"max_hp_gain":0.0,"max_hp_loss":0.0,"gold_gain":0.0,"event_name":"Cursed Tome","player_choice":"Ignored","floor":57.0,"gold_loss":0.0,"damage_taken":0.0},{"cards_removed":["Strike_G"],"damage_healed":0.0,"max_hp_gain":0.0,"max_hp_loss":0.0,"gold_gain":0.0,"event_name":"Falling","player_choice":"Removed Attack","floor":65.0,"gold_loss":0.0,"damage_taken":0.0},{"damage_healed":0.0,"max_hp_gain":0.0,"max_hp_loss":0.0,"gold_gain":0.0,"event_name":"Winding Halls","player_choice":"Embrace Madness","floor":66.0,"gold_loss":0.0,"damage_taken":12.0,"cards_obtained":["Madness","Madness"]},{"damage_healed":0.0,"max_hp_gain":0.0,"max_hp_loss":0.0,"gold_gain":0.0,"event_name":"Mysterious Sphere","player_choice":"Fight","floor":68.0,"gold_loss":0.0,"damage_taken":0.0},{"damage_healed":0.0,"max_hp_gain":0.0,"max_hp_loss":0.0,"gold_gain":0.0,"event_name":"betterThird:BetterPortal","player_choice":"Random: Red","floor":78.0,"gold_loss":0.0,"damage_taken":0.0}],"is_beta":false,"boss_relics":[{"not_picked":["Tiny House","Cursed Key"],"picked":"Astrolabe"},{"not_picked":["Runic Dome","Ring of the Serpent"],"picked":"Busted Crown"}],"items_purged_floors":[69,97],"is_endless":false,"potions_floor_spawned":[1,5,9,15,21,24,27,30,31,34,36,37,41,42,44,46,48,53,54,55,58,62,64,68,70,76,84,86,87,88,89,98],"ascension_level":18}}