{"host":"54vghy6hfkyy1r39","time":1609752798,"event":{"mods":["AchievementEnabler","BaseMod","Minty Spire (QoL Compilation)","StSLib","SuperFastMode","everything is the same but u backflip on backflip"],"gold_per_floor":[109,122,30,44,44,44,70,19,19,19,19,30,30,60,60,159,159,179,104,104,4,14,14,14],"floor_reached":23,"playtime":595,"items_purged":["Strike_P","Strike_P"],"score":227,"play_id":"285eea92-7777-4eaa-ac4a-4f34b9d54c77","local_time":"20210104183318","is_ascension_mode":true,"campfire_choices":[{"data":"Adaptation","floor":6,"key":"SMITH"},{"data":"FlurryOfBlows","floor":10,"key":"SMITH"},{"floor":13,"key":"REST"},{"floor":15,"key":"REST"}],"circlet_count":0,"master_deck":["Strike_P","Strike_P","Defend_P","Defend_P","Defend_P","Defend_P","Eruption+1","Vigilance","Adaptation+1","FlurryOfBlows+1","TalkToTheHand","ClearTheMind","EmptyBody","Adaptation","Necronomicurse","PathToVictory+1"],"relics":["PureWater","NeowsBlessing","InkBottle","Strawberry","Du-Vu Doll","Runic Pyramid","Necronomicon"],"acts_visited":["Exordium","TheCity"],"potions_floor_usage":[7,16],"damage_taken":[{"damage":0,"enemies":"Cultist","floor":1,"turns":1},{"damage":0,"enemies":"2 Louse","floor":2,"turns":1},{"damage":0,"enemies":"Jaw Worm","floor":4,"turns":1},{"damage":32,"enemies":"Lagavulin","floor":7,"turns":6},{"damage":21,"enemies":"Exordium Thugs","floor":12,"turns":4},{"damage":17,"enemies":"3 Sentries","floor":14,"turns":9},{"damage":62,"enemies":"Slime Boss","floor":16,"turns":13},{"damage":46,"enemies":"2 Thieves","floor":18,"turns":5},{"damage":1,"enemies":"Spheric Guardian","floor":22,"turns":3},{"damage":55,"enemies":"Book of Stabbing","floor":23,"turns":3}],"seed_played":"5616848300133498667","potions_obtained":[{"floor":1,"key":"ColorlessPotion"},{"floor":7,"key":"AttackPotion"},{"floor":16,"key":"SpeedPotion"},{"floor":22,"key":"BlessingOfTheForge"}],"is_trial":false,"path_per_floor":["M","M","$","M","?","R","E","$","T","R","?","M","R","E","R","B",null,"M","$","?","$","M","E"],"character_chosen":"WATCHER","items_purchased":["Adaptation","FlurryOfBlows","EmptyBody"],"campfire_rested":2,"item_purchase_floors":[3,3,8],"current_hp_per_floor":[72,72,72,72,72,72,40,40,47,47,52,31,56,39,64,2,84,38,38,22,22,21,0,0],"gold":14,"neow_bonus":"THREE_ENEMY_KILL","is_daily":false,"chose_seed":false,"campfire_upgraded":2,"win_rate":0.0,"timestamp":1609752798,"path_taken":["M","?","$","M","?","R","E","$","T","R","?","?","R","E","R","BOSS","M","$","?","?","M","E"],"items_purchased_type":["Card","Card","Card"],"build_version":"2020-12-22","purchased_purges":2,"victory":false,"max_hp_per_floor":[72,72,72,72,72,72,72,72,79,79,84,84,84,84,84,84,84,84,84,84,84,84,84,84],"card_choices":[{"not_picked":["WaveOfTheHand","Evaluate","Worship"],"picked":"SKIP","floor":1},{"not_picked":["BowlingBash","SandsOfTime","ThirdEye"],"picked":"SKIP","floor":2},{"not_picked":["EmptyFist","ThirdEye"],"picked":"TalkToTheHand","floor":4},{"not_picked":["SandsOfTime","CrushJoints"],"picked":"ClearTheMind","floor":7},{"not_picked":["Pray","Worship","Evaluate"],"picked":"SKIP","floor":12},{"not_picked":["Alpha","EmptyBody"],"picked":"Adaptation","floor":14},{"not_picked":["CutThroughFate+1","EmptyMind+1","Study"],"picked":"SKIP","floor":18},{"not_picked":["CutThroughFate","Protect"],"picked":"PathToVictory+1","floor":22}],"player_experience":185744,"relics_obtained":[{"floor":7,"key":"InkBottle"},{"floor":9,"key":"Strawberry"},{"floor":14,"key":"Du-Vu Doll"},{"floor":20,"key":"Necronomicon"}],"event_choices":[{"damage_healed":0,"gold_gain":0,"player_choice":"Grow","damage_taken":0,"max_hp_gain":0,"max_hp_loss":0,"event_name":"Living Wall","floor":5,"gold_loss":0,"cards_upgraded":["Eruption"]},{"damage_healed":0,"gold_gain":0,"player_choice":"Donut","damage_taken":0,"max_hp_gain":5,"max_hp_loss":0,"event_name":"Big Fish","floor":11,"gold_loss":0},{"damage_healed":0,"gold_gain":0,"player_choice":"Obtained Book","damage_taken":16,"max_hp_gain":0,"max_hp_loss":0,"event_name":"Cursed Tome","floor":20,"gold_loss":0}],"is_beta":false,"boss_relics":[{"not_picked":["Velvet Choker","Ectoplasm"],"picked":"Runic Pyramid"}],"items_purged_floors":[19,21],"is_endless":false,"potions_floor_spawned":[1,7,16,22],"killed_by":"Book of Stabbing","ascension_level":3}}