{"host":"9ndbo4kgsfoemf7y","time":1609778537,"event":{"mods":["AchievementEnabler","BaseMod","Colored Map","DeckTracker","Keyboard Shortcuts","Minty Spire (QoL Compilation)","Permanent Neow","Quick Restart","Relic Stats","StSLib","SuperFastMode"],"gold_per_floor":[119,131,14,25,44,69,84,84,84],"floor_reached":8,"playtime":298,"items_purged":["Strike_R"],"score":120,"play_id":"1db28913-426f-440e-9c74-a33d9a1bdf88","local_time":"20210105014217","is_ascension_mode":true,"campfire_choices":[],"circlet_count":0,"master_deck":["AscendersBane","Strike_R","Strike_R","Strike_R","Strike_R","Defend_R","Defend_R","Defend_R","Defend_R","Bash","Blood for Blood","Pommel Strike","Cleave","Uppercut","Perfected Strike","Second Wind","Twin Strike","Dark Embrace"],"relics":["Burning Blood","Bottled Flame"],"acts_visited":["Exordium"],"potions_floor_usage":[8],"damage_taken":[{"damage":9.0,"enemies":"2 Louse","floor":1.0,"turns":3.0},{"damage":4.0,"enemies":"Small Slimes","floor":2.0,"turns":3.0},{"damage":1.0,"enemies":"Cultist","floor":4.0,"turns":4.0},{"damage":12.0,"enemies":"Lots of Slimes","floor":5.0,"turns":4.0},{"damage":45.0,"enemies":"3 Sentries","floor":6.0,"turns":8.0},{"damage":10.0,"enemies":"Exordium Wildlife","floor":7.0,"turns":3.0},{"damage":29,"enemies":"Gremlin Nob","floor":8,"turns":3}],"seed_played":"4940526294905988294","potions_obtained":[{"floor":2.0,"key":"Swift Potion"},{"floor":5.0,"key":"Energy Potion"}],"is_trial":false,"path_per_floor":["M","M","$","M","M","E","M","E"],"character_chosen":"IRONCLAD","items_purchased":["Uppercut"],"campfire_rested":0,"item_purchase_floors":[3],"current_hp_per_floor":[65,67,67,72,66,27,23,0,0],"gold":84,"neow_bonus":"THREE_CARDS","is_daily":false,"chose_seed":false,"campfire_upgraded":0,"win_rate":0.0,"timestamp":1609778537,"path_taken":["M","M","$","M","M","E","M","E"],"items_purchased_type":["Card"],"build_version":"2020-12-22","purchased_purges":1,"victory":false,"max_hp_per_floor":[75,75,75,75,75,75,75,75,75],"relic_stats":{"counters":[7,28],"obtain_stats":[{"Bottled Flame":6,"Burning Blood":0},{"Bottled Flame":5,"Burning Blood":0},{"Bottled Flame":22,"Burning Blood":0}],"Burning Blood":36},"card_choices":[{"not_picked":["Dark Embrace","Flame Barrier"],"picked":"Blood for Blood","floor":0.0},{"not_picked":["Second Wind","Disarm"],"picked":"Pommel Strike","floor":1.0},{"not_picked":["Armaments","Flame Barrier"],"picked":"Cleave","floor":2.0},{"not_picked":["Feel No Pain","Clash"],"picked":"Perfected Strike","floor":4.0},{"not_picked":["Clash","Fire Breathing"],"picked":"Second Wind","floor":5.0},{"not_picked":["Anger","Flex"],"picked":"Twin Strike","floor":6.0},{"not_picked":["Pommel Strike","Havoc"],"picked":"Dark Embrace","floor":7.0}],"player_experience":777778,"relics_obtained":[{"floor":6.0,"key":"Bottled Flame"}],"event_choices":[],"is_beta":false,"boss_relics":[],"items_purged_floors":[3],"is_endless":false,"potions_floor_spawned":[2,5,6],"killed_by":"Gremlin Nob","ascension_level":20}}