{"host":"sxnl403xm2xmiyj1","time":1609765659,"event":{"mods":["BaseMod","Colored Map","Keyboard Shortcuts","Lobotomy","Minty Spire (QoL Compilation)","Quick Restart","StSLib","SuperFastMode"],"gold_per_floor":[116,116,128,145,95,95,108,108,178,178,195,215,26,52,52,157,207,221,40,54,72,88,88,88],"floor_reached":23,"playtime":719,"items_purged":["Strike_B"],"score":220,"play_id":"29f22ae8-a118-49a6-81e1-fd4c594ee023","local_time":"20210104220739","is_ascension_mode":false,"campfire_choices":[{"data":"Zap","floor":6,"key":"SMITH"},{"data":"Genetic Algorithm","floor":8,"key":"SMITH"},{"data":"Dualcast","floor":10,"key":"SMITH"},{"data":"Capacitor","floor":15,"key":"SMITH"}],"circlet_count":0,"master_deck":["Strike_B+1","Strike_B","Defend_B","Defend_B","Defend_B","Defend_B","Zap+1","Dualcast+1","Genetic Algorithm+1","FieryBird","Ball Lightning","SpiderBud","FTL","OSAHOGD","Ball Lightning","OldLady","SnowQueen","Capacitor+1","GalaxyChild","Echo Form","Capacitor","Aggregate","Coolheaded","Scarecrow","Electrodynamics","LittleHelper","Barrage","GreedKing","Conserve Battery+1","Self Repair","Self Repair","Heatsinks","Ball Lightning","SingingMachine","Conserve Battery","Laetitia","Force Field","DreamingCurrent"],"relics":["Cracked Core","CogitoBucket","The Courier","AdjustmentMirror","Blood Vial","Tiny House","ResearcherNote"],"acts_visited":["Exordium","TheCity"],"potions_floor_usage":[12,12,12,21],"damage_taken":[{"damage":1,"enemies":"Jaw Worm","floor":1,"turns":4},{"damage":5,"enemies":"Cultist","floor":3,"turns":4},{"damage":9,"enemies":"Small Slimes","floor":4,"turns":3},{"damage":4,"enemies":"2 Fungi Beasts","floor":7,"turns":3},{"damage":5,"enemies":"Looter","floor":11,"turns":2},{"damage":18,"enemies":"Red Slaver","floor":12,"turns":3},{"damage":20,"enemies":"Lagavulin","floor":14,"turns":5},{"damage":28,"enemies":"Hexaghost","floor":16,"turns":10},{"damage":42,"enemies":"2 Thieves","floor":18,"turns":4},{"damage":37,"enemies":"3 Byrds","floor":20,"turns":5},{"damage":28,"enemies":"Snecko","floor":21,"turns":3},{"damage":32,"enemies":"Chosen and Byrds","floor":22,"turns":7},{"damage":49,"enemies":"Slavers","floor":23,"turns":2}],"seed_played":"409880123114753452","potions_obtained":[{"floor":3,"key":"DistilledChaos"},{"floor":4,"key":"Fire Potion"},{"floor":7,"key":"ColorlessPotion"},{"floor":11,"key":"Explosive Potion"},{"floor":20,"key":"PowerPotion"}],"is_trial":false,"path_per_floor":["M","?","M","M","?","R","M","R","T","R","M","M","$","E","R","B",null,"M","$","M","M","M","E"],"character_chosen":"DEFECT","items_purchased":["Capacitor","Aggregate","Self Repair","Self Repair","Heatsinks"],"campfire_rested":0,"item_purchase_floors":[13,13,19,19,19],"current_hp_per_floor":[74,74,69,60,60,60,56,56,56,56,51,33,33,13,13,14,80,46,46,41,29,29,0,0],"gold":88,"neow_bonus":"","is_daily":false,"chose_seed":false,"campfire_upgraded":4,"win_rate":0.0,"timestamp":1609765659,"path_taken":["M","?","?","M","?","R","M","R","T","R","M","M","$","E","R","BOSS","M","$","M","M","M","E"],"items_purchased_type":["Card","Card","Card","Card","Card"],"build_version":"2020-12-22","purchased_purges":1,"victory":false,"max_hp_per_floor":[75,75,75,75,75,75,75,75,75,75,75,75,75,75,75,75,80,80,80,80,80,80,80,80],"card_choices":[{"not_picked":["Blizzard","Tempest"],"picked":"Genetic Algorithm","floor":1},{"not_picked":["MHz","Murderer"],"picked":"FieryBird","floor":1},{"not_picked":["Steam","Redo"],"picked":"Ball Lightning","floor":3},{"not_picked":["SingingMachine","MHz"],"picked":"SpiderBud","floor":3},{"not_picked":["Aggregate","Go for the Eyes"],"picked":"FTL","floor":4},{"not_picked":["Wellcheers","Bloodbath"],"picked":"OSAHOGD","floor":4},{"not_picked":["Hologram","Tempest"],"picked":"Ball Lightning","floor":7},{"not_picked":["DespairKnight","Wellcheers"],"picked":"OldLady","floor":7},{"not_picked":["Wellcheers","FairyFestival"],"picked":"SnowQueen","floor":11},{"not_picked":["Scrape","Leap"],"picked":"Capacitor","floor":11},{"not_picked":["WallGazer","HeroicMonk"],"picked":"GalaxyChild","floor":12},{"not_picked":["Conserve Battery","Steam"],"picked":"Echo Form","floor":12},{"not_picked":["Ball Lightning","Go for the Eyes"],"picked":"Coolheaded","floor":14},{"not_picked":["CherryBlossoms","BeautyBeast"],"picked":"Scarecrow","floor":14},{"not_picked":["Biased Cognition","Echo Form"],"picked":"Electrodynamics","floor":16},{"not_picked":["Wellcheers","Bloodbath"],"picked":"LittleHelper","floor":16},{"not_picked":["Rebound","Auto Shields"],"picked":"Barrage","floor":17},{"not_picked":["Variant","BeautyBeast"],"picked":"GreedKing","floor":18},{"not_picked":["Hello World","Auto Shields"],"picked":"Conserve Battery+1","floor":18},{"not_picked":["Redo","Hologram"],"picked":"Ball Lightning","floor":20},{"not_picked":["PunishingBird","FairyFestival"],"picked":"SingingMachine","floor":20},{"not_picked":["Go for the Eyes","Redo"],"picked":"Conserve Battery","floor":21},{"not_picked":["MeatLantern","QueenBee"],"picked":"Laetitia","floor":21},{"not_picked":["Sweeping Beam","Streamline"],"picked":"Force Field","floor":22},{"not_picked":["WallGazer","MeatLantern"],"picked":"DreamingCurrent","floor":22}],"player_experience":148997,"relics_obtained":[{"floor":9,"key":"The Courier"},{"floor":14,"key":"Blood Vial"}],"event_choices":[{"damage_healed":0,"gold_gain":0,"player_choice":"Ignored","damage_taken":0,"max_hp_gain":0,"max_hp_loss":0,"event_name":"NoteForYourself","floor":2,"gold_loss":0},{"cards_removed":["Strike_B"],"damage_healed":0,"gold_gain":0,"player_choice":"Card Removal","damage_taken":0,"max_hp_gain":0,"max_hp_loss":0,"event_name":"The Cleric","floor":5,"gold_loss":50}],"is_beta":false,"boss_relics":[{"not_picked":["Velvet Choker","SacredBark"],"picked":"Tiny House"}],"items_purged_floors":[13],"is_endless":false,"potions_floor_spawned":[3,4,7,11,20],"killed_by":"Slavers","ascension_level":0}}