{"host":"27tk4xseidcli2mr","time":1609794596,"event":{"mods":["2.2 Compatiblity","AchievementEnabler","Aspiration","BaseMod","Better Third Choice","Conspire","Custom Start","Downfall","Hubris","Infinite Spire","Jorbs\u0027s Wanderer Trilogy","Minty Spire (QoL Compilation)","Replay The Spire","StSLib","SuperFastMode","[IsaacMod]????"],"gold_per_floor":[361,39,54,54,54,54,381,397,397,397,397],"floor_reached":10,"playtime":190,"items_purged":["Strike_B"],"score":132,"play_id":"1b3e5d21-0666-4e1f-95ee-e3e8270f4ff9","local_time":"20210104220956","is_ascension_mode":true,"campfire_choices":[{"floor":6.0,"key":"REST"}],"circlet_count":0,"master_deck":["AscendersBane","Strike_B","Strike_B","Defend_B","Defend_B+1","Defend_B","Defend_B","Zap","Dualcast","Tempest","Defragment","Conserve Battery","hubris:Ukulele","FIFO Queue"],"relics":["Cracked Core","HushsDoor","MoneyPower","Gremlin Food","hubris:Towel","Old Coin"],"acts_visited":["Exordium"],"potions_floor_usage":[7],"damage_taken":[{"damage":7.0,"enemies":"Jaw Worm","floor":1.0,"turns":3.0},{"damage":5.0,"enemies":"conspire:RoseBush","floor":3.0,"turns":3.0},{"damage":0,"enemies":"Gremlin Nob","floor":7,"turns":1},{"damage":23,"enemies":"Small Slimes","floor":8,"turns":3},{"damage":28,"enemies":"3 Sentries","floor":10,"turns":4}],"seed_played":"-302635967567071561","potions_obtained":[{"floor":1.0,"key":"SmokeBomb"}],"is_trial":false,"path_per_floor":["M","$","M","?","?","R","E","M","T","E"],"character_chosen":"DEFECT","items_purchased":["Gremlin Food","Defragment"],"campfire_rested":1,"item_purchase_floors":[2,2],"current_hp_per_floor":[39,39,34,27,27,48,48,25,25,0,0],"gold":397,"neow_bonus":"TWO_FIFTY_GOLD","is_daily":false,"chose_seed":false,"campfire_upgraded":0,"win_rate":0.0,"timestamp":1609794596,"path_taken":["M","$","M","?","?","R","E","M","T","E"],"items_purchased_type":["Relic","Card"],"build_version":"2020-12-22","purchased_purges":1,"victory":false,"max_hp_per_floor":[71,71,71,71,71,71,71,71,71,71,71],"card_choices":[{"not_picked":["Beam Cell","Gash"],"picked":"Tempest","floor":1.0},{"not_picked":["Beam Cell","Auto Shields"],"picked":"Conserve Battery","floor":3.0},{"not_picked":["Cold Snap","Conserve Battery"],"picked":"hubris:Ukulele","floor":7},{"not_picked":["Gash","Hologram"],"picked":"FIFO Queue","floor":8}],"player_experience":1272271,"relics_obtained":[{"floor":7,"key":"Old Coin"}],"event_choices":[{"cards_removed":["Strike_B"],"damage_healed":0.0,"max_hp_gain":0.0,"max_hp_loss":0.0,"gold_gain":0.0,"event_name":"Golden Wing","player_choice":"Card Removal","floor":4.0,"gold_loss":0.0,"damage_taken":7.0}],"is_beta":false,"boss_relics":[],"items_purged_floors":[2],"is_endless":false,"potions_floor_spawned":[1],"killed_by":"3 Sentries","ascension_level":20}}