{"host":"newqdrzxfhh2im9e","time":1609722198,"event":{"mods":["AchievementEnabler","BaseMod","BetterRewards","Block Reminder","Colored Map","Jorbs\u0027s Wanderer Trilogy","Minty Spire (QoL Compilation)","Rare Cards Sparkle","Shop Mod","StSLib"],"gold_per_floor":[119,135,135,23,23,23,43,43,43,43,57,70,101,113,113,212,212,228,2,21,37,37,37,37,37],"floor_reached":24,"playtime":836,"items_purged":[],"score":248,"play_id":"fdb29e2b-3c7d-4701-8d80-24724380a9cf","local_time":"20210103170318","is_ascension_mode":true,"campfire_choices":[{"data":"Defragment","floor":6,"key":"SMITH"},{"data":"Lockon","floor":8,"key":"SMITH"},{"floor":15,"key":"REST"},{"floor":23,"key":"REST"}],"circlet_count":0,"master_deck":["Strike_B","Strike_B","Strike_B","Strike_B","Defend_B","Defend_B","Defend_B","Defend_B","Zap","Dualcast","FTL","White Noise+1","Defragment+1","Lockon+1","Force Field","Tempest","Loop","Thunder Strike","Reprogram","Echo Form","Sunder+1","Loop","Conserve Battery+1","Sweeping Beam+1"],"relics":["Cracked Core","NeowsBlessing","Lantern","Incense Burner","TungstenRod","SlaversCollar","Blood Vial"],"acts_visited":["Exordium","TheCity"],"potions_floor_usage":[13,14,18,20,24,24],"damage_taken":[{"damage":0,"enemies":"2 Louse","floor":1,"turns":1},{"damage":0,"enemies":"Cultist","floor":2,"turns":1},{"damage":0,"enemies":"Jaw Worm","floor":7,"turns":1},{"damage":11,"enemies":"3 Louse","floor":11,"turns":3},{"damage":12,"enemies":"2 Fungi Beasts","floor":12,"turns":2},{"damage":11,"enemies":"3 Sentries","floor":13,"turns":5},{"damage":8,"enemies":"Blue Slaver","floor":14,"turns":2},{"damage":30,"enemies":"Hexaghost","floor":16,"turns":6},{"damage":6,"enemies":"3 Byrds","floor":18,"turns":3},{"damage":35,"enemies":"2 Thieves","floor":20,"turns":3},{"damage":26,"enemies":"Snecko","floor":21,"turns":4},{"damage":39,"enemies":"Gremlin Leader","floor":24,"turns":5}],"seed_played":"-5433250273474640959","potions_obtained":[{"floor":1,"key":"Explosive Potion"},{"floor":11,"key":"GamblersBrew"},{"floor":13,"key":"Weak Potion"},{"floor":16,"key":"Block Potion"},{"floor":18,"key":"Energy Potion"},{"floor":20,"key":"SpeedPotion"},{"floor":21,"key":"Dexterity Potion"}],"is_trial":false,"path_per_floor":["M","M","?","$","?","R","M","R","T","?","M","M","E","M","R","B",null,"M","$","M","M","$","R","E"],"character_chosen":"DEFECT","items_purchased":["Defragment","Lockon","Blood Vial","Loop"],"campfire_rested":2,"item_purchase_floors":[4,4,19,19],"current_hp_per_floor":[75,75,75,75,80,80,80,80,80,80,69,57,46,38,62,32,68,62,62,29,5,5,29,0,0],"gold":37,"neow_bonus":"THREE_ENEMY_KILL","is_daily":false,"chose_seed":false,"campfire_upgraded":2,"win_rate":0.0,"timestamp":1609722198,"path_taken":["M","M","?","?","?","R","M","R","T","?","?","M","E","?","R","BOSS","M","$","M","M","$","R","E"],"items_purchased_type":["Card","Card","Relic","Card"],"build_version":"2020-12-22","purchased_purges":0,"victory":false,"max_hp_per_floor":[75,75,75,75,80,80,80,80,80,80,80,80,80,80,80,80,80,80,80,80,80,80,80,80,80],"card_choices":[{"not_picked":["Hello World","Stack"],"picked":"FTL","floor":1},{"not_picked":["Chill","Storm"],"picked":"White Noise","floor":2},{"not_picked":["Compile Driver","Glacier"],"picked":"Force Field","floor":7},{"not_picked":["Conserve Battery","Cold Snap"],"picked":"Tempest","floor":11},{"not_picked":["Chill","Ball Lightning"],"picked":"Loop","floor":12},{"not_picked":["Streamline","Sweeping Beam"],"picked":"Thunder Strike","floor":13},{"not_picked":["Go for the Eyes","Cold Snap"],"picked":"Reprogram","floor":14},{"not_picked":["Core Surge","Meteor Strike"],"picked":"Echo Form","floor":16},{"not_picked":["Hologram","Glacier"],"picked":"Sunder+1","floor":18},{"not_picked":["Compile Driver","Redo+1"],"picked":"Conserve Battery+1","floor":20},{"not_picked":["Go for the Eyes+1","Chaos+1"],"picked":"Sweeping Beam+1","floor":21}],"player_experience":679539,"relics_obtained":[{"floor":9,"key":"Lantern"},{"floor":13,"key":"TungstenRod"}],"event_choices":[{"damage_healed":0,"gold_gain":0,"player_choice":"Forge","damage_taken":0,"max_hp_gain":0,"max_hp_loss":0,"event_name":"Accursed Blacksmith","floor":3,"gold_loss":0,"cards_upgraded":["White Noise"]},{"damage_healed":0,"gold_gain":0,"player_choice":"Donut","damage_taken":0,"max_hp_gain":5,"max_hp_loss":0,"event_name":"Big Fish","floor":5,"gold_loss":0},{"damage_healed":0,"gold_gain":0,"player_choice":"Gave Potion","damage_taken":0,"relics_obtained":["Incense Burner"],"max_hp_gain":0,"max_hp_loss":0,"event_name":"WeMeetAgain","floor":10,"gold_loss":0}],"is_beta":false,"boss_relics":[{"not_picked":["Coffee Dripper","FrozenCore"],"picked":"SlaversCollar"}],"items_purged_floors":[],"is_endless":false,"potions_floor_spawned":[1,11,13,16,18,20,21],"killed_by":"Gremlin Leader","ascension_level":5}}