{"host":"c7ste7wj722ux05l","time":1609773639,"event":{"mods":["Act Like it!","BaseMod","BetterRewards","Colored Map","Colored Powertips","Custom Start","GifTheSpireLib","Googly Eyes","Minty Spire (QoL Compilation)","Rare Cards Sparkle","StSLib","The Jungle"],"gold_per_floor":[110,129,129,76,76,76,76,106,132,132,151,162,177,206,206,311,311,325,325,325,46,56,81,81,100,150,150,168,168,168,168,168],"floor_reached":31,"playtime":1490,"items_purged":["Regret"],"score":338,"play_id":"34ad9561-9da2-4527-8d62-3f24b1c8f568","local_time":"20210104162039","is_ascension_mode":false,"campfire_choices":[{"floor":6,"key":"RECALL"},{"data":"Wallop","floor":15,"key":"SMITH"},{"data":"Eruption","floor":24,"key":"SMITH"},{"data":"Devotion","floor":27,"key":"SMITH"},{"data":"LikeWater","floor":29,"key":"SMITH"}],"circlet_count":0,"master_deck":["Strike_P","Strike_P","Strike_P","Defend_P","Defend_P+1","Defend_P","Defend_P","Eruption+1","Vigilance","Wallop+1","Perseverance","Tantrum+1","ClearTheMind","Halt","Weave","ThirdEye","Evaluate","Swivel","Devotion+1","SashWhip+1","JustLucky","FollowUp","BattleHymn","ForeignInfluence","LikeWater+1","FlurryOfBlows","Prostrate+1","Wallop"],"relics":["PureWater","Nunchaku","Bird Faced Urn","Bottled Flame","Boot","Coffee Dripper","Strawberry","Blood Vial","Enchiridion"],"acts_visited":["Exordium","TheCity"],"potions_floor_usage":[14,16,22,23,23,31],"damage_taken":[{"damage":0,"enemies":"2 Louse","floor":1,"turns":2},{"damage":4,"enemies":"Jaw Worm","floor":2,"turns":4},{"damage":17,"enemies":"Lagavulin","floor":8,"turns":5},{"damage":2,"enemies":"Small Slimes","floor":11,"turns":2},{"damage":4,"enemies":"2 Fungi Beasts","floor":12,"turns":5},{"damage":0,"enemies":"Exordium Thugs","floor":13,"turns":3},{"damage":0,"enemies":"Gremlin Nob","floor":14,"turns":2},{"damage":5,"enemies":"Slime Boss","floor":16,"turns":5},{"damage":30,"enemies":"Spheric Guardian","floor":18,"turns":4},{"damage":5,"enemies":"Chosen","floor":22,"turns":3},{"damage":9,"enemies":"Slavers","floor":23,"turns":4},{"damage":0,"enemies":"Centurion and Healer","floor":25,"turns":4},{"damage":0,"enemies":"Chosen and Byrds","floor":28,"turns":5},{"damage":25,"enemies":"Book of Stabbing","floor":31,"turns":2}],"seed_played":"-5404624415119252846","potions_obtained":[{"floor":11,"key":"StancePotion"},{"floor":12,"key":"DuplicationPotion"},{"floor":14,"key":"StancePotion"},{"floor":16,"key":"EssenceOfSteel"},{"floor":18,"key":"LiquidBronze"},{"floor":28,"key":"DistilledChaos"}],"is_trial":false,"path_per_floor":["M","M","?","$","?","R","?","E","T","?","M","M","M","E","R","B",null,"M","?","?","$","M","E","R","M","T","R","M","R","?","E"],"character_chosen":"WATCHER","items_purchased":["ClearTheMind","JustLucky","FollowUp","BattleHymn","ForeignInfluence"],"campfire_rested":0,"item_purchase_floors":[4,21,21,21,21],"current_hp_per_floor":[72,68,54,54,36,36,36,19,19,19,17,13,13,13,13,8,72,42,42,29,29,26,26,26,30,30,30,34,34,18,0,0],"gold":168,"neow_bonus":"TRANSFORM_CARD","is_daily":false,"chose_seed":false,"campfire_upgraded":4,"win_rate":0.0,"timestamp":1609773639,"path_taken":["M","M","?","$","?","R","?","E","T","?","M","?","M","E","R","BOSS","M","?","?","$","M","E","R","M","T","R","M","R","?","E"],"items_purchased_type":["Card","Card","Card","Card","Card"],"build_version":"2020-12-22","purchased_purges":1,"victory":false,"max_hp_per_floor":[72,72,72,72,72,72,72,72,72,72,72,72,72,72,72,72,72,72,72,77,77,77,84,84,84,84,84,84,84,84,84,84],"card_choices":[{"not_picked":["Consecrate","BowlingBash"],"picked":"Perseverance","floor":1},{"not_picked":["WindmillStrike","WaveOfTheHand"],"picked":"Tantrum","floor":2},{"not_picked":["Vengeance","DeceiveReality"],"picked":"Halt","floor":8},{"not_picked":["PathToVictory","EmptyMind"],"picked":"Weave","floor":11},{"not_picked":["Collect","EmptyBody"],"picked":"ThirdEye","floor":12},{"not_picked":["Collect","InnerPeace"],"picked":"Evaluate","floor":13},{"not_picked":["EmptyFist","Halt"],"picked":"Swivel","floor":14},{"not_picked":["Omniscience","Brilliance"],"picked":"Devotion","floor":16},{"not_picked":["Halt","CrushJoints"],"picked":"SashWhip+1","floor":18},{"not_picked":["Swivel","Weave+1"],"picked":"LikeWater","floor":22},{"not_picked":["BattleHymn","Swivel"],"picked":"FlurryOfBlows","floor":23},{"not_picked":["CrushJoints","SpiritShield"],"picked":"Prostrate+1","floor":25},{"not_picked":["Crescendo","ThirdEye"],"picked":"Wallop","floor":28}],"player_experience":570062,"relics_obtained":[{"floor":8,"key":"Bottled Flame"},{"floor":14,"key":"Boot"},{"floor":23,"key":"Strawberry"},{"floor":26,"key":"Blood Vial"},{"floor":30,"key":"Enchiridion"}],"event_choices":[{"damage_healed":0,"gold_gain":0,"player_choice":"Entered Light","damage_taken":14,"max_hp_gain":0,"max_hp_loss":0,"event_name":"Shining Light","floor":3,"gold_loss":0,"cards_upgraded":["Tantrum","Defend_P"]},{"damage_healed":0,"gold_gain":0,"player_choice":"Success","damage_taken":18,"relics_obtained":["Nunchaku"],"max_hp_gain":0,"max_hp_loss":0,"event_name":"Scrap Ooze","floor":5,"gold_loss":0},{"damage_healed":0,"gold_gain":0,"player_choice":"Box","damage_taken":0,"relics_obtained":["Bird Faced Urn"],"max_hp_gain":0,"max_hp_loss":0,"event_name":"Big Fish","floor":7,"gold_loss":0,"cards_obtained":["Regret"]},{"cards_removed":["Iron Wave"],"damage_healed":0,"gold_gain":0,"player_choice":"Took Card","damage_taken":0,"max_hp_gain":0,"max_hp_loss":0,"event_name":"NoteForYourself","floor":10,"gold_loss":0,"cards_obtained":["Iron Wave"]},{"damage_healed":0,"gold_gain":0,"player_choice":"Ignored","damage_taken":0,"max_hp_gain":0,"max_hp_loss":0,"event_name":"Vampires","floor":19,"gold_loss":0},{"damage_healed":0,"gold_gain":0,"player_choice":"Shed Blood","damage_taken":18,"max_hp_gain":5,"max_hp_loss":0,"event_name":"Forgotten Altar","floor":20,"gold_loss":0},{"damage_healed":0,"gold_gain":0,"player_choice":"Obtained Book","damage_taken":16,"max_hp_gain":0,"max_hp_loss":0,"event_name":"Cursed Tome","floor":30,"gold_loss":0}],"is_beta":false,"boss_relics":[{"not_picked":["Runic Dome","SacredBark"],"picked":"Coffee Dripper"}],"items_purged_floors":[21],"is_endless":false,"potions_floor_spawned":[11,12,14,16,18,28],"killed_by":"Book of Stabbing","ascension_level":0}}