{"host":"922zt4fjsmmy4kg9","time":1609737507,"event":{"mods":["A Magickal Journey","Act Like it!","BaseMod","Better Third Choice","Downfall","Friendly Minions","Hermit","HololiveMod","Hubris","Jorbs\u0027s Wanderer Trilogy","Kiyohime????","Koishi","Marisa????????","Minty Spire (QoL Compilation)","Quick Restart","Reimu??????","Shop Mod","Spicy Shops","StSLib","SuperFastMode","The Animator","The Disciple","The Runesmith"],"gold_per_floor":[99,111,111,111,111,152,152,196,196,34,144,144,144],"floor_reached":12,"playtime":448,"items_purged":[],"score":127,"play_id":"72fbfb5b-f947-4fb9-b24e-5eca88524a39","local_time":"20210104161827","is_ascension_mode":true,"campfire_choices":[{"data":"animator:YuiTsuruno","floor":1.0,"key":"SMITH"},{"floor":9.0,"key":"REST"}],"circlet_count":0,"master_deck":["AscendersBane","animator:Strike_MadokaMagica","animator:Defend_MadokaMagica","animator:Strike","animator:Strike","animator:Strike+1","animator:Defend","animator:Defend","animator:Defend","animator:IrohaTamaki+1","animator:YuiTsuruno+1","animator:Rena","animator:Ciel","animator:Megumin+5","animator:NagisaMomoe","animator:Lu","animator:Verdia","animator:Arpeggio"],"relics":["animator:LivingPicture","animator:TheMissingPiece","downfall:HeartsMalice","hubris:Icosahedron","Whetstone","Letter Opener","Runesmith:AutoHammer","PreservedInsect"],"acts_visited":["Exordium"],"potions_floor_usage":[12],"damage_taken":[{"damage":0.0,"enemies":"Cultist","floor":2.0,"turns":1.0},{"damage":0.0,"enemies":"2 Louse","floor":3.0,"turns":1.0},{"damage":0.0,"enemies":"Jaw Worm","floor":4.0,"turns":1.0},{"damage":43.0,"enemies":"Lagavulin","floor":6.0,"turns":9.0},{"damage":9.0,"enemies":"3 Sentries","floor":8.0,"turns":7.0},{"damage":10.0,"enemies":"downfall:FleeingMerchant","floor":10.0,"turns":4.0},{"damage":17.0,"enemies":"Gremlin Gang","floor":11.0,"turns":2.0},{"damage":10,"enemies":"Gremlin Nob","floor":12,"turns":2}],"seed_played":"-8605487788814390457","potions_obtained":[{"floor":6.0,"key":"Strength Potion"},{"floor":11.0,"key":"champ:CounterPotion"}],"is_trial":false,"path_per_floor":["R","M","M","M","?","E","T","E","R","$","M","E"],"character_chosen":"THE_ANIMATOR","items_purchased":["PreservedInsect"],"campfire_rested":1,"item_purchase_floors":[10],"current_hp_per_floor":[59,59,60,60,60,17,17,8,28,18,1,0,0],"gold":144,"neow_bonus":"THREE_ENEMY_KILL","is_daily":false,"chose_seed":false,"campfire_upgraded":1,"win_rate":0.0,"timestamp":1609737507,"path_taken":["R","M","?","M","?","E","T","E","R","$","M","E"],"items_purchased_type":["Relic"],"build_version":"2020-12-22","purchased_purges":0,"victory":false,"max_hp_per_floor":[66,66,67,67,67,67,67,67,67,67,67,67,67],"card_choices":[{"not_picked":["animator:Raven","animator:Spearman"],"picked":"animator:Rena","floor":2.0},{"not_picked":["animator:Add","animator:Spearman"],"picked":"animator:Ciel","floor":3.0},{"not_picked":["animator:Kuribayashi","animator:Chung"],"picked":"animator:Megumin","floor":4.0},{"not_picked":["animator:IrohaTamaki","animator:YuiTsuruno"],"picked":"animator:NagisaMomoe","floor":6.0},{"not_picked":["animator:Spearman","animator:Father"],"picked":"animator:Lu","floor":8.0},{"not_picked":["animator:Priestess","animator:WinryRockbell"],"picked":"animator:Verdia","floor":10.0},{"not_picked":["animator:ElricAlphonse","animator:SuzuneAmano"],"picked":"animator:Arpeggio","floor":11.0}],"player_experience":1315520,"relics_obtained":[{"floor":6.0,"key":"Whetstone"},{"floor":7.0,"key":"Letter Opener"},{"floor":8.0,"key":"Runesmith:AutoHammer"}],"event_choices":[],"is_beta":false,"boss_relics":[],"items_purged_floors":[],"is_endless":false,"potions_floor_spawned":[6,11],"killed_by":"Gremlin Nob","ascension_level":11}}