{"host":"0cm5wy4nhuju7tij","time":1609749276,"event":{"mods":["2.2 Compatiblity","AchievementEnabler","Arknights The Spire","Aspiration","BaseMod","Better Third Choice","BetterRewards","CCEM","CapriCore","Colored Powertips","Custom Start","Displayed Cursed Tome","Downfall","Energized Spire","Evolution","Filter the Spire","Fireblade Mod","Hermit","Highlight Path","Jess\u0027s Bottle","Minty Spire (QoL Compilation)","Permanent Neow","Railgun Mod","Relic Stats","Shop Mod","Spicy Shops","StSLib","The Cursed","The Servant 0.9.4"],"gold_per_floor":[110,130,142,64,64,97,110,142,169,181,181,199,199,199,199,302,302,284,299,172,210,210,245,245,258,283,113,142,157,157,183,183,183,183],"floor_reached":33,"playtime":2864,"items_purged":[],"score":426,"play_id":"83685b67-fed4-45b8-91b6-ac92bbc6a491","local_time":"20210104033436","is_ascension_mode":true,"campfire_choices":[{"floor":11,"key":"REST"},{"data":"TheCursedMod:ParallelWorld","floor":13,"key":"SMITH"},{"floor":15,"key":"REST"},{"floor":24,"key":"REST"},{"floor":30,"key":"REST"},{"floor":32,"key":"REST"}],"circlet_count":0,"master_deck":["TheCursedMod:CleanUpWorkshop","TheCursedMod:CursedAmulet","TheCursedMod:HellfireBreathing+1","TheCursedMod:HellfireBreathing","TheCursedMod:SpitefulPlan","TheCursedMod:LuckyCharm","TheCursedMod:CursedSpellbook","TheCursedMod:NeowsMight","TheCursedMod:ParallelWorld+1","TheCursedMod:CircleOfAmplification","TheCursedMod:CursedShiv","TheCursedMod:SmokeScreen","TheCursedMod:CursedArmor+1","TheCursedMod:HellsGateOpen","TheCursedMod:BlessingInDisguise","TheCursedMod:SpitefulPray","TheCursedMod:HellsGateOpen","Magnetism+1","TheCursedMod:CursedStaff+1","Sadistic Nature+1","TheCursedMod:CursedMace+1","Blind+1","TheCursedMod:AntiAging","TheCursedMod:FleshFromBone","TheCursedMod:SmokeScreen+1","TheCursedMod:CircleOfBlood","TheCursedMod:HellsGateOpen","TheCursedMod:TroublousMinions","TheCursedMod:CursedStaff+1","TheCursedMod:ShockAndAwe","TheCursedMod:WearCloak","TheCursedMod:CircleOfCorruption","TheCursedMod:LuckyCharm","TheCursedMod:SurpriseAttack","TheCursedMod:ReleasedStrength","TheCursedMod:SpitefulPray"],"relics":["TheCursedMod:BlackMagicAdvanced","EVO:Axolotl","Girya","CCEMRelics:FestiveHat","Nunchaku","jessBottle:WaterBottleRelic","aspiration:Lifesprig","Potion Belt","Whetstone","Lantern"],"acts_visited":["Exordium","TheCity"],"potions_floor_usage":[23],"damage_taken":[{"damage":7,"enemies":"Small Slimes","floor":1,"turns":2},{"damage":0,"enemies":"Cultist","floor":2,"turns":2},{"damage":13,"enemies":"2 Louse","floor":3,"turns":3},{"damage":19,"enemies":"3 Sentries","floor":6,"turns":4},{"damage":16,"enemies":"2 Fungi Beasts","floor":7,"turns":4},{"damage":11,"enemies":"Lagavulin","floor":8,"turns":5},{"damage":0,"enemies":"Large Slime","floor":10,"turns":4},{"damage":2,"enemies":"3 Louse","floor":12,"turns":3},{"damage":12,"enemies":"Hexaghost","floor":16,"turns":6},{"damage":11,"enemies":"2 Thieves","floor":18,"turns":4},{"damage":13,"enemies":"Spheric Guardian","floor":19,"turns":4},{"damage":25,"enemies":"Shelled Parasite and Fungi","floor":21,"turns":5},{"damage":83,"enemies":"Slavers","floor":23,"turns":6},{"damage":8,"enemies":"Centurion and Healer","floor":25,"turns":5},{"damage":10,"enemies":"Gremlin Leader","floor":28,"turns":6},{"damage":1,"enemies":"Cultist and Chosen","floor":29,"turns":4},{"damage":16,"enemies":"Slavers","floor":31,"turns":4},{"damage":59,"enemies":"Champ","floor":33,"turns":8}],"seed_played":"526235695170250502","potions_obtained":[{"floor":1,"key":"GamblersBrew"},{"floor":2,"key":"Dexterity Potion"},{"floor":8,"key":"Ancient Potion"},{"floor":10,"key":"FairyPotion"},{"floor":21,"key":"Fruit Juice"},{"floor":28,"key":"BlessingOfTheForge"}],"is_trial":false,"path_per_floor":["M","M","M","$","?","E","M","E","T","M","R","M","R","?","R","B",null,"M","M","$","M","?","E","R","M","T","$","E","M","R","E","R","B"],"character_chosen":"THE_CURSED","items_purchased":["TheCursedMod:HellsGateOpen","TheCursedMod:CircleOfBlood","TheCursedMod:HellsGateOpen","TheCursedMod:WearCloak","TheCursedMod:CircleOfCorruption","TheCursedMod:LuckyCharm"],"campfire_rested":5,"item_purchase_floors":[4,20,20,27,27,27],"current_hp_per_floor":[47,47,34,34,85,66,50,39,39,39,64,62,62,45,70,58,85,74,63,63,46,46,1,28,20,20,20,12,13,41,25,53,0,0],"gold":183,"neow_bonus":"THREE_RARE_CARDS","is_daily":false,"chose_seed":false,"campfire_upgraded":1,"win_rate":0.0,"timestamp":1609749276,"path_taken":["M","M","M","$","?","E","?","E","T","M","R","M","R","?","R","BOSS","M","M","$","M","?","E","R","M","T","$","E","M","R","E","R","BOSS"],"items_purchased_type":["Card","Card","Card","Card","Card","Card"],"build_version":"2020-12-22","purchased_purges":0,"victory":false,"max_hp_per_floor":[75,75,75,75,85,85,85,85,85,85,85,85,85,85,85,85,85,85,87,87,87,87,92,92,92,92,92,94,94,94,94,94,96,96],"relic_stats":{"Nunchaku":[7],"counters":[18,75],"Whetstone":["TheCursedMod:CursedStaff","TheCursedMod:CursedMace"],"obtain_stats":[{"Potion Belt":26,"Girya":6,"Nunchaku":9,"aspiration:Lifesprig":23,"Lantern":31,"TheCursedMod:BlackMagicAdvanced":0,"CCEMRelics:FestiveHat":8,"EVO:Axolotl":0,"Whetstone":28,"jessBottle:WaterBottleRelic":17},{"Potion Belt":14,"Girya":4,"Nunchaku":6,"aspiration:Lifesprig":13,"Lantern":17,"TheCursedMod:BlackMagicAdvanced":0,"CCEMRelics:FestiveHat":6,"EVO:Axolotl":0,"Whetstone":15,"jessBottle:WaterBottleRelic":9},{"Potion Belt":53,"Girya":11,"Nunchaku":20,"aspiration:Lifesprig":48,"Lantern":67,"TheCursedMod:BlackMagicAdvanced":0,"CCEMRelics:FestiveHat":20,"EVO:Axolotl":0,"Whetstone":59,"jessBottle:WaterBottleRelic":31}]},"card_choices":[{"not_picked":["TheCursedMod:DarkBarrier","TheCursedMod:CircleOfAbyss"],"picked":"TheCursedMod:CursedRelics","floor":0},{"not_picked":["TheCursedMod:CursedSpellbook","TheCursedMod:SpreadPlague"],"picked":"TheCursedMod:CursedShiv","floor":1},{"not_picked":["TheCursedMod:VitalStrike","TheCursedMod:SpitefulStrike"],"picked":"TheCursedMod:SmokeScreen","floor":2},{"not_picked":["TheCursedMod:VitalStrike","TheCursedMod:CursedAmulet"],"picked":"TheCursedMod:CursedArmor","floor":3},{"not_picked":["TheCursedMod:SmokeScreen","TheCursedMod:SurpriseAttack"],"picked":"TheCursedMod:BlessingInDisguise","floor":6},{"not_picked":["TheCursedMod:Wield","TheCursedMod:Evocation"],"picked":"TheCursedMod:SpitefulPray","floor":7},{"not_picked":["TheCursedMod:Mangle","TheCursedMod:SmokeScreen"],"picked":"TheCursedMod:HellsGateOpen","floor":8},{"not_picked":["expansioncontent:Flail+1","expansioncontent:SlimeTackle+1"],"picked":"Magnetism+1","floor":10},{"not_picked":["TheCursedMod:Torture","TheCursedMod:SurpriseAttack"],"picked":"TheCursedMod:CursedStaff","floor":10},{"not_picked":["expansioncontent:DarkVoid+1","Discovery+1"],"picked":"Sadistic Nature+1","floor":12},{"not_picked":["TheCursedMod:TacticalStrike","TheCursedMod:SoulReap"],"picked":"TheCursedMod:CursedMace","floor":12},{"not_picked":["expansioncontent:Torchfire+1","Impatience+1"],"picked":"Blind+1","floor":16},{"not_picked":["TheCursedMod:CircleOfAbyss","TheCursedMod:ParallelWorld"],"picked":"TheCursedMod:AntiAging","floor":16},{"not_picked":["TheCursedMod:BlessingInDisguise","TheCursedMod:CircleOfFocus"],"picked":"TheCursedMod:FleshFromBone","floor":18},{"not_picked":["TheCursedMod:CursedBlade+1","TheCursedMod:SaltUponWound"],"picked":"TheCursedMod:SmokeScreen+1","floor":19},{"not_picked":["TheCursedMod:BlessingInDisguise","TheCursedMod:FleshFromBone"],"picked":"TheCursedMod:TroublousMinions","floor":21},{"not_picked":["TheCursedMod:SoulReap","TheCursedMod:EmpowerCircles+1"],"picked":"TheCursedMod:CursedStaff+1","floor":23},{"not_picked":["TheCursedMod:SpitefulStrike+1","TheCursedMod:FleshFromBone"],"picked":"TheCursedMod:ShockAndAwe","floor":25},{"not_picked":["TheCursedMod:CursedAmulet","TheCursedMod:VitalStrike"],"picked":"TheCursedMod:SurpriseAttack","floor":28},{"not_picked":["TheCursedMod:SurpriseAttack","TheCursedMod:CircleOfFocus+1"],"picked":"TheCursedMod:ReleasedStrength","floor":29},{"not_picked":["TheCursedMod:Stretching","TheCursedMod:CircleOfFlame+1"],"picked":"TheCursedMod:SpitefulPray","floor":31}],"player_experience":335875,"relics_obtained":[{"floor":6,"key":"Girya"},{"floor":8,"key":"CCEMRelics:FestiveHat"},{"floor":9,"key":"Nunchaku"},{"floor":23,"key":"aspiration:Lifesprig"},{"floor":26,"key":"Potion Belt"},{"floor":28,"key":"Whetstone"},{"floor":31,"key":"Lantern"}],"event_choices":[{"cards_removed":["TheCursedMod:CursedRelics"],"damage_healed":41,"gold_gain":0,"player_choice":"Offered Rare","damage_taken":0,"max_hp_gain":10,"max_hp_loss":0,"event_name":"Bonfire Elementals","floor":5,"gold_loss":0},{"damage_healed":62,"gold_gain":0,"player_choice":"Upgrade","damage_taken":17,"max_hp_gain":0,"max_hp_loss":85,"event_name":"betterThird:BetterShining","floor":14,"gold_loss":0,"cards_upgraded":["TheCursedMod:HellfireBreathing","TheCursedMod:CursedArmor"]},{"damage_healed":0,"gold_gain":0,"player_choice":"Simplicity","damage_taken":0,"max_hp_gain":0,"max_hp_loss":0,"event_name":"betterThird:BetterWriting","floor":22,"gold_loss":0}],"is_beta":false,"boss_relics":[{"not_picked":["Empty Cage","Astrolabe"],"picked":"jessBottle:WaterBottleRelic"}],"items_purged_floors":[],"is_endless":false,"potions_floor_spawned":[1,2,8,10,16,19,21,28],"killed_by":"Champ","ascension_level":2}}