{"host":"mzp3pvw1g1kyjyte","time":1609755011,"event":{"mods":["AchievementEnabler","Arknights The Spire","BaseMod","Colored Powertips","Highlight Path","Minty Spire (QoL Compilation)","Quick Restart","Relic Stats","Remilia£®¿Ÿ√◊¿Ú—«£©","Shop Mod","StSLib","SuperFastMode","TestMod","[IsaacMod]“‘»ˆº‚À˛"],"gold_per_floor":[111,129,129,143,153,153,153],"floor_reached":6,"playtime":202,"items_purged":[],"score":38,"play_id":"8135ca55-3a2b-41d6-80fe-b09ba1d1948f","local_time":"20210104181011","is_ascension_mode":false,"campfire_choices":[],"circlet_count":0,"master_deck":["Strike_RM","Strike_RM","Strike_RM","Strike_RM","Defend_RM","Defend_RM","Defend_RM","Defend_RM","RedMoon","ScarletShoot","EpicFetus","VampireFantasy","DiffusionOfMisfortune","Injury","UltimateOffering","MiserableFate"],"relics":["ScarletHat","HushsDoor","testmod-TestBox","Damocles","testmod-BouquetWithThorns","NeowsBlessing","BlankCard","ForgetMeNow","BookOfRevelations","Anchor"],"acts_visited":["Exordium"],"potions_floor_usage":[],"damage_taken":[{"damage":0,"enemies":"Cultist","floor":1,"turns":1},{"damage":0,"enemies":"Jaw Worm","floor":2,"turns":1},{"damage":0,"enemies":"Small Slimes","floor":4,"turns":1},{"damage":0,"enemies":"Red Slaver","floor":5,"turns":4},{"damage":0,"enemies":"Gremlin Nob","floor":6,"turns":2}],"seed_played":"-6157669628029232821","potions_obtained":[],"is_trial":false,"path_per_floor":["M","M","?","M","M","E"],"character_chosen":"REMILIA","items_purchased":[],"campfire_rested":0,"item_purchase_floors":[],"current_hp_per_floor":[75,75,75,75,75,0,0],"gold":153,"neow_bonus":"THREE_ENEMY_KILL","is_daily":false,"chose_seed":false,"campfire_upgraded":0,"win_rate":0.0,"timestamp":1609755011,"path_taken":["M","?","?","?","?","E"],"items_purchased_type":[],"build_version":"2020-12-22","purchased_purges":0,"victory":false,"max_hp_per_floor":[75,75,75,75,75,75,75],"relic_stats":{"counters":[5,9],"obtain_stats":[{"KeepersGift":0,"Damocles":0,"Anchor":5,"testmod-TestBox":0,"NeowsBlessing":0,"ForgetMeNow":2,"BookOfRevelations":4,"BlankCard":1,"HushsDoor":0,"testmod-BouquetWithThorns":0,"ScarletHat":0},{"KeepersGift":0,"Damocles":0,"Anchor":4,"testmod-TestBox":0,"NeowsBlessing":0,"ForgetMeNow":2,"BookOfRevelations":3,"BlankCard":1,"HushsDoor":0,"testmod-BouquetWithThorns":0,"ScarletHat":0},{"KeepersGift":0,"Damocles":0,"Anchor":7,"testmod-TestBox":0,"NeowsBlessing":0,"ForgetMeNow":2,"BookOfRevelations":3,"BlankCard":1,"HushsDoor":0,"testmod-BouquetWithThorns":0,"ScarletHat":0}]},"card_choices":[{"not_picked":[],"picked":"EpicFetus","floor":0},{"not_picked":["DiffusionOfMisfortune","BloodHunter"],"picked":"VampireFantasy","floor":1},{"not_picked":["BlasphemousPunishment","UnstableMagic"],"picked":"DiffusionOfMisfortune","floor":2},{"not_picked":["ScarletDevil","CharismaGuard"],"picked":"UltimateOffering","floor":4},{"not_picked":["BombardNight","RedNightlessCastle"],"picked":"MiserableFate","floor":5}],"player_experience":21087,"relics_obtained":[{"floor":1,"key":"BlankCard"},{"floor":2,"key":"ForgetMeNow"},{"floor":4,"key":"BookOfRevelations"},{"floor":5,"key":"Anchor"}],"event_choices":[{"damage_healed":0,"gold_gain":0,"player_choice":"1 cards matched","damage_taken":0,"max_hp_gain":0,"max_hp_loss":0,"event_name":"Match and Keep!","floor":3,"gold_loss":0,"cards_obtained":["Injury"]},{"damage_healed":0,"gold_gain":0,"player_choice":"1 cards matched","damage_taken":0,"max_hp_gain":0,"max_hp_loss":0,"event_name":"Match and Keep!","floor":3,"gold_loss":0,"cards_obtained":["Injury"]}],"is_beta":false,"boss_relics":[],"items_purged_floors":[],"is_endless":false,"potions_floor_spawned":[],"killed_by":"Gremlin Nob","ascension_level":0}}