{"host":"b7j598ve05halrwk","time":1609743955,"event":{"mods":["2.2 Compatiblity","BaseMod","Block Reminder","DeckTracker","Minty Spire (QoL Compilation)","Relic Stats","Slay the Relics Exporter","StSLib","ojb\u0027s Better Paths Mod","ojb\u0027s Info Mod"],"gold_per_floor":[112,0,0,20,20,20,51,51,51,64,64,83,100,134,134,206,206,217,234,244,2,14,14,45,57,57],"floor_reached":25,"playtime":1763,"items_purged":[],"score":516,"play_id":"4ffb6b2c-4c1a-4b30-90cb-e01e9c039916","local_time":"20210104020555","is_ascension_mode":true,"campfire_choices":[{"data":"Rip and Tear","floor":6,"key":"SMITH"},{"data":"Streamline","floor":11,"key":"SMITH"},{"data":"Doom and Gloom","floor":15,"key":"SMITH"},{"floor":23,"key":"REST"}],"circlet_count":0,"master_deck":["AscendersBane","Defend_B","Defend_B","Defend_B","Dualcast","FTL","Rip and Tear+1","FTL","Rebound","Streamline+1","Doom and Gloom+1","Cold Snap","Auto Shields","Biased Cognition","Rainbow+1","Rip and Tear+1","Redo+1","Cold Snap+1","Lockon","Go for the Eyes+1","Force Field","Compile Driver"],"relics":["Empty Cage","WarpedTongs","Toy Ornithopter","Cables","Vajra","Astrolabe","Runic Capacitor","MawBank"],"acts_visited":["Exordium","TheCity"],"potions_floor_usage":[7,14,16,18,22],"damage_taken":[{"damage":13,"enemies":"Cultist","floor":1,"turns":5},{"damage":2,"enemies":"Small Slimes","floor":4,"turns":4},{"damage":0,"enemies":"Lagavulin","floor":7,"turns":7},{"damage":0,"enemies":"Jaw Worm","floor":10,"turns":2},{"damage":6,"enemies":"3 Louse","floor":12,"turns":3},{"damage":0,"enemies":"Large Slime","floor":13,"turns":3},{"damage":4,"enemies":"Gremlin Nob","floor":14,"turns":3},{"damage":15,"enemies":"Hexaghost","floor":16,"turns":8},{"damage":5,"enemies":"Shell Parasite","floor":18,"turns":3},{"damage":5,"enemies":"Spheric Guardian","floor":19,"turns":4},{"damage":24,"enemies":"Snecko","floor":20,"turns":5},{"damage":13,"enemies":"Snake Plant","floor":22,"turns":5},{"damage":40,"enemies":"Gremlin Leader","floor":24,"turns":8},{"damage":15,"enemies":"Chosen and Byrds","floor":25,"turns":2}],"seed_played":"4565871703929440319","potions_obtained":[{"floor":1,"key":"Block Potion"},{"floor":4,"key":"Strength Potion"},{"floor":10,"key":"GamblersBrew"},{"floor":14,"key":"AttackPotion"},{"floor":18,"key":"FocusPotion"}],"is_trial":false,"path_per_floor":["M","$","?","M","?","R","E","?","T","M","R","M","M","E","R","B",null,"M","M","M","$","M","R","E","M"],"character_chosen":"DEFECT","items_purchased":["Rip and Tear","FTL","Runic Capacitor","Ancient Potion"],"campfire_rested":1,"item_purchase_floors":[2,2,21,21],"current_hp_per_floor":[51,51,51,49,49,49,49,49,49,49,49,43,43,44,44,34,62,62,57,33,33,25,46,6,0,0],"gold":57,"neow_bonus":"BOSS_RELIC","is_daily":false,"chose_seed":false,"campfire_upgraded":3,"win_rate":0.0,"timestamp":1609743955,"path_taken":["M","$","?","?","?","R","E","?","T","M","R","M","?","E","R","BOSS","M","M","?","$","M","R","E","M"],"items_purchased_type":["Card","Card","Relic","Potion"],"build_version":"2020-12-22","purchased_purges":0,"victory":false,"max_hp_per_floor":[71,71,71,71,71,71,71,71,71,71,71,71,71,71,71,71,71,71,71,71,71,71,71,71,71,71],"relic_stats":{"counters":[14,62],"Astrolabe":["Rainbow","Rip and Tear","Redo"],"MawBank":12,"obtain_stats":[{"Astrolabe":17,"Vajra":14,"Runic Capacitor":21,"Cracked Core":0,"Empty Cage":0,"MawBank":24,"Toy Ornithopter":7,"WarpedTongs":3,"Cables":9},{"Astrolabe":8,"Vajra":7,"Runic Capacitor":11,"Cracked Core":0,"Empty Cage":0,"MawBank":13,"Toy Ornithopter":3,"WarpedTongs":1,"Cables":3},{"Astrolabe":35,"Vajra":27,"Runic Capacitor":47,"Cracked Core":0,"Empty Cage":0,"MawBank":60,"Toy Ornithopter":16,"WarpedTongs":5,"Cables":16}],"Toy Ornithopter":20,"WarpedTongs":[56],"Cables":[28,6,16,6,0]},"card_choices":[{"not_picked":["Rebound","Leap"],"picked":"FTL","floor":1},{"not_picked":["Fusion","Gash"],"picked":"Rebound","floor":4},{"not_picked":["Melter","Creative AI","Gash"],"picked":"SKIP","floor":7},{"not_picked":["Heatsinks","Gash"],"picked":"Streamline","floor":10},{"not_picked":["Hologram","Recycle"],"picked":"Doom and Gloom","floor":12},{"not_picked":["FTL","Lockon"],"picked":"Cold Snap","floor":13},{"not_picked":["Ball Lightning","Barrage"],"picked":"Auto Shields","floor":14},{"not_picked":["Fission","Creative AI"],"picked":"Biased Cognition","floor":16},{"not_picked":["Steam","Redo"],"picked":"Cold Snap+1","floor":18},{"not_picked":["Turbo","Stack+1"],"picked":"Lockon","floor":19},{"not_picked":["Coolheaded","Reboot"],"picked":"Go for the Eyes+1","floor":20},{"not_picked":["Rip and Tear+1","Gash"],"picked":"Force Field","floor":22},{"not_picked":["Redo","Sweeping Beam"],"picked":"Compile Driver","floor":24}],"player_experience":800608,"relics_obtained":[{"floor":7,"key":"Toy Ornithopter"},{"floor":9,"key":"Cables"},{"floor":14,"key":"Vajra"},{"floor":24,"key":"MawBank"}],"event_choices":[{"damage_healed":0,"gold_gain":0,"player_choice":"Rummage","damage_taken":0,"relics_obtained":["WarpedTongs"],"max_hp_gain":0,"max_hp_loss":0,"event_name":"Accursed Blacksmith","floor":3,"gold_loss":0,"cards_obtained":["Pain"]},{"cards_removed":["Pain"],"damage_healed":0,"gold_gain":0,"player_choice":"Forget","damage_taken":0,"max_hp_gain":0,"max_hp_loss":0,"event_name":"Living Wall","floor":5,"gold_loss":0},{"cards_removed":["Strike_B"],"damage_healed":0,"gold_gain":0,"player_choice":"Purged","damage_taken":0,"max_hp_gain":0,"max_hp_loss":0,"event_name":"Purifier","floor":8,"gold_loss":0}],"is_beta":false,"boss_relics":[{"not_picked":["Calling Bell","Runic Pyramid"],"picked":"Astrolabe"}],"items_purged_floors":[],"is_endless":false,"potions_floor_spawned":[1,4,10,14,18],"killed_by":"Chosen and Byrds","ascension_level":20}}