{"host":"sav7uxregyirlf69","time":1609729561,"event":{"mods":["AchievementEnabler","BaseMod","Colored Map","DeckTracker","Keyboard Shortcuts","Minty Spire (QoL Compilation)","READ ME - Guardian Mod","StSLib","SuperFastMode"],"gold_per_floor":[110,121,138,138,9,39,39,39,39],"floor_reached":8,"playtime":185,"items_purged":["Defend_P"],"score":112,"play_id":"2910132e-18df-4806-8d64-0dca8cd6b0a0","local_time":"20210104120601","is_ascension_mode":true,"campfire_choices":[{"data":"Eruption","floor":7,"key":"SMITH"}],"circlet_count":0,"master_deck":["AscendersBane","Strike_P","Strike_P","Strike_P","Strike_P","Defend_P","Defend_P","Defend_P","Eruption+1","Vigilance","FlurryOfBlows","CrushJoints"],"relics":["PureWater","Ginger","Bronze Scales"],"acts_visited":["Exordium"],"potions_floor_usage":[6,8],"damage_taken":[{"damage":0,"enemies":"Cultist","floor":1,"turns":2},{"damage":4,"enemies":"2 Louse","floor":2,"turns":3},{"damage":4,"enemies":"Small Slimes","floor":3,"turns":4},{"damage":22,"enemies":"Lagavulin","floor":6,"turns":6},{"damage":22,"enemies":"3 Sentries","floor":8,"turns":4}],"seed_played":"-3519013970794990508","potions_obtained":[{"floor":6,"key":"CultistPotion"}],"is_trial":false,"path_per_floor":["M","M","M","?","$","E","R","E"],"character_chosen":"WATCHER","items_purchased":["Strength Potion"],"campfire_rested":0,"item_purchase_floors":[5],"current_hp_per_floor":[67,63,59,41,41,19,19,0,0],"gold":39,"neow_bonus":"TEN_PERCENT_HP_BONUS","is_daily":false,"chose_seed":false,"campfire_upgraded":1,"win_rate":0.0,"timestamp":1609729561,"path_taken":["M","M","?","?","$","E","R","E"],"items_purchased_type":["Potion"],"build_version":"2020-12-22","purchased_purges":1,"victory":false,"max_hp_per_floor":[74,74,74,74,74,74,74,74,74],"card_choices":[{"not_picked":["Crescendo","Evaluate"],"picked":"FlurryOfBlows","floor":1},{"not_picked":["Wireheading","Protect","WreathOfFlame"],"picked":"SKIP","floor":2},{"not_picked":["SashWhip","Conclude"],"picked":"CrushJoints","floor":3},{"not_picked":["Evaluate","Crescendo","Protect"],"picked":"SKIP","floor":6}],"player_experience":1131304,"relics_obtained":[{"floor":6,"key":"Bronze Scales"}],"event_choices":[{"damage_healed":0,"gold_gain":0,"player_choice":"Success","damage_taken":18,"relics_obtained":["Ginger"],"max_hp_gain":0,"max_hp_loss":0,"event_name":"Scrap Ooze","floor":4,"gold_loss":0}],"is_beta":false,"boss_relics":[],"items_purged_floors":[5],"is_endless":false,"potions_floor_spawned":[6],"killed_by":"3 Sentries","ascension_level":20}}