{"host":"Timothy","time":1609738147,"event":{"mods":["AchievementEnabler","BaseMod","Bestiary","Highlight Path","Minty Spire (QoL Compilation)","Quick Restart","Slay-I"],"gold_per_floor":[168,118,9,184,184,184,194,194,219,144,157,184,184,204,204,299,299,280,176,187,202,221,221,221,221],"floor_reached":24,"playtime":1028,"items_purged":["Strike_B","Strike_B"],"score":196,"play_id":"d84805cf-53f6-44f5-9d9e-4a80110bb2f2","local_time":"20210103212907","is_ascension_mode":false,"campfire_choices":[{"data":"Defragment","floor":6.0,"key":"SMITH"},{"data":"Dualcast","floor":8.0,"key":"SMITH"},{"data":"Self Repair","floor":13.0,"key":"SMITH"},{"data":"Leap","floor":15.0,"key":"SMITH"},{"floor":23,"key":"REST"}],"circlet_count":0,"master_deck":["Strike_B","Defend_B","Defend_B","Defend_B","Defend_B","Zap+1","Dualcast+1","Ball Lightning","Leap+1","Defragment+1","Scrape","Self Repair+1","Capacitor","Reboot","Consume","Ball Lightning","Gash","Hologram","BootSequence"],"relics":["Tiny House","Lantern","Smiling Mask","Inserter"],"acts_visited":["Exordium","TheCity"],"potions_floor_usage":[20,20],"damage_taken":[{"damage":6.0,"enemies":"Cultist","floor":1.0,"turns":3.0},{"damage":1.0,"enemies":"Jaw Worm","floor":7.0,"turns":3.0},{"damage":0.0,"enemies":"2 Louse","floor":11.0,"turns":3.0},{"damage":12.0,"enemies":"Gremlin Nob","floor":12.0,"turns":3.0},{"damage":8.0,"enemies":"Exordium Wildlife","floor":14.0,"turns":3.0},{"damage":45,"enemies":"The Guardian","floor":16,"turns":12},{"damage":18,"enemies":"2 Thieves","floor":18,"turns":4},{"damage":34,"enemies":"3 Byrds","floor":20,"turns":5},{"damage":37,"enemies":"Cultist and Chosen","floor":21,"turns":6},{"damage":17,"enemies":"Snecko","floor":22,"turns":4},{"damage":33,"enemies":"Snake Plant","floor":24,"turns":4}],"seed_played":"1858625252931198914","potions_obtained":[{"floor":0.0,"key":"DistilledChaos"},{"floor":7.0,"key":"Block Potion"},{"floor":12.0,"key":"Ancient Potion"},{"floor":14.0,"key":"Swift Potion"},{"floor":20,"key":"BlessingOfTheForge"},{"floor":21,"key":"SpeedPotion"}],"is_trial":false,"path_per_floor":["M","?","$","?","?","R","M","R","T","$","M","E","R","M","R","B",null,"M","$","M","M","M","R","M"],"character_chosen":"DEFECT","items_purchased":["Defragment","Scrape","Ball Lightning"],"campfire_rested":1,"item_purchase_floors":[3,3,19],"current_hp_per_floor":[74,74,74,74,67,67,66,66,66,66,66,54,54,56,56,21,80,72,72,48,21,4,28,0,0],"gold":221,"neow_bonus":"BOSS_RELIC","is_daily":false,"chose_seed":false,"campfire_upgraded":4,"win_rate":0.0,"timestamp":1609738147,"path_taken":["M","?","$","?","?","R","?","R","T","$","M","E","R","M","R","BOSS","M","$","M","M","M","R","M"],"items_purchased_type":["Card","Card","Card"],"build_version":"2020-12-18","purchased_purges":2,"victory":false,"max_hp_per_floor":[80,80,80,80,80,80,80,80,80,80,80,80,80,80,80,80,80,80,80,80,80,80,80,80,80],"card_choices":[{"not_picked":["Go for the Eyes","Rip and Tear"],"picked":"Ball Lightning","floor":0.0},{"not_picked":["Redo","Sweeping Beam"],"picked":"Leap","floor":1.0},{"not_picked":["Compile Driver","Barrage","Chaos"],"picked":"SKIP","floor":7.0},{"not_picked":["Skim","Steam Power","Barrage"],"picked":"SKIP","floor":11.0},{"not_picked":["Auto Shields","Streamline"],"picked":"Self Repair","floor":12.0},{"not_picked":["Double Energy","Multi-Cast"],"picked":"Capacitor","floor":14.0},{"not_picked":["Thunder Strike","Rainbow"],"picked":"Reboot","floor":16},{"not_picked":["Conserve Battery","Melter"],"picked":"Consume","floor":18},{"not_picked":["Ball Lightning+1","Streamline"],"picked":"Gash","floor":20},{"not_picked":["Skim","Stack+1"],"picked":"Hologram","floor":21},{"not_picked":["Melter","Storm+1"],"picked":"BootSequence","floor":22}],"player_experience":724492,"relics_obtained":[{"floor":9.0,"key":"Lantern"},{"floor":12.0,"key":"Smiling Mask"}],"event_choices":[{"cards_removed":["Strike_B"],"damage_healed":0.0,"max_hp_gain":0.0,"max_hp_loss":0.0,"gold_gain":0.0,"event_name":"The Cleric","player_choice":"Card Removal","floor":2.0,"gold_loss":50.0,"damage_taken":0.0},{"damage_healed":0.0,"max_hp_gain":0.0,"max_hp_loss":0.0,"gold_gain":175.0,"event_name":"Liars Game","player_choice":"AGREE","floor":4.0,"gold_loss":0.0,"damage_taken":0.0,"cards_obtained":["Doubt"]},{"cards_removed":["Doubt"],"damage_healed":0.0,"max_hp_gain":0.0,"max_hp_loss":0.0,"gold_gain":0.0,"event_name":"Golden Wing","player_choice":"Card Removal","floor":5.0,"gold_loss":0.0,"damage_taken":7.0}],"is_beta":true,"boss_relics":[{"not_picked":["SacredBark","Velvet Choker"],"picked":"Inserter"}],"items_purged_floors":[10,19],"is_endless":false,"potions_floor_spawned":[7,12,14,20,21],"killed_by":"Snake Plant","ascension_level":0}}