{"host":"jgqxb38yl0c1w101","time":1609733428,"event":{"mods":["BaseMod","Colored Map","Downfall","Minty Spire (QoL Compilation)","StSLib"],"gold_per_floor":[99,112,123,30,44,58,110,110,10,25,25,41,74,74,94,94,94],"floor_reached":16,"playtime":849,"items_purged":[],"score":109,"play_id":"7679a6eb-ec79-41ca-b8a1-389bffdafb30","local_time":"20210103231028","is_ascension_mode":true,"campfire_choices":[{"floor":1.0,"key":"RECALL"},{"floor":9,"key":"REST"},{"floor":11,"key":"REST"}],"circlet_count":0,"master_deck":["bronze:Strike","bronze:Strike","bronze:Strike","bronze:Strike","bronze:Defend","bronze:Defend","bronze:Defend","bronze:Replicate","bronze:Goto","bronze:BurnOut","bronze:Overheat","bronze:WildBeam","bronze:DelayedSlice","bronze:MaxOutput","bronze:BuggyMess","bronze:NullPointer","bronze:Mutator","bronze:Repair","bronze:Allocate","bronze:WildBeam"],"relics":["bronze:BronzeCore","Tiny Chest","downfall:HeartBlessingRed","bronze:SilverBullet"],"acts_visited":["Exordium"],"potions_floor_usage":[8,13,13,15],"damage_taken":[{"damage":6,"enemies":"Cultist","floor":2,"turns":3},{"damage":11,"enemies":"Small Slimes","floor":3,"turns":3},{"damage":21,"enemies":"downfall:FleeingMerchant","floor":4,"turns":4},{"damage":6,"enemies":"Jaw Worm","floor":5,"turns":2},{"damage":24,"enemies":"Large Slime","floor":6,"turns":4},{"damage":1,"enemies":"2 Fungi Beasts","floor":10,"turns":2},{"damage":2,"enemies":"Blue Slaver","floor":12,"turns":2},{"damage":17,"enemies":"Lagavulin","floor":13,"turns":5},{"damage":22,"enemies":"Exordium Thugs","floor":15,"turns":5},{"damage":36,"enemies":"downfall:Ironclad","floor":16,"turns":5}],"seed_played":"8188745262749594889","potions_obtained":[{"floor":5,"key":"Weak Potion"},{"floor":6,"key":"hexamod:SoulburnPotion"},{"floor":8,"key":"Fruit Juice"},{"floor":8,"key":"CultistPotion"},{"floor":8,"key":"Explosive Potion"},{"floor":15,"key":"Fruit Juice"}],"is_trial":false,"path_per_floor":["R","M","M","$","M","M","T","?","R","M","R","M","E","?","M","B"],"character_chosen":"THE_AUTOMATON","items_purchased":["bronze:MaxOutput"],"campfire_rested":2,"item_purchase_floors":[4],"current_hp_per_floor":[70,64,53,32,26,2,2,7,29,28,50,48,38,38,28,0,0],"gold":94,"neow_bonus":"TRANSFORM_CARD","is_daily":false,"chose_seed":false,"campfire_upgraded":0,"win_rate":0.0,"timestamp":1609733428,"path_taken":["R","M","M","$","?","M","T","?","R","M","R","?","E","?","M","BOSS"],"items_purchased_type":["Card"],"build_version":"2020-12-22","purchased_purges":0,"victory":false,"max_hp_per_floor":[70,70,70,70,70,70,70,75,75,75,75,75,75,75,80,80,80],"card_choices":[{"not_picked":["bronze:Frontload","bronze:DelayedSlice"],"picked":"bronze:Overheat","floor":2},{"not_picked":["bronze:DelayedSlice","bronze:ClassDefault"],"picked":"bronze:WildBeam","floor":3},{"not_picked":["bronze:Shell","bronze:WhirlingStrike"],"picked":"bronze:DelayedSlice","floor":4},{"not_picked":["bronze:Deprecate","bronze:WhirlingStrike"],"picked":"bronze:BuggyMess","floor":5},{"not_picked":["bronze:ChildClass","bronze:SearingBeam"],"picked":"bronze:NullPointer","floor":6},{"not_picked":["bronze:ChildClass","bronze:OilSpill"],"picked":"bronze:Mutator","floor":10},{"not_picked":["bronze:SearingBeam","bronze:NullPointer"],"picked":"bronze:Repair","floor":12},{"not_picked":["bronze:BronzeArmor","bronze:Overheat"],"picked":"bronze:Allocate","floor":13},{"not_picked":["bronze:Philosophize","bronze:BronzeArmor"],"picked":"bronze:WildBeam","floor":15}],"player_experience":144256,"relics_obtained":[{"floor":7,"key":"Tiny Chest"},{"floor":13,"key":"bronze:SilverBullet"}],"event_choices":[{"damage_healed":0,"gold_gain":0,"player_choice":"Got Potions","damage_taken":0,"max_hp_gain":0,"max_hp_loss":0,"event_name":"Lab","floor":8,"gold_loss":0}],"is_beta":false,"boss_relics":[],"items_purged_floors":[],"is_endless":false,"potions_floor_spawned":[5,6,10,15],"killed_by":"downfall:Ironclad","ascension_level":1}}