{"host":"zpo0s982nnba8fjk","time":1609782951,"event":{"mods":["Act Like it!","BaseMod","Downfall","GifTheSpireLib","Hubris","Infinite Spire","Minty Spire (QoL Compilation)","Replay The Spire","StSLib"],"gold_per_floor":[99,99,99,99,99,99,99,126,63,89,121,133,42,61,81,81,81],"floor_reached":16,"playtime":911,"items_purged":[],"score":98,"play_id":"a37eec4d-8d86-491c-9ce3-5c3a6f4a2138","local_time":"20210104185551","is_ascension_mode":false,"campfire_choices":[{"data":"sneckomod:SnekBite","floor":1.0,"key":"SMITH"},{"data":"sneckomod:TailWhip","floor":9.0,"key":"SMITH"}],"circlet_count":0,"master_deck":["sneckomod:Strike","sneckomod:Strike","sneckomod:Strike","sneckomod:Defend","sneckomod:Defend","sneckomod:TailWhip+1","sneckomod:SnekBite+1","sneckomod:Unknown","sneckomod:Unknown","sneckomod:DiceCrush","sneckomod:TrashToTreasure","Defend_B","sneckomod:UnknownUncommonPower","sneckomod:Nope","sneckomod:UnknownExhaust","Replay:SS_forest_2","sneckomod:SerpentIdol"],"relics":["sneckomod:SneckoSoul","downfall:HeartsMalice","PreservedInsect","MawBank","downfall:HeartBlessingGreen"],"acts_visited":["Exordium"],"potions_floor_usage":[],"damage_taken":[{"damage":0.0,"enemies":"Jaw Worm","floor":2.0,"turns":1.0},{"damage":0.0,"enemies":"Small Slimes","floor":5.0,"turns":1.0},{"damage":0.0,"enemies":"Cultist","floor":6.0,"turns":1.0},{"damage":39.0,"enemies":"Lagavulin","floor":8.0,"turns":6.0},{"damage":6.0,"enemies":"2 Fungi Beasts","floor":10.0,"turns":4.0},{"damage":30.0,"enemies":"Exordium Thugs","floor":11.0,"turns":5.0},{"damage":4.0,"enemies":"downfall:FleeingMerchant","floor":13.0,"turns":4.0},{"damage":8.0,"enemies":"Blue Slaver","floor":14.0,"turns":4.0},{"damage":14,"enemies":"Gremlin Gang","floor":15,"turns":5},{"damage":68,"enemies":"downfall:Defect","floor":16,"turns":5}],"seed_played":"-987144215812675754","potions_obtained":[{"floor":8.0,"key":"SkillPotion"},{"floor":10.0,"key":"Venom Potion"},{"floor":11.0,"key":"Guardian:BlockOnCardUsePotion"},{"floor":14.0,"key":"GamblersBrew"}],"is_trial":false,"path_per_floor":["R","M","?","?","M","M","T","E","R","M","M","?","$","M","M","B"],"character_chosen":"THE_SNECKO","items_purchased":["Replay:SS_forest_2"],"campfire_rested":0,"item_purchase_floors":[13],"current_hp_per_floor":[90,90,90,90,90,91,91,53,53,47,18,93,89,81,67,0,0],"gold":81,"neow_bonus":"THREE_ENEMY_KILL","is_daily":false,"chose_seed":false,"campfire_upgraded":2,"win_rate":0.0,"timestamp":1609782951,"path_taken":["R","M","?","?","M","?","T","E","R","M","M","?","?","M","M","BOSS"],"items_purchased_type":["Card"],"build_version":"2020-12-22","purchased_purges":0,"victory":false,"max_hp_per_floor":[90,90,90,90,90,91,91,92,92,92,93,93,93,93,93,93,93],"card_choices":[{"not_picked":["sneckomod:SoulDraw","sneckomod:UnknownWeak"],"picked":"sneckomod:DiceCrush","floor":2.0},{"not_picked":["sneckomod:SoulDraw","sneckomod:UnknownCommonAttack","sneckomod:UnknownVulnerable"],"picked":"SKIP","floor":5.0},{"not_picked":["sneckomod:QuickMove","sneckomod:IronFang"],"picked":"sneckomod:UnknownUncommonPower","floor":6.0},{"not_picked":["sneckomod:UnknownBlock","sneckomod:UnknownX"],"picked":"sneckomod:Unknown0Cost","floor":8.0},{"not_picked":["sneckomod:DiceCrush","sneckomod:UnknownClassGUARDIAN"],"picked":"sneckomod:Nope","floor":10.0},{"not_picked":["sneckomod:SoulRoll","sneckomod:RainOfDice"],"picked":"sneckomod:UnknownExhaust","floor":11.0},{"not_picked":["sneckomod:UnknownWeak","sneckomod:WideSting","sneckomod:UnknownClassPURPLE"],"picked":"SKIP","floor":13.0},{"not_picked":["sneckomod:SoulCleanse","sneckomod:UnknownBlock"],"picked":"sneckomod:SerpentIdol","floor":14.0},{"not_picked":["sneckomod:WideSting","sneckomod:TrashToTreasure","sneckomod:RainOfDice"],"picked":"SKIP","floor":15}],"player_experience":283944,"relics_obtained":[{"floor":7.0,"key":"PreservedInsect"},{"floor":8.0,"key":"MawBank"}],"event_choices":[{"cards_removed":["sneckomod:Defend"],"damage_healed":0.0,"max_hp_gain":0.0,"max_hp_loss":0.0,"gold_gain":0.0,"event_name":"NoteForYourself","player_choice":"Took Card","floor":4.0,"gold_loss":0.0,"damage_taken":0.0,"cards_obtained":["Defend_B"]},{"cards_removed":["sneckomod:Unknown0Cost"],"damage_healed":75.0,"max_hp_gain":0.0,"max_hp_loss":0.0,"gold_gain":0.0,"event_name":"Bonfire Elementals","player_choice":"Offered Uncommon","floor":12.0,"gold_loss":0.0,"damage_taken":0.0}],"is_beta":false,"boss_relics":[],"items_purged_floors":[],"is_endless":false,"potions_floor_spawned":[8,10,11,14],"killed_by":"downfall:Defect","ascension_level":0}}