{"host":"w0kqlntohdoatj1w","time":1609739964,"event":{"mods":["AchievementEnabler","BaseMod","Minty Spire (QoL Compilation)"],"gold_per_floor":[99,99,99,49,49,49,49,49,49,49,49,49,49,49,49,49,49,49,49,49,49],"floor_reached":20,"playtime":1625,"items_purged":[],"score":263,"play_id":"ce2b4f1a-de43-4c1c-a4fb-1435eeab7fa6","local_time":"20210103235924","is_ascension_mode":false,"campfire_choices":[{"data":"Dualcast","floor":6,"key":"SMITH"},{"data":"Defragment","floor":11,"key":"SMITH"},{"data":"Turbo","floor":15,"key":"SMITH"}],"circlet_count":0,"master_deck":["Strike_B","Defend_B","Defend_B","Defend_B","Defend_B","Zap","Dualcast+1","Rebound","Cold Snap","Cold Snap","Conserve Battery","Electrodynamics","Defragment+1","Sunder","Turbo+1","Rebound","Stack","Creative AI","Rebound","Writhe"],"relics":["Ectoplasm","Bag of Marbles","Nunchaku","Kunai","Empty Cage","Dream Catcher"],"acts_visited":["Exordium","TheCity"],"potions_floor_usage":[],"damage_taken":[{"damage":3,"enemies":"Small Slimes","floor":1,"turns":3},{"damage":1,"enemies":"Jaw Worm","floor":2,"turns":3},{"damage":0,"enemies":"2 Louse","floor":3,"turns":2},{"damage":4,"enemies":"Red Slaver","floor":5,"turns":3},{"damage":14,"enemies":"Lagavulin","floor":7,"turns":7},{"damage":0,"enemies":"Blue Slaver","floor":8,"turns":3},{"damage":0,"enemies":"Large Slime","floor":10,"turns":4},{"damage":0,"enemies":"Gremlin Nob","floor":12,"turns":3},{"damage":5,"enemies":"Gremlin Gang","floor":13,"turns":2},{"damage":3,"enemies":"Lots of Slimes","floor":14,"turns":2},{"damage":3,"enemies":"The Guardian","floor":16,"turns":12},{"damage":17,"enemies":"Shell Parasite","floor":18,"turns":5},{"damage":28,"enemies":"3 Byrds","floor":20,"turns":3}],"seed_played":"-5264888884723701302","potions_obtained":[{"floor":3,"key":"BlessingOfTheForge"},{"floor":5,"key":"DistilledChaos"},{"floor":8,"key":"Weak Potion"},{"floor":10,"key":"SneckoOil"}],"is_trial":false,"path_per_floor":["M","M","M","?","M","R","E","M","T","M","R","E","M","M","R","B",null,"M","?","M"],"character_chosen":"DEFECT","items_purchased":[],"campfire_rested":0,"item_purchase_floors":[],"current_hp_per_floor":[72,71,71,71,67,67,53,53,53,53,53,53,48,45,45,42,75,58,58,30,30],"gold":49,"neow_bonus":"BOSS_RELIC","is_daily":false,"chose_seed":false,"campfire_upgraded":3,"win_rate":0.0,"timestamp":1609739964,"path_taken":["M","M","M","?","M","R","E","M","T","M","R","E","M","M","R","BOSS","M","?","M"],"items_purchased_type":[],"build_version":"2020-12-22","purchased_purges":0,"victory":false,"max_hp_per_floor":[75,75,75,75,75,75,75,75,75,75,75,75,75,75,75,75,75,75,75,75,75],"card_choices":[{"not_picked":["Cold Snap","Leap"],"picked":"Rebound","floor":1},{"not_picked":["Ball Lightning","Undo"],"picked":"Cold Snap","floor":2},{"not_picked":["Sweeping Beam","Reprogram"],"picked":"Cold Snap","floor":3},{"not_picked":["Melter","Stack"],"picked":"Conserve Battery","floor":5},{"not_picked":["Auto Shields","Conserve Battery"],"picked":"Electrodynamics","floor":7},{"not_picked":["Coolheaded","Redo"],"picked":"Defragment","floor":8},{"not_picked":["Beam Cell","Ball Lightning"],"picked":"Sunder","floor":10},{"not_picked":["Sweeping Beam","Rip and Tear"],"picked":"Turbo","floor":12},{"not_picked":["Compile Driver","Sweeping Beam"],"picked":"Rebound","floor":13},{"not_picked":["Go for the Eyes","Gash"],"picked":"Stack","floor":14},{"not_picked":["Reboot","Seek"],"picked":"Creative AI","floor":16},{"not_picked":["Gash+1","Steam+1"],"picked":"Rebound","floor":18}],"player_experience":73829,"relics_obtained":[{"floor":7,"key":"Bag of Marbles"},{"floor":9,"key":"Nunchaku"},{"floor":12,"key":"Kunai"}],"event_choices":[{"cards_removed":["Strike_B"],"damage_healed":0,"gold_gain":0,"player_choice":"Card Removal","damage_taken":0,"max_hp_gain":0,"max_hp_loss":0,"event_name":"The Cleric","floor":4,"gold_loss":50},{"damage_healed":0,"gold_gain":0,"player_choice":"Opened","damage_taken":0,"relics_obtained":["Dream Catcher"],"max_hp_gain":0,"max_hp_loss":0,"event_name":"The Mausoleum","floor":19,"gold_loss":0,"cards_obtained":["Writhe"]}],"is_beta":false,"boss_relics":[{"not_picked":["Runic Pyramid","Coffee Dripper"],"picked":"Empty Cage"}],"items_purged_floors":[],"is_endless":false,"potions_floor_spawned":[3,5,8,10],"killed_by":"3 Byrds","ascension_level":0}}