{"host":"anox4050deqdcqoh","time":1609735531,"event":{"mods":["BaseMod","Colored Map","Highlight Path","Minty Spire (QoL Compilation)","Quick Restart","Rare Cards Sparkle","everything is the same but u backflip on backflip"],"gold_per_floor":[214,214,214,11,31,31,66,66,66,97,97,131,148,165,165,270,320,306,306,318,328,104,104,119,119,119,136,150,150,150,161,161,259,259,269,15,15,15,32,32,50,50,50,68,68,68,68,83,83,83,83,83,44,44,44],"floor_reached":54,"playtime":7935,"items_purged":["Rupture","Writhe"],"score":739,"play_id":"07f3c621-220b-480f-9778-5b1d063ed8a9","local_time":"20210103234531","is_ascension_mode":true,"campfire_choices":[{"floor":6.0,"key":"RECALL"},{"floor":8.0,"key":"REST"},{"floor":11.0,"key":"REST"},{"floor":15.0,"key":"REST"},{"data":"Perfected Strike","floor":23,"key":"SMITH"},{"floor":29,"key":"REST"},{"floor":32,"key":"REST"},{"data":"Impervious","floor":40,"key":"SMITH"},{"data":"Wild Strike","floor":42,"key":"SMITH"},{"data":"Rage","floor":45,"key":"SMITH"},{"data":"Exhume","floor":47,"key":"SMITH"},{"floor":49,"key":"REST"},{"data":"Entrench","floor":52,"key":"SMITH"}],"circlet_count":0,"master_deck":["Strike_R+1","Strike_R","Strike_R","Strike_R","Strike_R","Defend_R","Defend_R","Defend_R","Defend_R","Bash","Thunderclap","Feel No Pain","Shrug It Off","Perfected Strike+1","Disarm","Shrug It Off","Impervious+1","Wild Strike+1","Demon Form","Entrench+1","Thunderclap","Fire Breathing","Pommel Strike","Rage+1","Fire Breathing","Disarm","Barricade+1","Evolve+1","Exhume+1","CurseOfTheBell","Body Slam+1","Battle Trance+1","Battle Trance+1","Pommel Strike+1","Limit Break+1","Shockwave+1"],"relics":["Burning Blood","Gremlin Horn","Membership Card","Darkstone Periapt","Mummified Hand","FossilizedHelix","Pen Nib","Tiny House","Mango","Question Card","Calling Bell","Magic Flower","Meat on the Bone","Art of War","ClockworkSouvenir","Toxic Egg 2","Mercury Hourglass","Frozen Egg 2"],"acts_visited":["Exordium","TheCity","TheBeyond","TheEnding"],"potions_floor_usage":[24,27,33,50,54,54],"damage_taken":[{"damage":6.0,"enemies":"Jaw Worm","floor":1.0,"turns":3.0},{"damage":0.0,"enemies":"Small Slimes","floor":5.0,"turns":3.0},{"damage":48.0,"enemies":"Lagavulin","floor":7.0,"turns":9.0},{"damage":30.0,"enemies":"Gremlin Nob","floor":10.0,"turns":5.0},{"damage":52.0,"enemies":"Lagavulin","floor":12.0,"turns":13.0},{"damage":0.0,"enemies":"2 Louse","floor":13.0,"turns":3.0},{"damage":0.0,"enemies":"Large Slime","floor":14.0,"turns":9.0},{"damage":43.0,"enemies":"The Guardian","floor":16.0,"turns":18.0},{"damage":22,"enemies":"2 Thieves","floor":18,"turns":4},{"damage":24,"enemies":"Chosen","floor":20,"turns":5},{"damage":14,"enemies":"Centurion and Healer","floor":21,"turns":5},{"damage":0,"enemies":"Snake Plant","floor":24,"turns":2},{"damage":31,"enemies":"3 Cultists","floor":27,"turns":7},{"damage":29,"enemies":"Chosen and Byrds","floor":28,"turns":5},{"damage":23,"enemies":"Centurion and Healer","floor":31,"turns":7},{"damage":40,"enemies":"Champ","floor":33,"turns":13},{"damage":32,"enemies":"Orb Walker","floor":35,"turns":6},{"damage":4,"enemies":"3 Shapes","floor":39,"turns":7},{"damage":3,"enemies":"Jaw Worm Horde","floor":41,"turns":6},{"damage":30,"enemies":"3 Darklings","floor":44,"turns":5},{"damage":11,"enemies":"Sphere and 2 Shapes","floor":48,"turns":3},{"damage":56,"enemies":"Time Eater","floor":50,"turns":12},{"damage":119,"enemies":"Shield and Spear","floor":54,"turns":6}],"seed_played":"6454915754466638373","potions_obtained":[{"floor":1.0,"key":"Weak Potion"},{"floor":5.0,"key":"GamblersBrew"},{"floor":13.0,"key":"Strength Potion"},{"floor":14.0,"key":"HeartOfIron"},{"floor":17,"key":"Fire Potion"},{"floor":18,"key":"GamblersBrew"},{"floor":24,"key":"SkillPotion"},{"floor":28,"key":"DistilledChaos"},{"floor":33,"key":"EssenceOfSteel"},{"floor":39,"key":"SpeedPotion"}],"is_trial":false,"path_per_floor":["M","?","?","$","M","R","E","R","T","E","R","E","M","M","R","B",null,"M","?","M","M","$","R","M","?","T","M","M","R","?","M","R","B",null,"M","$","T","$","M","R","M","R","T","M","R","?","R","M","R","B",null,"R","$","E"],"character_chosen":"IRONCLAD","items_purchased":["Membership Card","Feel No Pain","Shrug It Off","Mango","Fire Breathing","ClockworkSouvenir","Toxic Egg 2","Shockwave+1"],"campfire_rested":6,"item_purchase_floors":[4,4,4,22,22,36,36,53],"current_hp_per_floor":[80,77,77,77,80,80,38,62,62,38,62,16,22,28,52,15,85,69,69,51,43,57,57,63,69,69,44,21,52,52,35,66,32,111,88,88,88,88,93,93,99,99,99,78,78,78,78,76,109,80,111,111,111,0,0],"gold":44,"neow_bonus":"HUNDRED_GOLD","is_daily":false,"chose_seed":false,"campfire_upgraded":6,"win_rate":0.0,"timestamp":1609735531,"path_taken":["M","?","?","$","M","R","E","R","T","E","R","E","?","M","R","BOSS","M","?","M","M","$","R","M","?","T","M","M","R","?","M","R","BOSS","M","$","?","$","M","R","M","R","T","M","R","?","R","?","R","BOSS","R","$","E"],"items_purchased_type":["Relic","Card","Card","Relic","Card","Relic","Relic","Card"],"build_version":"2020-12-22","purchased_purges":2,"victory":false,"max_hp_per_floor":[80,80,80,80,80,80,80,80,80,80,80,80,80,80,80,80,85,85,85,85,85,99,99,99,105,105,105,105,105,105,105,105,105,111,111,111,111,111,111,111,111,111,111,111,111,111,111,111,111,111,111,111,111,111,111],"card_choices":[{"not_picked":["Reckless Charge","Sword Boomerang"],"picked":"Thunderclap","floor":1.0},{"not_picked":["Twin Strike","Burning Pact"],"picked":"Perfected Strike","floor":5.0},{"not_picked":["Body Slam","Flex"],"picked":"Disarm","floor":7.0},{"not_picked":["Havoc","Headbutt"],"picked":"Shrug It Off","floor":10.0},{"not_picked":["Pummel","Thunderclap"],"picked":"Impervious","floor":12.0},{"not_picked":["Armaments","Headbutt"],"picked":"Rupture","floor":13.0},{"not_picked":["Blood for Blood","Heavy Blade"],"picked":"Wild Strike","floor":14.0},{"not_picked":["Feed","Fiend Fire"],"picked":"Demon Form","floor":16.0},{"not_picked":["Anger","Iron Wave"],"picked":"Entrench","floor":17},{"not_picked":["Clothesline","Body Slam"],"picked":"Thunderclap","floor":18},{"not_picked":["Thunderclap","Blood for Blood+1"],"picked":"Pommel Strike","floor":20},{"not_picked":["Clothesline","Sword Boomerang"],"picked":"Rage","floor":21},{"not_picked":["Sword Boomerang","Shrug It Off"],"picked":"Disarm","floor":24},{"not_picked":["Thunderclap","Shrug It Off","True Grit"],"picked":"Barricade","floor":27},{"not_picked":["Sword Boomerang","Dropkick","Clothesline+1","True Grit"],"picked":"SKIP","floor":28},{"not_picked":["Thunderclap","Clash+1","Perfected Strike"],"picked":"Evolve+1","floor":31},{"not_picked":["Feed","Barricade","Impervious"],"picked":"Exhume","floor":33},{"not_picked":["Havoc+1","Warcry","Battle Trance+1"],"picked":"Body Slam+1","floor":35},{"not_picked":["Sentinel+1","Spot Weakness+1","Shrug It Off+1"],"picked":"Battle Trance+1","floor":39},{"not_picked":["Bloodletting+1","Perfected Strike+1","Dual Wield+1"],"picked":"Battle Trance+1","floor":41},{"not_picked":["Rupture+1","Perfected Strike+1","Combust+1"],"picked":"Pommel Strike+1","floor":44},{"not_picked":["Fiend Fire","Havoc+1","Sentinel+1","Sever Soul+1"],"picked":"SKIP","floor":48}],"player_experience":263592,"relics_obtained":[{"floor":7.0,"key":"Darkstone Periapt"},{"floor":9.0,"key":"Mummified Hand"},{"floor":10.0,"key":"FossilizedHelix"},{"floor":12.0,"key":"Pen Nib"},{"floor":34,"key":"Magic Flower"},{"floor":34,"key":"Meat on the Bone"},{"floor":34,"key":"Art of War"},{"floor":37,"key":"Mercury Hourglass"},{"floor":43,"key":"Frozen Egg 2"}],"event_choices":[{"damage_healed":0.0,"max_hp_gain":0.0,"max_hp_loss":0.0,"gold_gain":0.0,"event_name":"Scrap Ooze","player_choice":"Success","floor":2.0,"gold_loss":0.0,"damage_taken":3.0,"relics_obtained":["Gremlin Horn"]},{"damage_healed":0.0,"max_hp_gain":0.0,"max_hp_loss":0.0,"gold_gain":0.0,"event_name":"Liars Game","player_choice":"Ignored","floor":3.0,"gold_loss":0.0,"damage_taken":0.0},{"damage_healed":0,"gold_gain":0,"player_choice":"Read","damage_taken":0,"max_hp_gain":0,"max_hp_loss":0,"event_name":"The Library","floor":19,"gold_loss":0,"cards_obtained":["Fire Breathing"]},{"damage_healed":0,"gold_gain":0,"player_choice":"Opened","damage_taken":0,"relics_obtained":["Question Card"],"max_hp_gain":0,"max_hp_loss":0,"event_name":"The Mausoleum","floor":25,"gold_loss":0,"cards_obtained":["Writhe"]},{"damage_healed":0,"gold_gain":0,"player_choice":"Upgraded","damage_taken":0,"max_hp_gain":0,"max_hp_loss":0,"event_name":"Upgrade Shrine","floor":30,"gold_loss":0,"cards_upgraded":["Barricade"]},{"damage_healed":0,"gold_gain":0,"player_choice":"1 cards matched","damage_taken":0,"max_hp_gain":0,"max_hp_loss":0,"event_name":"Match and Keep!","floor":46,"gold_loss":0,"cards_obtained":["Limit Break"]}],"is_beta":false,"boss_relics":[{"not_picked":["Runic Cube","Fusion Hammer"],"picked":"Tiny House"},{"not_picked":["Cursed Key","SacredBark"],"picked":"Calling Bell"}],"items_purged_floors":[22,36],"is_endless":false,"potions_floor_spawned":[1,5,13,14,18,21,24,28,33,35,39],"killed_by":"Shield and Spear","ascension_level":1}}