{"host":"2e3z4r48quhw80cc","time":1609752014,"event":{"mods":["BaseMod","Minty Spire (QoL Compilation)","Quick Restart","StSLib","SuperFastMode"],"gold_per_floor":[119,136,136,136,85,85,110,168,168,18,45,45,45,78,78,183,183,193,493,493,513,173,201,201,231,278,304,128,162,65,82,82,184,184,196,196,196,242,257,36,63,63,114,149,149,149,23,50,50,50],"floor_reached":51,"playtime":3500,"items_purged":["Strike_G","Defend_G","Strike_G","Defend_G"],"score":1141,"play_id":"df0e4377-8f09-4d11-8ad5-fb0a4fbf5a1c","local_time":"20210104182014","is_ascension_mode":true,"campfire_choices":[{"data":"Cloak And Dagger","floor":6.0,"key":"SMITH"},{"floor":12.0,"key":"REST"},{"data":"Blade Dance","floor":15.0,"key":"SMITH"},{"data":"A Thousand Cuts","floor":24.0,"key":"SMITH"},{"data":"Terror","floor":32.0,"key":"SMITH"},{"data":"After Image","floor":42.0,"key":"SMITH"},{"data":"Well Laid Plans","floor":46.0,"key":"SMITH"},{"data":"Wraith Form v2","floor":49,"key":"SMITH"}],"circlet_count":0,"master_deck":["Defend_G+1","Defend_G+1","Survivor","Neutralize+1","Footwork","Blade Dance+1","Cloak And Dagger+1","Backstab","Escape Plan","Bullet Time","Terror+1","A Thousand Cuts+1","Finisher+1","Well Laid Plans+1","Deflect+1","Infinite Blades+1","Wraith Form v2+1","Accuracy","Backflip","Accuracy","Cloak And Dagger","After Image+1","Backflip+1","After Image","Cloak And Dagger+1"],"relics":["Ring of the Snake","NeowsBlessing","Snake Skull","Tiny Chest","Matryoshka","Anchor","Turnip","Black Star","Old Coin","Art of War","WingedGreaves","Membership Card","Torii","Mango","Bottled Flame","Ninja Scroll","Vajra","Pen Nib","Whetstone","Happy Flower","Omamori","Lee\u0027s Waffle","Pantograph","Regal Pillow","Empty Cage","White Beast Statue","Unceasing Top","Calipers","DollysMirror","Eternal Feather","Paper Crane","Centennial Puzzle","Toxic Egg 2","Bag of Preparation","Molten Egg 2","Bronze Scales"],"acts_visited":["Exordium","TheCity","TheBeyond"],"potions_floor_usage":[48,48,50],"damage_taken":[{"damage":0.0,"enemies":"Jaw Worm","floor":1.0,"turns":1.0},{"damage":0.0,"enemies":"Small Slimes","floor":2.0,"turns":1.0},{"damage":0.0,"enemies":"Gremlin Nob","floor":7.0,"turns":1.0},{"damage":30.0,"enemies":"Lagavulin Event","floor":8.0,"turns":9.0},{"damage":9.0,"enemies":"3 Sentries","floor":11.0,"turns":9.0},{"damage":8.0,"enemies":"Lagavulin","floor":14.0,"turns":10.0},{"damage":25.0,"enemies":"Slime Boss","floor":16.0,"turns":19.0},{"damage":6.0,"enemies":"Spheric Guardian","floor":18.0,"turns":4.0},{"damage":0.0,"enemies":"Chosen","floor":21.0,"turns":4.0},{"damage":54.0,"enemies":"Gremlin Leader","floor":23.0,"turns":10.0},{"damage":1.0,"enemies":"Slavers","floor":25.0,"turns":6.0},{"damage":0.0,"enemies":"Gremlin Leader","floor":27.0,"turns":2.0},{"damage":0.0,"enemies":"Slavers","floor":29.0,"turns":4.0},{"damage":0.0,"enemies":"Centurion and Healer","floor":31.0,"turns":4.0},{"damage":0.0,"enemies":"Champ","floor":33.0,"turns":6.0},{"damage":7.0,"enemies":"3 Darklings","floor":35.0,"turns":5.0},{"damage":0.0,"enemies":"2 Orb Walkers","floor":38.0,"turns":3.0},{"damage":0.0,"enemies":"3 Shapes","floor":39.0,"turns":3.0},{"damage":10.0,"enemies":"Nemesis","floor":41.0,"turns":5.0},{"damage":0.0,"enemies":"Giant Head","floor":44.0,"turns":5.0},{"damage":0,"enemies":"Reptomancer","floor":48,"turns":4},{"damage":1,"enemies":"Time Eater","floor":50,"turns":6}],"seed_played":"7857372545596719152","potions_obtained":[{"floor":2.0,"key":"FearPotion"},{"floor":7.0,"key":"EssenceOfSteel"},{"floor":14.0,"key":"AttackPotion"},{"floor":16.0,"key":"GamblersBrew"},{"floor":18.0,"key":"AttackPotion"},{"floor":25.0,"key":"Poison Potion"},{"floor":35.0,"key":"Dexterity Potion"},{"floor":38.0,"key":"Block Potion"},{"floor":39.0,"key":"Regen Potion"},{"floor":41.0,"key":"SneckoOil"},{"floor":44.0,"key":"Dexterity Potion"},{"floor":48,"key":"Fruit Juice"}],"is_trial":false,"path_per_floor":["M","M","?","?","$","R","E","?","T","$","E","R","?","E","R","B",null,"M","?","T","M","$","E","R","E","T","E","$","E","$","M","R","B",null,"M","?","T","?","M","$","E","R","T","E","?","R","$","E","R","B",null],"character_chosen":"THE_SILENT","items_purchased":["Cloak And Dagger","Bullet Time","Membership Card","Torii","Lee\u0027s Waffle","Accuracy","Backflip","Accuracy","Calipers","DollysMirror","Cloak And Dagger+1","Energy Potion"],"campfire_rested":1,"item_purchase_floors":[5,10,22,22,28,28,28,30,40,40,47,47],"current_hp_per_floor":[70,70,56,61,61,61,61,31,31,31,22,44,37,29,29,4,75,69,69,69,69,69,29,29,28,28,28,96,96,96,96,96,96,96,89,89,89,89,89,89,91,96,96,96,96,96,96,101,101,100],"gold":50,"neow_bonus":"THREE_ENEMY_KILL","is_daily":false,"chose_seed":false,"campfire_upgraded":7,"win_rate":0.0,"timestamp":1609752014,"path_taken":["M","M","?","?","$","R","E","?","T","?","E","R","?","E","R","BOSS","M","?","?","M","?","E","R","E","T","E","$","E","$","?","R","BOSS","M","?","?","?","M","$","E","R","T","E","?","R","$","E","R","BOSS"],"items_purchased_type":["Card","Card","Relic","Relic","Relic","Card","Card","Card","Relic","Relic","Card","Potion"],"build_version":"2020-12-22","purchased_purges":4,"victory":true,"max_hp_per_floor":[70,70,70,75,75,75,75,75,75,75,75,75,75,75,75,75,75,75,75,75,75,75,89,89,89,89,89,96,96,96,96,96,96,96,96,96,96,96,96,96,96,96,96,96,96,96,96,101,101,101],"card_choices":[{"not_picked":["Flying Knee","Backflip"],"picked":"Footwork","floor":1.0},{"not_picked":["Bane","Prepared"],"picked":"Blade Dance","floor":2.0},{"not_picked":["Blade Dance","Footwork"],"picked":"Backstab","floor":7.0},{"not_picked":["Flechettes","Dodge and Roll"],"picked":"Escape Plan","floor":8.0},{"not_picked":["Acrobatics","Dagger Throw","Skewer"],"picked":"SKIP","floor":11.0},{"not_picked":["Bane","Flying Knee"],"picked":"Terror","floor":14.0},{"not_picked":["Bullet Time","Glass Knife"],"picked":"A Thousand Cuts","floor":16.0},{"not_picked":["Tactician","Expertise"],"picked":"Finisher+1","floor":18.0},{"not_picked":["Slice","Reflex"],"picked":"Well Laid Plans","floor":21.0},{"not_picked":["Terror","All Out Attack"],"picked":"Deflect+1","floor":23.0},{"not_picked":["Poisoned Stab","Quick Slash+1"],"picked":"Infinite Blades+1","floor":25.0},{"not_picked":["Acrobatics","Dagger Throw"],"picked":"Wraith Form v2","floor":27.0},{"not_picked":["Quick Slash","Deflect","Dagger Spray"],"picked":"SKIP","floor":29.0},{"not_picked":["Crippling Poison","Riddle With Holes"],"picked":"Cloak And Dagger","floor":31.0},{"not_picked":["Doppelganger","Envenom"],"picked":"After Image","floor":33.0},{"not_picked":["Dodge and Roll+1","Crippling Poison","Infinite Blades"],"picked":"SKIP","floor":35.0},{"not_picked":["Slice+1","Acrobatics"],"picked":"Backflip+1","floor":38.0},{"not_picked":["Dagger Spray","All Out Attack","Well Laid Plans"],"picked":"SKIP","floor":39.0},{"not_picked":["Dodge and Roll+1","Sucker Punch","Flying Knee+1"],"picked":"SKIP","floor":41.0},{"not_picked":["Dodge and Roll+1","Sucker Punch","Flying Knee+1"],"picked":"SKIP","floor":41.0},{"not_picked":["Bane+1","Well Laid Plans+1","Crippling Poison+1"],"picked":"SKIP","floor":44.0},{"not_picked":["Footwork","Backstab+1","Dagger Throw+1"],"picked":"SKIP","floor":48}],"player_experience":34852,"relics_obtained":[{"floor":7.0,"key":"Snake Skull"},{"floor":8.0,"key":"Tiny Chest"},{"floor":9.0,"key":"Matryoshka"},{"floor":11.0,"key":"Anchor"},{"floor":14.0,"key":"Turnip"},{"floor":20.0,"key":"Art of War"},{"floor":20.0,"key":"WingedGreaves"},{"floor":23.0,"key":"Mango"},{"floor":23.0,"key":"Bottled Flame"},{"floor":25.0,"key":"Ninja Scroll"},{"floor":25.0,"key":"Vajra"},{"floor":26.0,"key":"Pen Nib"},{"floor":26.0,"key":"Whetstone"},{"floor":27.0,"key":"Happy Flower"},{"floor":27.0,"key":"Omamori"},{"floor":29.0,"key":"Pantograph"},{"floor":29.0,"key":"Regal Pillow"},{"floor":37.0,"key":"White Beast Statue"},{"floor":38.0,"key":"Unceasing Top"},{"floor":41.0,"key":"Eternal Feather"},{"floor":41.0,"key":"Paper Crane"},{"floor":43.0,"key":"Centennial Puzzle"},{"floor":44.0,"key":"Toxic Egg 2"},{"floor":44.0,"key":"Bag of Preparation"},{"floor":48,"key":"Molten Egg 2"},{"floor":48,"key":"Bronze Scales"}],"event_choices":[{"damage_healed":0.0,"max_hp_gain":0.0,"max_hp_loss":0.0,"gold_gain":0.0,"event_name":"Shining Light","player_choice":"Entered Light","floor":3.0,"gold_loss":0.0,"damage_taken":14.0,"cards_upgraded":["Defend_G","Defend_G"]},{"damage_healed":0.0,"max_hp_gain":5.0,"max_hp_loss":0.0,"gold_gain":0.0,"event_name":"Big Fish","player_choice":"Donut","floor":4.0,"gold_loss":0.0,"damage_taken":0.0},{"damage_healed":0.0,"max_hp_gain":0.0,"max_hp_loss":0.0,"gold_gain":0.0,"event_name":"Dead Adventurer","player_choice":"Searched \u00271\u0027 times","floor":8.0,"gold_loss":0.0,"damage_taken":0.0},{"cards_removed":["Strike_G"],"damage_healed":0.0,"max_hp_gain":0.0,"max_hp_loss":0.0,"gold_gain":0.0,"event_name":"Golden Wing","player_choice":"Card Removal","floor":13.0,"gold_loss":0.0,"damage_taken":7.0},{"damage_healed":0.0,"max_hp_gain":0.0,"max_hp_loss":0.0,"gold_gain":0.0,"event_name":"WeMeetAgain","player_choice":"Gave Potion","floor":19.0,"gold_loss":0.0,"damage_taken":0.0,"relics_obtained":["Old Coin"]},{"damage_healed":0.0,"max_hp_gain":0.0,"max_hp_loss":0.0,"gold_gain":0.0,"event_name":"Tomb of Lord Red Mask","player_choice":"Ignored","floor":36.0,"gold_loss":0.0,"damage_taken":0.0},{"damage_healed":0.0,"max_hp_gain":0.0,"max_hp_loss":0.0,"gold_gain":0.0,"event_name":"Mysterious Sphere","player_choice":"Fight","floor":38.0,"gold_loss":0.0,"damage_taken":0.0},{"cards_removed":["Strike_G"],"damage_healed":0.0,"max_hp_gain":0.0,"max_hp_loss":0.0,"gold_gain":0.0,"event_name":"Falling","player_choice":"Removed Attack","floor":45.0,"gold_loss":0.0,"damage_taken":0.0}],"is_beta":false,"boss_relics":[{"not_picked":["Coffee Dripper","Ectoplasm"],"picked":"Black Star"},{"not_picked":["Tiny House","Fusion Hammer"],"picked":"Empty Cage"}],"items_purged_floors":[22,28,30,47],"is_endless":false,"potions_floor_spawned":[2,7,14,16,18,25,33,35,38,39,41,44,48],"ascension_level":1}}