{"host":"ad59wuc8ynh8u2z6","time":1609787736,"event":{"mods":["AchievementEnabler","BaseMod","Colored Powertips","DeckTracker","Highlight Path","Minty Spire (QoL Compilation)","Permanent Neow"],"gold_per_floor":[109,120,139,156,156,191,191,226,298,312,312,326,326,343,343,343,343],"floor_reached":16,"playtime":943,"items_purged":[],"score":120,"play_id":"6dc44bb4-73ca-4d59-8e89-b1d81c684840","local_time":"20210104201536","is_ascension_mode":true,"campfire_choices":[{"floor":7,"key":"REST"},{"floor":11,"key":"DIG"},{"floor":13,"key":"DIG"},{"floor":15,"key":"DIG"}],"circlet_count":0,"master_deck":["Strike_B","Strike_B","Strike_B","Strike_B","Defend_B","Defend_B","Defend_B","Defend_B","Zap","Dualcast","Multi-Cast","Aggregate+1","Stack","Hologram","Rebound","Seek","Steam Power"],"relics":["Cracked Core","CaptainsWheel","Shovel","Pantograph","Centennial Puzzle","FossilizedHelix","Juzu Bracelet"],"acts_visited":["Exordium"],"potions_floor_usage":[6,8],"damage_taken":[{"damage":3.0,"enemies":"Small Slimes","floor":1.0,"turns":3.0},{"damage":1.0,"enemies":"Cultist","floor":2.0,"turns":3.0},{"damage":0.0,"enemies":"2 Louse","floor":3.0,"turns":2.0},{"damage":7.0,"enemies":"Blue Slaver","floor":4.0,"turns":3.0},{"damage":39,"enemies":"Lagavulin","floor":6,"turns":10},{"damage":12,"enemies":"Gremlin Nob","floor":8,"turns":4},{"damage":3,"enemies":"3 Louse","floor":10,"turns":3},{"damage":11,"enemies":"Lots of Slimes","floor":12,"turns":5},{"damage":0,"enemies":"Exordium Wildlife","floor":14,"turns":2},{"damage":39,"enemies":"Hexaghost","floor":16,"turns":9}],"seed_played":"-7573208502493803624","potions_obtained":[{"floor":3.0,"key":"Dexterity Potion"},{"floor":6,"key":"BlessingOfTheForge"},{"floor":14,"key":"Dexterity Potion"}],"is_trial":false,"path_per_floor":["M","M","M","M","?","E","R","E","T","M","R","M","R","M","R","B"],"character_chosen":"DEFECT","items_purchased":[],"campfire_rested":1,"item_purchase_floors":[],"current_hp_per_floor":[65,64,64,57,57,18,38,26,26,23,23,12,12,12,12,0,0],"gold":343,"neow_bonus":"THREE_RARE_CARDS","is_daily":false,"chose_seed":false,"campfire_upgraded":0,"win_rate":0.0,"timestamp":1609787736,"path_taken":["M","M","M","M","?","E","R","E","T","M","R","?","R","M","R","BOSS"],"items_purchased_type":[],"build_version":"2020-12-22","purchased_purges":0,"victory":false,"max_hp_per_floor":[68,68,68,68,68,68,68,68,68,68,68,68,68,68,68,68,68],"card_choices":[{"not_picked":["Rainbow","Reboot"],"picked":"Multi-Cast","floor":0.0},{"not_picked":["Steam","Gash"],"picked":"Aggregate","floor":1.0},{"not_picked":["Steam","Compile Driver","Scrape"],"picked":"SKIP","floor":2.0},{"not_picked":["Hello World","Barrage"],"picked":"Stack","floor":3.0},{"not_picked":["FTL","Ball Lightning"],"picked":"Hologram","floor":4.0},{"not_picked":["Creative AI","Streamline"],"picked":"Rebound","floor":6},{"not_picked":["Gash","Force Field","Redo"],"picked":"SKIP","floor":8},{"not_picked":["Conserve Battery","Compile Driver"],"picked":"Seek","floor":10},{"not_picked":["Gash","Redo"],"picked":"Steam Power","floor":12},{"not_picked":["Capacitor","Barrage","Steam"],"picked":"SKIP","floor":14}],"player_experience":28786,"relics_obtained":[{"floor":6,"key":"CaptainsWheel"},{"floor":8,"key":"Shovel"},{"floor":9,"key":"Pantograph"},{"floor":11,"key":"Centennial Puzzle"},{"floor":13,"key":"FossilizedHelix"},{"floor":15,"key":"Juzu Bracelet"}],"event_choices":[{"damage_healed":0.0,"max_hp_gain":0.0,"max_hp_loss":0.0,"gold_gain":0.0,"event_name":"Upgrade Shrine","player_choice":"Upgraded","floor":5.0,"gold_loss":0.0,"damage_taken":0.0,"cards_upgraded":["Aggregate"]}],"is_beta":false,"boss_relics":[],"items_purged_floors":[],"is_endless":false,"potions_floor_spawned":[3,6,14],"killed_by":"Hexaghost","ascension_level":1}}