{"host":"31s8hzukbhz1k6i6","time":1609780703,"event":{"mods":["AchievementEnabler","BaseMod","Bestiary","Colored Map","Filter the Spire","Minty Spire (QoL Compilation)","Relic Stats","ojb\u0027s Info Mod"],"gold_per_floor":[110,123,139,139,21,21,51,62,62,62,92,103,103,117,117,192,192,208,224,149,162,162,190,190,202,202,236,236,263,276,303,303,376,376,386,411,424,424,437,437,464,464,464,464,476,495,495,548,548,548,548],"floor_reached":50,"playtime":3145,"items_purged":["Strike_G"],"score":1284,"play_id":"a0f9cbaf-46e5-439a-a8fc-42ceab4e2f75","local_time":"20210104091823","is_ascension_mode":true,"campfire_choices":[{"data":"Terror","floor":6.0,"key":"SMITH"},{"data":"Blade Dance","floor":13.0,"key":"SMITH"},{"data":"Well Laid Plans","floor":15.0,"key":"SMITH"},{"data":"Accuracy","floor":24.0,"key":"SMITH"},{"floor":32.0,"key":"REST"},{"data":"Envenom","floor":40.0,"key":"SMITH"},{"data":"After Image","floor":42.0,"key":"SMITH"},{"floor":44.0,"key":"REST"},{"data":"Cloak And Dagger","floor":47,"key":"SMITH"},{"floor":49,"key":"RECALL"}],"circlet_count":0,"master_deck":["AscendersBane","Defend_G","Defend_G","Defend_G","Survivor","Neutralize","Phantasmal Killer+1","Choke+1","Corpse Explosion+1","Blade Dance+1","Dagger Throw","Outmaneuver","Quick Slash","Terror+1","Sucker Punch","Acrobatics","Well Laid Plans+1","After Image+1","Blade Dance+1","Acrobatics+1","Accuracy+1","Dodge and Roll+1","Blur","Outmaneuver","Cloak And Dagger+1","Envenom+1","Backflip","Blur","Finisher","Adrenaline","Catalyst"],"relics":["Astrolabe","Bag of Preparation","Orichalcum","Gremlin Horn","Sozu","MutagenicStrength","Omamori","CaptainsWheel","Red Mask","Thread and Needle","Akabeko","Cursed Key","Tough Bandages","TungstenRod","Bottled Tornado","Mango"],"acts_visited":["Exordium","TheCity","TheBeyond"],"potions_floor_usage":[],"damage_taken":[{"damage":4.0,"enemies":"Jaw Worm","floor":1.0,"turns":3.0},{"damage":0.0,"enemies":"Cultist","floor":2.0,"turns":3.0},{"damage":6.0,"enemies":"Small Slimes","floor":3.0,"turns":2.0},{"damage":2.0,"enemies":"3 Sentries","floor":7.0,"turns":2.0},{"damage":0.0,"enemies":"Looter","floor":8.0,"turns":2.0},{"damage":5.0,"enemies":"Lagavulin","floor":11.0,"turns":3.0},{"damage":0.0,"enemies":"Large Slime","floor":12.0,"turns":2.0},{"damage":8.0,"enemies":"Exordium Thugs","floor":14.0,"turns":2.0},{"damage":7.0,"enemies":"Slime Boss","floor":16.0,"turns":6.0},{"damage":0.0,"enemies":"3 Byrds","floor":18.0,"turns":3.0},{"damage":19.0,"enemies":"Spheric Guardian","floor":19.0,"turns":4.0},{"damage":1.0,"enemies":"Centurion and Healer","floor":21.0,"turns":2.0},{"damage":13.0,"enemies":"Book of Stabbing","floor":23.0,"turns":3.0},{"damage":0.0,"enemies":"Cultist and Chosen","floor":25.0,"turns":2.0},{"damage":0.0,"enemies":"Masked Bandits","floor":27.0,"turns":1.0},{"damage":0.0,"enemies":"Slavers","floor":29.0,"turns":1.0},{"damage":0.0,"enemies":"Snake Plant","floor":30.0,"turns":3.0},{"damage":17.0,"enemies":"Book of Stabbing","floor":31.0,"turns":3.0},{"damage":0.0,"enemies":"Champ","floor":33.0,"turns":9.0},{"damage":0.0,"enemies":"3 Darklings","floor":35.0,"turns":2.0},{"damage":2.0,"enemies":"Mind Bloom Boss Battle","floor":36.0,"turns":5.0},{"damage":0.0,"enemies":"3 Shapes","floor":37.0,"turns":2.0},{"damage":12.0,"enemies":"Writhing Mass","floor":39.0,"turns":3.0},{"damage":24.0,"enemies":"Giant Head","floor":41.0,"turns":7.0},{"damage":4.0,"enemies":"3 Darklings","floor":45.0,"turns":3.0},{"damage":0,"enemies":"4 Shapes","floor":46,"turns":6},{"damage":6,"enemies":"2 Orb Walkers","floor":48,"turns":4},{"damage":29,"enemies":"Time Eater","floor":50,"turns":7}],"seed_played":"-7811962148638778671","potions_obtained":[{"floor":1.0,"key":"Explosive Potion"},{"floor":7.0,"key":"PowerPotion"},{"floor":12.0,"key":"Poison Potion"},{"floor":14.0,"key":"DuplicationPotion"}],"is_trial":false,"path_per_floor":["M","M","M","?","$","R","E","M","T","?","E","M","R","M","R","B",null,"M","M","?","M","?","E","R","M","T","?","?","E","M","E","R","B",null,"M","?","M","T","M","R","E","R","T","R","M","M","R","?","R","B"],"character_chosen":"THE_SILENT","items_purchased":["Terror"],"campfire_rested":2,"item_purchase_floors":[5],"current_hp_per_floor":[55,55,49,49,49,49,47,47,47,47,42,42,42,34,34,27,56,56,37,37,36,36,23,23,23,23,23,23,23,23,6,25,25,56,56,54,54,54,42,42,18,18,18,37,33,33,33,41,41,12,12],"gold":548,"neow_bonus":"BOSS_RELIC","is_daily":false,"chose_seed":false,"campfire_upgraded":7,"win_rate":0.0,"timestamp":1609780703,"path_taken":["M","M","M","?","$","R","E","M","T","?","E","M","R","M","R","BOSS","M","M","?","M","?","E","R","M","T","?","?","E","M","E","R","BOSS","M","?","M","?","M","R","E","R","T","R","M","M","R","?","R","BOSS"],"items_purchased_type":["Card"],"build_version":"2020-12-22","purchased_purges":1,"victory":false,"max_hp_per_floor":[66,66,66,66,66,66,66,66,66,66,66,66,66,66,66,66,66,66,66,66,66,66,66,66,66,66,66,66,66,66,66,66,66,66,66,66,66,66,66,66,66,66,66,66,66,66,66,80,80,80,80],"relic_stats":{"Sozu":9,"Tough Bandages":[57],"Gremlin Horn":[9,10],"counters":[28,95],"Astrolabe":["Phantasmal Killer","Choke","Corpse Explosion"],"Bag of Preparation":[48],"Orichalcum":[66],"Cursed Key":2,"obtain_stats":[{"Gremlin Horn":11,"Astrolabe":0,"Thread and Needle":29,"Mango":48,"Bag of Preparation":7,"Omamori":23,"Orichalcum":9,"Bottled Tornado":41,"Cursed Key":34,"Akabeko":31,"Sozu":17,"CaptainsWheel":26,"Tough Bandages":36,"MutagenicStrength":22,"Red Mask":27,"TungstenRod":38,"Ring of the Snake":0},{"Gremlin Horn":6,"Astrolabe":0,"Thread and Needle":16,"Mango":27,"Bag of Preparation":4,"Omamori":13,"Orichalcum":5,"Bottled Tornado":24,"Cursed Key":19,"Akabeko":18,"Sozu":9,"CaptainsWheel":14,"Tough Bandages":21,"MutagenicStrength":12,"Red Mask":15,"TungstenRod":22,"Ring of the Snake":0},{"Gremlin Horn":15,"Astrolabe":0,"Thread and Needle":41,"Mango":88,"Bag of Preparation":10,"Omamori":37,"Orichalcum":12,"Bottled Tornado":75,"Cursed Key":56,"Akabeko":47,"Sozu":25,"CaptainsWheel":39,"Tough Bandages":63,"MutagenicStrength":34,"Red Mask":40,"TungstenRod":65,"Ring of the Snake":0}],"TungstenRod":10},"card_choices":[{"not_picked":["Prepared","Sucker Punch"],"picked":"Blade Dance","floor":1.0},{"not_picked":["Heel Hook","Prepared"],"picked":"Dagger Throw","floor":2.0},{"not_picked":["Escape Plan","Prepared"],"picked":"Outmaneuver","floor":3.0},{"not_picked":["Eviscerate","Grand Finale"],"picked":"Sucker Punch","floor":7.0},{"not_picked":["Concentrate","Dagger Throw","Poisoned Stab"],"picked":"SKIP","floor":8.0},{"not_picked":["Deadly Poison","Backflip"],"picked":"Acrobatics","floor":11.0},{"not_picked":["Heel Hook","Deadly Poison","Corpse Explosion"],"picked":"SKIP","floor":12.0},{"not_picked":["Underhanded Strike","Distraction"],"picked":"Well Laid Plans","floor":14.0},{"not_picked":["Tools of the Trade","Venomology"],"picked":"After Image","floor":16.0},{"not_picked":["Infinite Blades","Choke"],"picked":"Blade Dance+1","floor":18.0},{"not_picked":["PiercingWail","Backstab+1"],"picked":"Acrobatics+1","floor":19.0},{"not_picked":["Bane+1","Slice","Dagger Throw"],"picked":"SKIP","floor":21.0},{"not_picked":["Slice","Bouncing Flask"],"picked":"Accuracy","floor":23.0},{"not_picked":["Flying Knee","Catalyst","Malaise"],"picked":"SKIP","floor":25.0},{"not_picked":["Prepared","Tactician"],"picked":"Dodge and Roll+1","floor":27.0},{"not_picked":["Reflex","Deadly Poison+1"],"picked":"Blur","floor":29.0},{"not_picked":["Deadly Poison","Predator"],"picked":"Outmaneuver","floor":30.0},{"not_picked":["Sucker Punch","Outmaneuver"],"picked":"Cloak And Dagger","floor":31.0},{"not_picked":["Phantasmal Killer","Bullet Time"],"picked":"Envenom","floor":33.0},{"not_picked":["Backflip","Poisoned Stab","Bane+1"],"picked":"SKIP","floor":35.0},{"not_picked":["Poisoned Stab","Bane+1"],"picked":"Backflip","floor":35.0},{"not_picked":["PiercingWail","Deadly Poison+1"],"picked":"Blur","floor":37.0},{"not_picked":["Quick Slash+1","Backflip","Dodge and Roll"],"picked":"SKIP","floor":39.0},{"not_picked":["Slice","Dagger Throw+1"],"picked":"Finisher","floor":41.0},{"not_picked":["Riddle With Holes","Distraction+1","Outmaneuver"],"picked":"SKIP","floor":45},{"not_picked":["Poisoned Stab+1","Reflex"],"picked":"Adrenaline","floor":46},{"not_picked":["Outmaneuver","Prepared"],"picked":"Catalyst","floor":48}],"player_experience":147995,"relics_obtained":[{"floor":7.0,"key":"Bag of Preparation"},{"floor":9.0,"key":"Orichalcum"},{"floor":11.0,"key":"Gremlin Horn"},{"floor":23.0,"key":"Omamori"},{"floor":26.0,"key":"CaptainsWheel"},{"floor":27.0,"key":"Red Mask"},{"floor":29.0,"key":"Thread and Needle"},{"floor":31.0,"key":"Akabeko"},{"floor":36.0,"key":"Tough Bandages"},{"floor":38.0,"key":"TungstenRod"},{"floor":41.0,"key":"Bottled Tornado"},{"floor":48,"key":"Mango"}],"event_choices":[{"damage_healed":0.0,"max_hp_gain":0.0,"max_hp_loss":0.0,"gold_gain":0.0,"cards_transformed":["Strike_G"],"event_name":"Living Wall","player_choice":"Change","floor":4.0,"gold_loss":0.0,"damage_taken":0.0,"cards_obtained":["Quick Slash"]},{"cards_removed":["Strike_G"],"damage_healed":0.0,"max_hp_gain":0.0,"max_hp_loss":0.0,"gold_gain":0.0,"event_name":"Purifier","player_choice":"Purged","floor":10.0,"gold_loss":0.0,"damage_taken":0.0},{"cards_removed":["Defend_G"],"damage_healed":0.0,"max_hp_gain":0.0,"max_hp_loss":0.0,"gold_gain":0.0,"event_name":"Beggar","player_choice":"Gave Gold","floor":20.0,"gold_loss":75.0,"damage_taken":0.0},{"damage_healed":0.0,"max_hp_gain":0.0,"max_hp_loss":0.0,"gold_gain":0.0,"event_name":"Drug Dealer","player_choice":"Inject Mutagens","floor":22.0,"gold_loss":0.0,"damage_taken":0.0,"relics_obtained":["MutagenicStrength"]},{"damage_healed":0.0,"max_hp_gain":0.0,"max_hp_loss":0.0,"gold_gain":0.0,"event_name":"Masked Bandits","player_choice":"Fought Bandits","floor":27.0,"gold_loss":0.0,"damage_taken":0.0},{"damage_healed":0.0,"max_hp_gain":0.0,"max_hp_loss":0.0,"gold_gain":0.0,"event_name":"Cursed Tome","player_choice":"Ignored","floor":28.0,"gold_loss":0.0,"damage_taken":0.0},{"damage_healed":0.0,"max_hp_gain":0.0,"max_hp_loss":0.0,"gold_gain":0.0,"event_name":"MindBloom","player_choice":"Fight","floor":36.0,"gold_loss":0.0,"damage_taken":0.0},{"damage_healed":0,"gold_gain":0,"player_choice":"Fight","damage_taken":0,"max_hp_gain":0,"max_hp_loss":0,"event_name":"Mysterious Sphere","floor":48,"gold_loss":0}],"is_beta":false,"boss_relics":[{"not_picked":["Runic Dome","Runic Pyramid"],"picked":"Sozu"},{"not_picked":["Philosopher\u0027s Stone","Busted Crown"],"picked":"Cursed Key"}],"items_purged_floors":[5],"is_endless":false,"potions_floor_spawned":[1,7,12,14,16,18,21,25,29,31,36,41,45,48],"killed_by":"Time Eater","ascension_level":20}}