{"host":"5td1gsj4mnrioltg","time":1609801378,"event":{"mods":["2.2 Compatiblity","AchievementEnabler","Act Like it!","Aspiration","BaseMod","Beaked The Cultist","Better Altar","Better Match","Better Note","Better Sensory Stone","Better Silent Start","Better Skull","Better Third Choice","Better Vampires","BetterRewards","Colored Map","Colored Powertips","Displayed Cursed Tome","Downfall","Emptier Cage","Evolution","Friendly Minions","GifTheSpireLib","Highlight Path","Ironclad Rager","Jedi Mod","JesterMod","Mad Scientist","Menagerie","Minty Spire (QoL Compilation)","Permanent Neow","Quick Restart","Replay The Spire","Reworked Bosses","Shade Mod","Spicy Shops","StSLib","The Blue Laboratory","The Dragon Tamer","The Druid","The Elementalist","The Marked","The Necromancer","The Runesmith","Thieving Mod","Transform Curses","Wandering Minibosses","vexMod"],"gold_per_floor":[15,32,32,107,131,131,131,149,149,149,162,8,20,20,20,119,119,130,130,78,3,21,56,56,73,73,73,73,89,89,107,107,206,206,223,273,273,296,308,308,308,323,370,380,415,11,11,45,45,45,45,45,10,42,42,42],"floor_reached":55,"playtime":2681,"items_purged":["ReplayTheSpireMod:Compounding Headache","jesterMod:Defend"],"score":808,"play_id":"99aca5b3-cb0b-4332-959c-be808741938d","local_time":"20210104150258","is_ascension_mode":false,"campfire_choices":[{"data":"jesterMod:Tinker","floor":6,"key":"SMITH"},{"data":"jesterMod:Precipitation","floor":10,"key":"SMITH"},{"data":"jesterMod:Precipitation","floor":15,"key":"SMITH"},{"floor":27,"key":"REST"},{"floor":30,"key":"REST"},{"floor":40,"key":"REST"},{"floor":49,"key":"RECALL"},{"data":"jesterMod:Haste","floor":52,"key":"SMITH"}],"circlet_count":0,"master_deck":["jesterMod:Strike","jesterMod:Strike","jesterMod:Strike+1","jesterMod:Sickle","jesterMod:Defend+1","jesterMod:Defend","jesterMod:Dodge","jesterMod:Tinker+1","jesterMod:Precipitation+1","jesterMod:Precipitation+1","jesterMod:Precipitation+1","jesterMod:Precipitation","jesterMod:Mending+1","jesterMod:DancingMad","jesterMod:Haste+1","jesterMod:JugglerBlade+1","jesterMod:Disposophobia","jesterMod:Disposophobia+1"],"relics":["jesterMod:JesterCap","EVO:Axolotl","ReplayTheSpireMod:CursedCoin","Shuriken","vexMod:GhostlyGear","aspiration:PoetsPen_weak","jesterMod:BagOfTricks","Tiny Chest","Busted Crown","Sundial","Centennial Puzzle","Gremlin Food","Gremlin Horn","Counterbalance","InkBottle"],"acts_visited":["Exordium","TheCity","TheBeyond","TheEnding"],"potions_floor_usage":[23,31,39,44,55,55],"damage_taken":[{"damage":0,"enemies":"Cultist","floor":1,"turns":3},{"damage":0,"enemies":"Small Slimes","floor":2,"turns":3},{"damage":0,"enemies":"Jaw Worm","floor":8,"turns":3},{"damage":2,"enemies":"3 Louse","floor":11,"turns":3},{"damage":8,"enemies":"Large Slime","floor":13,"turns":4},{"damage":0,"enemies":"Fading Forest","floor":16,"turns":10},{"damage":11,"enemies":"3 Byrds","floor":18,"turns":3},{"damage":0,"enemies":"Spheric Guardian","floor":22,"turns":3},{"damage":29,"enemies":"Slavers","floor":23,"turns":5},{"damage":8,"enemies":"Snake Plant","floor":25,"turns":3},{"damage":1,"enemies":"Centurion and Healer","floor":29,"turns":3},{"damage":12,"enemies":"3 Cultists","floor":31,"turns":3},{"damage":6,"enemies":"Automaton","floor":33,"turns":4},{"damage":8,"enemies":"3 Shapes","floor":35,"turns":4},{"damage":13,"enemies":"Orb Walker","floor":39,"turns":5},{"damage":12,"enemies":"Transient","floor":42,"turns":3},{"damage":3,"enemies":"4 Shapes","floor":44,"turns":3},{"damage":5,"enemies":"Giant Head","floor":45,"turns":3},{"damage":4,"enemies":"Nemesis","floor":48,"turns":3},{"damage":11,"enemies":"bossMod:newAwakened","floor":50,"turns":4},{"damage":32,"enemies":"Shield and Spear","floor":54,"turns":3},{"damage":48,"enemies":"The Heart","floor":55,"turns":2}],"seed_played":"-4743763543348001078","potions_obtained":[{"floor":8,"key":"blueLaboratory:FrostheartPotion"},{"floor":31,"key":"Fruit Juice"},{"floor":33,"key":"Block Potion"},{"floor":42,"key":"DuplicationPotion"},{"floor":45,"key":"Fire Potion"}],"is_trial":false,"path_per_floor":["M","M","?","?","$","R","?","M","T","R","M","$","M","$","R","B",null,"M","?","$","?","M","E","?","M","T","R","?","M","R","M","R_BF","B",null,"M","?","?","T","M","R","?","M","T","M","E","$","?","E","R","B",null,"R","$","E","B"],"character_chosen":"THE_JESTER","items_purchased":["ReplayTheSpireMod:CursedCoin","jesterMod:Precipitation","vexMod:GhostlyGear","jesterMod:Precipitation","Gremlin Horn","blueLaboratory:FrostheartPotion","Elixir"],"campfire_rested":3,"item_purchase_floors":[5,5,12,20,46,46,53],"current_hp_per_floor":[70,70,56,45,45,45,52,52,52,52,50,50,42,42,42,52,70,59,59,59,59,59,30,30,22,22,43,43,42,63,56,75,69,75,67,67,67,67,54,75,75,63,63,60,55,55,59,55,55,44,75,75,75,43,0,0],"gold":42,"neow_bonus":"REMOVE_TWO","is_daily":false,"chose_seed":false,"campfire_upgraded":4,"win_rate":0.0,"timestamp":1609801378,"path_taken":["M","M","?","?","?","R","?","M","T","R","?","$","M","?","R","BOSS","M","?","?","?","?","E","?","M","T","R","?","M","R","M","R_BF","BOSS","M","?","?","?","M","R","?","M","T","?","E","$","?","E","R","BOSS","R","$","E","BOSS"],"items_purchased_type":["Relic","Card","Relic","Card","Relic","Potion","Potion"],"build_version":"2020-12-22","purchased_purges":2,"victory":false,"max_hp_per_floor":[70,70,70,70,70,70,70,70,70,70,70,70,70,70,70,70,70,70,70,70,70,70,70,70,70,70,70,70,70,70,75,75,75,75,75,75,75,75,75,75,75,75,75,75,75,75,75,75,75,75,75,75,75,75,75,75],"card_choices":[{"not_picked":["jesterMod:Rebuff","jesterMod:TrickyDodge"],"picked":"jesterMod:Tinker","floor":1},{"not_picked":["jesterMod:FlameDance","jesterMod:DesperateStrike","jesterMod:Anticipation"],"picked":"SKIP","floor":2},{"not_picked":["jesterMod:Unleash","jesterMod:Arrythmia","jesterMod:Pillage"],"picked":"SKIP","floor":8},{"not_picked":["jesterMod:Contradiction","jesterMod:SelfMockery"],"picked":"jesterMod:Precipitation","floor":11},{"not_picked":["jesterMod:TrickyDodge","jesterMod:SmokeScreen","jesterMod:Hide"],"picked":"SKIP","floor":13},{"not_picked":["jesterMod:LightTheWick+1","jesterMod:JackInTheBox"],"picked":"jesterMod:Precipitation","floor":18},{"not_picked":["jesterMod:MudBall+1","jesterMod:SwiftDodge+1"],"picked":"jesterMod:Mending+1","floor":21},{"not_picked":["jesterMod:Rebuff","jesterMod:Patience"],"picked":"jesterMod:DancingMad","floor":22},{"not_picked":["jesterMod:DesperateStrike","jesterMod:MudBall+1","jesterMod:TrickyDodge"],"picked":"SKIP","floor":23},{"not_picked":["jesterMod:RecklessStrike","jesterMod:Illness"],"picked":"jesterMod:Haste","floor":25},{"not_picked":["jesterMod:JackInTheBox","jesterMod:Swiftness"],"picked":"jesterMod:JugglerBlade+1","floor":29},{"not_picked":["jesterMod:PerfectDodge","jesterMod:Anticipation"],"picked":"jesterMod:Disposophobia","floor":31},{"not_picked":["jesterMod:HitAndRun+1"],"picked":"SKIP","floor":35},{"not_picked":["jesterMod:SwiftDodge"],"picked":"SKIP","floor":39},{"not_picked":[],"picked":"jesterMod:Disposophobia+1","floor":42},{"not_picked":["jesterMod:OblivionStrike"],"picked":"SKIP","floor":44},{"not_picked":["jesterMod:RecklessStrike"],"picked":"SKIP","floor":45},{"not_picked":["jesterMod:Inspiration"],"picked":"SKIP","floor":48},{"not_picked":["jesterMod:Swiftness+1"],"picked":"SKIP","floor":54}],"player_experience":1292482,"relics_obtained":[{"floor":9,"key":"Shuriken"},{"floor":23,"key":"jesterMod:BagOfTricks"},{"floor":26,"key":"Tiny Chest"},{"floor":43,"key":"Centennial Puzzle"},{"floor":45,"key":"Gremlin Food"},{"floor":48,"key":"Counterbalance"},{"floor":54,"key":"InkBottle"}],"event_choices":[{"damage_healed":70,"gold_gain":0,"player_choice":"Upgrade","damage_taken":14,"max_hp_gain":0,"max_hp_loss":70,"event_name":"betterThird:BetterShining","floor":3,"gold_loss":0,"cards_upgraded":["jesterMod:Defend","jesterMod:Strike"]},{"damage_healed":0,"gold_gain":75,"player_choice":"Gold","damage_taken":11,"max_hp_gain":0,"max_hp_loss":0,"event_name":"betterThird:BetterGoop","floor":4,"gold_loss":0},{"damage_healed":0,"gold_gain":0,"player_choice":"Bought 0 Potions","damage_taken":0,"max_hp_gain":0,"max_hp_loss":0,"event_name":"The Woman in Blue","floor":19,"gold_loss":0},{"damage_healed":0,"gold_gain":0,"player_choice":"2","damage_taken":0,"max_hp_gain":0,"max_hp_loss":0,"event_name":"betterMatch:BetterMatch","floor":21,"gold_loss":0,"cards_obtained":["betterMatch:UncommonCard"]},{"damage_healed":0,"gold_gain":0,"player_choice":"Ignored","damage_taken":0,"max_hp_gain":0,"max_hp_loss":0,"event_name":"betterNote:BetterNote","floor":24,"gold_loss":0,"cards_obtained":["Slimebound:Split"]},{"damage_healed":0,"gold_gain":0,"player_choice":"Ignored","damage_taken":0,"max_hp_gain":0,"max_hp_loss":0,"event_name":"Cursed Tome","floor":28,"gold_loss":0},{"damage_healed":0,"gold_gain":0,"player_choice":"Ignored","damage_taken":0,"max_hp_gain":0,"max_hp_loss":0,"event_name":"betterThird:BetterPortal","floor":41,"gold_loss":0},{"damage_healed":4,"gold_gain":0,"player_choice":"LEAVE ","damage_taken":0,"relics_obtained":[],"max_hp_gain":0,"max_hp_loss":0,"event_name":"betterSkull:BetterSkull","floor":47,"gold_loss":0,"cards_upgraded":[]}],"is_beta":false,"boss_relics":[{"not_picked":["vexMod:DeviousBotling","jedi:paperlyon"],"picked":"aspiration:PoetsPen_weak"},{"not_picked":["Calling Bell","aspiration:BeakedSkillbook"],"picked":"Busted Crown"}],"items_purged_floors":[5,46],"is_endless":false,"potions_floor_spawned":[8,18,31,33,42,45,48],"killed_by":"The Heart","ascension_level":0}}