{"host":"rz01j32460kf2mtw","time":1609776741,"event":{"mods":["Arknights The Spire","BaseMod","Downfall","Koishi","Marisa????????","Minty Spire (QoL Compilation)","Prisma Mod","Quick Restart","Shade Mod","StSLib","The Alterego","The Cursed","The Disciple","The Dragon Tamer","The Jungle","The Marked","The Runesmith","The Servant 0.9.4"],"gold_per_floor":[99,113,123,38,50,65,65,99,117,117,135,39,69,69,81,184,184,184,184,184,184,13,13,13,13,13,13,13,13,13,13,13,13,13,13,13,13,13,13,13,13,13,13,13],"floor_reached":42,"playtime":2180,"items_purged":["Regret"],"score":499,"play_id":"2360d2ea-57f1-44ac-beed-f7a98d26d3ff","local_time":"20210104091221","is_ascension_mode":false,"campfire_choices":[{"data":"Slimebound:Split","floor":1,"key":"SMITH"},{"data":"Slimebound:FirmFortitude","floor":18,"key":"SMITH"},{"data":"Slimebound:FirmFortitude","floor":25,"key":"SMITH"},{"data":"Slimebound:MinionMaster","floor":35,"key":"SMITH"}],"circlet_count":0,"master_deck":["Slimebound:Tackle+1","Slimebound:Defend_Slimebound+1","Slimebound:Defend_Slimebound+1","Slimebound:Defend_Slimebound","Slimebound:Split+1","Slimebound:CorrosiveSpit","Slimebound:OneTwoCombo","Slimebound:SplitAcid","Slimebound:SplitAcid","Slimebound:FirmFortitude+1","Slimebound:LevelUp","Slimebound:HauntingLick","Slimebound:RejuvenatingLick","Slimebound:OneTwoCombo","Slimebound:SplitAcid","Slimebound:LivingWall","Slimebound:FinishingTackle","Slimebound:SplitBruiser+1","Slimebound:LevelUp","Slimebound:SplitBruiser","Slimebound:RallyTheTroops","Slimebound:GoopSpray","Bite","Bite","Bite","Slimebound:FirmFortitude+1","expansioncontent:FaceSlap","Slimebound:SlimeBrawl","Slimebound:GoopTackle+1","Slimebound:MinionMaster+1","Slimebound:Equalize","Slimebound:MinionMaster","Slimebound:SplitAcid+1","Finesse+1","Trip+1","Slimebound:Darklings","Slimebound:BestDefense+1","Slimebound:SlimeSlap"],"relics":["Slimebound:AbsorbEndCombat","Bottled Flame","Letter Opener","downfall:Hecktoplasm","downfall:HeartBlessingGreen","Blue Candle","Kunai","War Paint","Vajra","Oddly Smooth Stone","Astrolabe","Sundial"],"acts_visited":["TheCity","TheBeyond"],"potions_floor_usage":[8,8,13,16,22,32,36,39],"damage_taken":[{"damage":15,"enemies":"Cultist","floor":2,"turns":3},{"damage":4,"enemies":"2 Louse","floor":3,"turns":2},{"damage":32,"enemies":"downfall:FleeingMerchant","floor":4,"turns":4},{"damage":19,"enemies":"Jaw Worm","floor":5,"turns":2},{"damage":0,"enemies":"3 Louse","floor":6,"turns":2},{"damage":27,"enemies":"Gremlin Nob","floor":8,"turns":3},{"damage":11,"enemies":"Large Slime","floor":9,"turns":3},{"damage":4,"enemies":"Exordium Wildlife","floor":11,"turns":2},{"damage":23,"enemies":"downfall:FleeingMerchant","floor":12,"turns":4},{"damage":28,"enemies":"Lagavulin","floor":13,"turns":5},{"damage":10,"enemies":"Blue Slaver","floor":15,"turns":2},{"damage":19,"enemies":"downfall:Watcher","floor":16,"turns":4},{"damage":7,"enemies":"Chosen","floor":19,"turns":3},{"damage":25,"enemies":"downfall:FleeingMerchant","floor":22,"turns":4},{"damage":17,"enemies":"Gremlin Leader","floor":23,"turns":3},{"damage":17,"enemies":"Shelled Parasite and Fungi","floor":28,"turns":3},{"damage":0,"enemies":"downfall:FleeingMerchant","floor":30,"turns":1},{"damage":20,"enemies":"Snake Plant","floor":32,"turns":3},{"damage":38,"enemies":"downfall:Defect","floor":33,"turns":5},{"damage":23,"enemies":"Orb Walker","floor":36,"turns":2},{"damage":38,"enemies":"3 Darklings","floor":39,"turns":3},{"damage":25,"enemies":"4 Shapes","floor":42,"turns":1}],"seed_played":"2090435908999911004","potions_obtained":[{"floor":3,"key":"Strength Potion"},{"floor":6,"key":"Slimebound:SlimyTonguePotion"},{"floor":8,"key":"SpeedPotion"},{"floor":13,"key":"Weak Potion"},{"floor":16,"key":"SneckoOil"},{"floor":28,"key":"Energy Potion"},{"floor":33,"key":"Strength Potion"},{"floor":36,"key":"SkillPotion"}],"is_trial":false,"path_per_floor":["R","M","M","$","M","M","T","E","M","?","M","$","E","?","M","B",null,"R","M","?","?","$","E","T","R","?","?","M","T","$","?","M","B",null,"R","M","$","?","M","?","T","M"],"character_chosen":"SLIMEBOUND","items_purchased":["Slimebound:LevelUp","Slimebound:SplitBruiser","Slimebound:LevelUp","expansioncontent:FaceSlap"],"campfire_rested":0,"item_purchase_floors":[4,12,12,22],"current_hp_per_floor":[54,51,51,41,32,36,36,33,40,45,51,57,41,41,41,46,59,59,59,41,41,32,37,37,37,32,32,31,31,31,31,29,23,46,46,39,39,39,19,19,19,0,0,0],"gold":13,"neow_bonus":"THREE_RARE_CARDS","is_daily":false,"chose_seed":false,"campfire_upgraded":4,"win_rate":0.0,"timestamp":1609776741,"path_taken":["R","M","M","?","M","?","T","E","M","?","M","?","E","?","M","BOSS","R","M","?","?","$","E","T","R","?","?","?","?","$","?","M","BOSS","R","M","$","?","M","?","T","?"],"items_purchased_type":["Card","Card","Card","Card"],"build_version":"2020-12-22","purchased_purges":1,"victory":false,"max_hp_per_floor":[54,54,54,54,54,54,54,54,54,59,59,59,59,59,59,59,59,59,59,41,41,41,41,41,41,46,46,46,46,46,46,46,46,46,46,46,46,46,46,46,46,46,46,46],"card_choices":[{"not_picked":["Slimebound:Overexert","Slimebound:WasteNot"],"picked":"Slimebound:OneTwoCombo","floor":0},{"not_picked":["Slimebound:Schlurp","Slimebound:FinishingTackle"],"picked":"Slimebound:SplitAcid","floor":2},{"not_picked":["Slimebound:GoopTackle","Slimebound:Nibble"],"picked":"Slimebound:SplitAcid","floor":3},{"not_picked":["Slimebound:GoopSpray","Slimebound:ForwardTackle"],"picked":"Slimebound:FirmFortitude","floor":4},{"not_picked":["Slimebound:Replication","Slimebound:LeechingTouch"],"picked":"Slimebound:HauntingLick","floor":5},{"not_picked":["Slimebound:GoopSpray","Slimebound:SamplingLick"],"picked":"Slimebound:RejuvenatingLick","floor":6},{"not_picked":["Slimebound:SpikyOuterGoop","Slimebound:LeechEnergy"],"picked":"Slimebound:OneTwoCombo","floor":8},{"not_picked":["Slimebound:GoopSpray","Slimebound:SamplingLick"],"picked":"Slimebound:SplitAcid","floor":9},{"not_picked":["Slimebound:HauntingLick","Slimebound:SplitAcid"],"picked":"Slimebound:LivingWall","floor":11},{"not_picked":["Slimebound:SamplingLick","Slimebound:ComboTackle"],"picked":"Slimebound:FinishingTackle","floor":12},{"not_picked":["Slimebound:SplitMire","Slimebound:SplitAcid"],"picked":"Slimebound:SplitBruiser","floor":13},{"not_picked":["Slimebound:PressTheAttack","Slimebound:Chomp","Slimebound:Dissolve"],"picked":"SKIP","floor":15},{"not_picked":["Slimebound:DuplicatedForm","Slimebound:SelfFormingGoo"],"picked":"Slimebound:RallyTheTroops","floor":16},{"not_picked":["Slimebound:Prepare","Slimebound:FinishingTackle"],"picked":"Slimebound:GoopSpray","floor":19},{"not_picked":["Slimebound:FlameTackle","Slimebound:SlimeSpikes"],"picked":"Slimebound:FirmFortitude","floor":22},{"not_picked":["Slimebound:LeechingTouch","Slimebound:SamplingLick"],"picked":"Slimebound:SlimeBrawl","floor":23},{"not_picked":["Slimebound:LeechingTouch+1","Slimebound:ComboTackle"],"picked":"Slimebound:GoopTackle+1","floor":28},{"not_picked":["Slimebound:PressTheAttack","Slimebound:Prepare"],"picked":"Slimebound:MinionMaster","floor":30},{"not_picked":["Slimebound:SplitLeeching","Slimebound:RollThrough"],"picked":"Slimebound:Equalize","floor":32},{"not_picked":["Slimebound:Overexert","Slimebound:SelfFormingGoo"],"picked":"Slimebound:MinionMaster","floor":33},{"not_picked":["Slimebound:RejuvenatingLick","Slimebound:SplitMire","Slimebound:Schlurp+1"],"picked":"SKIP","floor":36},{"not_picked":["Slimebound:Replication+1","Slimebound:SplitBruiser"],"picked":"Slimebound:BestDefense+1","floor":39}],"player_experience":930104,"relics_obtained":[{"floor":7,"key":"Bottled Flame"},{"floor":8,"key":"Letter Opener"},{"floor":13,"key":"Runesmith:AutoHammer"},{"floor":23,"key":"Kunai"},{"floor":24,"key":"War Paint"},{"floor":29,"key":"Oddly Smooth Stone"},{"floor":41,"key":"Sundial"}],"event_choices":[{"damage_healed":0,"gold_gain":0,"player_choice":"Donut","damage_taken":0,"max_hp_gain":5,"max_hp_loss":0,"event_name":"Big Fish","floor":10,"gold_loss":0},{"damage_healed":0,"gold_gain":0,"player_choice":"Became a vampire","damage_taken":0,"max_hp_gain":0,"max_hp_loss":18,"event_name":"Vampires","floor":20,"gold_loss":0,"cards_obtained":["Bite","Bite","Bite","Bite","Bite"]},{"damage_healed":0,"gold_gain":0,"player_choice":"Stole Relic","damage_taken":0,"relics_obtained":["Vajra"],"max_hp_gain":0,"max_hp_loss":0,"event_name":"Addict","floor":27,"gold_loss":0,"cards_obtained":["Shame"]},{"cards_removed":["Shame"],"damage_healed":0,"gold_gain":0,"player_choice":"Elegance","damage_taken":0,"max_hp_gain":0,"max_hp_loss":0,"event_name":"Back to Basics","floor":31,"gold_loss":0}],"is_beta":false,"boss_relics":[{"not_picked":["Runic Pyramid","Snecko Eye"],"picked":"downfall:Hecktoplasm"},{"not_picked":["Tiny House","Slimebound:TarBlob"],"picked":"Astrolabe"}],"items_purged_floors":[22],"is_endless":false,"potions_floor_spawned":[3,6,8,13,16,28,33,36],"killed_by":"4 Shapes","ascension_level":0}}