{"host":"a5lz0e76zb3fcwkm","time":1609783431,"event":{"mods":["AchievementEnabler","BaseMod","Colored Map","Colored Powertips","Minty Spire (QoL Compilation)","StSLib","SuperFastMode"],"gold_per_floor":[20,35,46,46,46,46,46,46,46],"floor_reached":8,"playtime":127,"items_purged":[],"score":92,"play_id":"034617b1-1dd6-46d6-8fef-b068484931d1","local_time":"20210105030351","is_ascension_mode":true,"campfire_choices":[{"data":"Apotheosis","floor":6,"key":"SMITH"}],"circlet_count":0,"master_deck":["AscendersBane","Strike_R","Strike_R","Strike_R","Strike_R","Defend_R","Defend_R","Defend_R","Defend_R","Bash","Apotheosis+1","Spot Weakness","Sword Boomerang"],"relics":["Burning Blood","Akabeko"],"acts_visited":["Exordium"],"potions_floor_usage":[3],"damage_taken":[{"damage":6,"enemies":"Small Slimes","floor":1,"turns":5},{"damage":15,"enemies":"2 Louse","floor":2,"turns":4},{"damage":7,"enemies":"Jaw Worm","floor":3,"turns":3},{"damage":20,"enemies":"Lagavulin","floor":8,"turns":3}],"seed_played":"753853005950982712","potions_obtained":[{"floor":1,"key":"AttackPotion"},{"floor":3,"key":"Dexterity Potion"}],"is_trial":false,"path_per_floor":["M","M","M","?","?","R","$","E"],"character_chosen":"IRONCLAD","items_purchased":[],"campfire_rested":0,"item_purchase_floors":[],"current_hp_per_floor":[68,59,58,51,6,6,6,0,0],"gold":46,"neow_bonus":"RANDOM_COLORLESS_2","is_daily":false,"chose_seed":false,"campfire_upgraded":1,"win_rate":0.0,"timestamp":1609783431,"path_taken":["M","M","M","?","?","R","?","E"],"items_purchased_type":[],"build_version":"2020-12-22","purchased_purges":0,"victory":false,"max_hp_per_floor":[75,75,75,75,75,75,75,75,75],"card_choices":[{"not_picked":["Transmutation","Sadistic Nature"],"picked":"Apotheosis","floor":0},{"not_picked":["Flex","Headbutt","Thunderclap"],"picked":"SKIP","floor":1},{"not_picked":["Sword Boomerang","Headbutt"],"picked":"Spot Weakness","floor":2},{"not_picked":["Pummel","Feel No Pain"],"picked":"Sword Boomerang","floor":3}],"player_experience":1667054,"relics_obtained":[],"event_choices":[{"cards_removed":["Strike_R"],"damage_healed":0,"gold_gain":0,"player_choice":"Card Removal","damage_taken":7,"max_hp_gain":0,"max_hp_loss":0,"event_name":"Golden Wing","floor":4,"gold_loss":0},{"damage_healed":0,"gold_gain":0,"player_choice":"Success","damage_taken":45,"relics_obtained":["Akabeko"],"max_hp_gain":0,"max_hp_loss":0,"event_name":"Scrap Ooze","floor":5,"gold_loss":0}],"is_beta":false,"boss_relics":[],"items_purged_floors":[],"is_endless":false,"potions_floor_spawned":[1,3],"killed_by":"Lagavulin","ascension_level":20}}