{"host":"2461dio7vetlq1z3","time":1609777481,"event":{"mods":["2.2 Compatiblity","AchievementEnabler","BaseMod","Better Third Choice","Friendly Minions","Hubris","Minty Spire (QoL Compilation)","Relic Stats","Spicy Shops","StSLib","Waifu the Spire"],"gold_per_floor":[113,83,101,115,131,131,146,179,179,179,205,205,205,222,222,295,295,310,235,235,28,28,54,54,54,54],"floor_reached":25,"playtime":1147,"items_purged":["Strike_G"],"score":458,"play_id":"1b14c90f-fae9-4305-b176-0d8cc7faca24","local_time":"20210104172441","is_ascension_mode":true,"campfire_choices":[{"data":"Deadly Poison","floor":6,"key":"SMITH"},{"floor":10,"key":"REST"},{"floor":13,"key":"REST"},{"data":"Caltrops","floor":15,"key":"SMITH"},{"data":"Glass Knife","floor":24,"key":"SMITH"}],"circlet_count":0,"master_deck":["AscendersBane","Strike_G+1","Strike_G","Defend_G","Defend_G","Defend_G","Survivor","Neutralize","Deadly Poison+1","Bane","PiercingWail","Cloak And Dagger","Endless Agony+1","Caltrops+1","Noxious Fumes","Leg Sweep","Glass Knife+1","Unload+1","Cloak And Dagger+1","Dash+1","Sucker Punch","A Thousand Cuts","Well Laid Plans"],"relics":["Ring of the Snake","Ginger","Whetstone","Pen Nib","Astrolabe","MutagenicStrength","Prayer Wheel","Letter Opener"],"acts_visited":["Exordium","TheCity"],"potions_floor_usage":[2,8,8,23],"damage_taken":[{"damage":5,"enemies":"Cultist","floor":1,"turns":5},{"damage":2,"enemies":"Jaw Worm","floor":3,"turns":4},{"damage":0,"enemies":"Small Slimes","floor":4,"turns":3},{"damage":4,"enemies":"2 Fungi Beasts","floor":5,"turns":4},{"damage":0,"enemies":"Exordium Wildlife","floor":7,"turns":5},{"damage":22,"enemies":"Lagavulin","floor":8,"turns":4},{"damage":42,"enemies":"3 Sentries","floor":11,"turns":13},{"damage":17,"enemies":"Large Slime","floor":14,"turns":8},{"damage":9,"enemies":"Hexaghost","floor":16,"turns":9},{"damage":13,"enemies":"Chosen","floor":18,"turns":5},{"damage":21,"enemies":"Book of Stabbing","floor":23,"turns":5},{"damage":46,"enemies":"Slavers","floor":25,"turns":4}],"seed_played":"-61645047566728136","potions_obtained":[{"floor":1,"key":"LiquidMemories"},{"floor":2,"key":"Fruit Juice"},{"floor":2,"key":"SteroidPotion"},{"floor":5,"key":"CunningPotion"},{"floor":16,"key":"Regen Potion"}],"is_trial":false,"path_per_floor":["M","?","M","M","M","R","M","E","T","R","E","?","R","M","R","B",null,"M","?","?","$","T","E","R","E"],"character_chosen":"THE_SILENT","items_purchased":["A Thousand Cuts"],"campfire_rested":2,"item_purchase_floors":[21],"current_hp_per_floor":[60,65,63,63,59,59,59,37,37,60,18,18,41,24,24,15,62,49,49,49,49,49,42,42,0,0],"gold":54,"neow_bonus":"TEN_PERCENT_HP_BONUS","is_daily":false,"chose_seed":false,"campfire_upgraded":3,"win_rate":0.0,"timestamp":1609777481,"path_taken":["M","?","?","M","M","R","M","E","T","R","E","?","R","M","R","BOSS","M","?","?","$","?","E","R","E"],"items_purchased_type":["Card"],"build_version":"2020-12-22","purchased_purges":1,"victory":false,"max_hp_per_floor":[72,77,77,77,77,77,77,77,77,77,77,77,77,77,77,77,77,77,77,77,77,77,77,77,77,77],"relic_stats":{"counters":[12,69],"Astrolabe":["Unload","Cloak And Dagger","Dash"],"Prayer Wheel":0,"Pen Nib":[6],"Ginger":[10],"Whetstone":["Endless Agony","Strike_G"],"Letter Opener":[15],"obtain_stats":[{"Astrolabe":17,"MutagenicStrength":20,"Prayer Wheel":22,"Pen Nib":11,"Ginger":8,"Whetstone":9,"Letter Opener":23,"Ring of the Snake":0},{"Astrolabe":9,"MutagenicStrength":10,"Prayer Wheel":10,"Pen Nib":7,"Ginger":6,"Whetstone":6,"Letter Opener":11,"Ring of the Snake":0},{"Astrolabe":55,"MutagenicStrength":60,"Prayer Wheel":60,"Pen Nib":38,"Ginger":25,"Whetstone":25,"Letter Opener":65,"Ring of the Snake":0}],"Ring of the Snake":[24]},"card_choices":[{"not_picked":["Distraction","hubris:Counter"],"picked":"Deadly Poison","floor":1},{"not_picked":["hubris:Counter","Catalyst"],"picked":"Bane","floor":3},{"not_picked":["Acrobatics","Underhanded Strike"],"picked":"PiercingWail","floor":4},{"not_picked":["Dodge and Roll","Accuracy"],"picked":"Cloak And Dagger","floor":5},{"not_picked":["PiercingWail","Prepared"],"picked":"Endless Agony","floor":7},{"not_picked":["hubris:SlightOfHand","Slice"],"picked":"Caltrops","floor":8},{"not_picked":["Prepared","Predator"],"picked":"Noxious Fumes","floor":11},{"not_picked":["Reflex","Acrobatics"],"picked":"Leg Sweep","floor":14},{"not_picked":["Burst","Adrenaline"],"picked":"Glass Knife","floor":16},{"not_picked":["Prepared","Poisoned Stab"],"picked":"Sucker Punch","floor":18},{"not_picked":["Dodge and Roll","Catalyst"],"picked":"Well Laid Plans","floor":23}],"player_experience":1048781,"relics_obtained":[{"floor":8,"key":"Ginger"},{"floor":9,"key":"Whetstone"},{"floor":11,"key":"Pen Nib"},{"floor":22,"key":"Prayer Wheel"},{"floor":23,"key":"Letter Opener"}],"event_choices":[{"damage_healed":0,"gold_gain":0,"player_choice":"Bought 2 Potions","damage_taken":0,"max_hp_gain":0,"max_hp_loss":0,"event_name":"The Woman in Blue","floor":2,"gold_loss":0},{"damage_healed":0,"gold_gain":0,"player_choice":"Ignored","damage_taken":205,"max_hp_gain":0,"max_hp_loss":0,"event_name":"betterThird:BetterSerpent","floor":12,"gold_loss":0},{"cards_removed":["Defend_G"],"damage_healed":0,"gold_gain":0,"player_choice":"Gave Gold","damage_taken":0,"max_hp_gain":0,"max_hp_loss":0,"event_name":"Beggar","floor":19,"gold_loss":75},{"damage_healed":0,"gold_gain":0,"player_choice":"Inject Mutagens","damage_taken":0,"relics_obtained":["MutagenicStrength"],"max_hp_gain":0,"max_hp_loss":0,"event_name":"Drug Dealer","floor":20,"gold_loss":0}],"is_beta":false,"boss_relics":[{"not_picked":["Velvet Choker","HoveringKite"],"picked":"Astrolabe"}],"items_purged_floors":[21],"is_endless":false,"potions_floor_spawned":[1,4,5,16],"killed_by":"Slavers","ascension_level":20}}