{"host":"opgesw7sb5n0ordz","time":1609767731,"event":{"mods":["BaseMod","Better Note","Colored Powertips","Minty Spire (QoL Compilation)","Relic Stats","Shedinja","StSLib","Unceasing Turn Reminder"],"gold_per_floor":[17,30,30,45,45,45,75,75,120,41,51,106,95,107,107,207,207,217,234,249,348,51,51,51,51],"floor_reached":24,"playtime":1790,"items_purged":["Shedinja:Scratch"],"score":245,"play_id":"487ecd6b-ca2a-49c0-a006-ec5dbd7fad7e","local_time":"20210104084211","is_ascension_mode":true,"campfire_choices":[{"data":"Shedinja:FocusSash","floor":6,"key":"SMITH"},{"data":"Shedinja:PowerBelt","floor":8,"key":"SMITH"},{"data":"Shedinja:StruggleBug","floor":15,"key":"SMITH"},{"data":"Shedinja:BugBuzz","floor":23,"key":"SMITH"}],"circlet_count":0,"master_deck":["Shedinja:Scratch","Shedinja:Scratch","Shedinja:Scratch","Shedinja:Endure","Shedinja:Endure","Shedinja:Endure","Shedinja:Endure","Shedinja:Endure","Shedinja:FocusSash","Shedinja:FocusSash+1","Shedinja:Harden","Shedinja:ShadowSneak","Shedinja:PowerBelt+1","Shedinja:Mimic","Shedinja:ShadowSneak","Shedinja:Mimic","Shedinja:StruggleBug+1","Shedinja:SuckerPunch","Shedinja:Substitute","Shedinja:NightSlash","Shedinja:StruggleBug","Shedinja:BugBuzz+1","Shedinja:BugBuzz","Shedinja:StringShot"],"relics":["Shedinja:WonderGuard","Incense Burner","Strawberry","Lantern","Shedinja:WonderGuardNSCommon","Shedinja:WonderGuardNSBoss","DollysMirror"],"acts_visited":["Exordium","TheCity"],"potions_floor_usage":[2,7,16,24,24,24],"damage_taken":[{"damage":0,"enemies":"Small Slimes","floor":1,"turns":5},{"damage":0,"enemies":"Cultist","floor":2,"turns":4},{"damage":0,"enemies":"Jaw Worm","floor":4,"turns":6},{"damage":0,"enemies":"Lagavulin","floor":7,"turns":17},{"damage":0,"enemies":"Red Slaver","floor":11,"turns":6},{"damage":0,"enemies":"Exordium Thugs","floor":13,"turns":4},{"damage":0,"enemies":"Gremlin Gang","floor":14,"turns":6},{"damage":12,"enemies":"Hexaghost","floor":16,"turns":26},{"damage":0,"enemies":"Shell Parasite","floor":18,"turns":13},{"damage":0,"enemies":"Chosen","floor":19,"turns":10},{"damage":0,"enemies":"Centurion and Healer","floor":20,"turns":22},{"damage":8,"enemies":"Gremlin Leader","floor":24,"turns":6}],"seed_played":"8652238292689590880","potions_obtained":[{"floor":1,"key":"FearPotion"},{"floor":4,"key":"Strength Potion"},{"floor":5,"key":"FairyPotion"},{"floor":5,"key":"Swift Potion"},{"floor":13,"key":"Block Potion"},{"floor":14,"key":"DuplicationPotion"},{"floor":16,"key":"PowerPotion"},{"floor":18,"key":"Swift Potion"}],"is_trial":false,"path_per_floor":["M","M","?","M","?","R","E","R","T","$","M","T","M","M","R","B",null,"M","M","M","?","$","R","E"],"character_chosen":"THE_DEFAULT","items_purchased":["Shedinja:ShadowSneak","DollysMirror","Shedinja:StringShot"],"campfire_rested":0,"item_purchase_floors":[10,22,22],"current_hp_per_floor":[1,1,1,1,1,1,1,1,1,1,1,1,1,1,1,1,1,1,1,1,1,1,1,0,0],"gold":51,"neow_bonus":"ONE_RARE_RELIC","is_daily":false,"chose_seed":false,"campfire_upgraded":4,"win_rate":0.0,"timestamp":1609767731,"path_taken":["M","M","?","?","?","R","E","R","T","$","?","?","M","M","R","BOSS","M","?","?","?","$","R","E"],"items_purchased_type":["Card","Relic","Card"],"build_version":"2020-12-22","purchased_purges":1,"victory":false,"max_hp_per_floor":[1,1,1,1,1,1,1,1,1,1,1,1,1,1,1,1,1,1,1,1,1,1,1,1,1],"relic_stats":{"counters":[12,125],"obtain_stats":[{"Shedinja:WonderGuardNSBoss":17,"Lantern":9,"DollysMirror":22,"Strawberry":7,"Shedinja:WonderGuard":0,"Incense Burner":0,"Shedinja:WonderGuardNSCommon":12},{"Shedinja:WonderGuardNSBoss":8,"Lantern":4,"DollysMirror":11,"Strawberry":4,"Shedinja:WonderGuard":0,"Incense Burner":0,"Shedinja:WonderGuardNSCommon":5},{"Shedinja:WonderGuardNSBoss":74,"Lantern":32,"DollysMirror":119,"Strawberry":32,"Shedinja:WonderGuard":0,"Incense Burner":0,"Shedinja:WonderGuardNSCommon":38}]},"card_choices":[{"not_picked":["Shedinja:RockyHelmet","Shedinja:ShadowClaw"],"picked":"Shedinja:Harden","floor":1},{"not_picked":["Shedinja:Thief","Shedinja:ShadowBall"],"picked":"Shedinja:ShadowSneak","floor":2},{"not_picked":["Shedinja:ArtifactCard","Shedinja:NightSlash"],"picked":"Shedinja:PowerBelt","floor":4},{"not_picked":["Shedinja:Absorb","Shedinja:Agility"],"picked":"Shedinja:Mimic","floor":7},{"not_picked":["Shedinja:ShadowSneak","Shedinja:Absorb"],"picked":"Shedinja:Mimic","floor":11},{"not_picked":["Shedinja:Absorb","Shedinja:ShadowBall"],"picked":"Shedinja:StruggleBug","floor":13},{"not_picked":["Shedinja:Trick","Shedinja:Ether"],"picked":"Shedinja:SuckerPunch","floor":14},{"not_picked":["Shedinja:FinalGambit","Shedinja:LumBerry"],"picked":"Shedinja:Substitute","floor":16},{"not_picked":["Shedinja:HoneClaws","Shedinja:Mimic"],"picked":"Shedinja:NightSlash","floor":18},{"not_picked":["Shedinja:ShadowBall","Shedinja:Ether+1"],"picked":"Shedinja:StruggleBug","floor":19},{"not_picked":["Shedinja:Mimic+1","Shedinja:FurySwipes"],"picked":"Shedinja:BugBuzz","floor":20}],"player_experience":684770,"relics_obtained":[{"floor":7,"key":"Strawberry"},{"floor":9,"key":"Lantern"},{"floor":12,"key":"Shedinja:WonderGuardNSCommon"}],"event_choices":[{"cards_removed":["Shedinja:Scratch"],"damage_healed":0,"gold_gain":0,"player_choice":"Card Removal","damage_taken":0,"max_hp_gain":0,"max_hp_loss":0,"event_name":"Wheel of Change","floor":3,"gold_loss":0},{"damage_healed":0,"gold_gain":0,"player_choice":"Got Potions","damage_taken":0,"max_hp_gain":0,"max_hp_loss":0,"event_name":"Lab","floor":5,"gold_loss":0},{"damage_healed":0,"gold_gain":99,"player_choice":"Stole From Cult","damage_taken":0,"max_hp_gain":0,"max_hp_loss":0,"event_name":"Nest","floor":21,"gold_loss":0}],"is_beta":false,"boss_relics":[{"not_picked":["Runic Dome","Runic Pyramid"],"picked":"Shedinja:WonderGuardNSBoss"}],"items_purged_floors":[22],"is_endless":false,"potions_floor_spawned":[1,4,13,14,16,18,20],"killed_by":"Gremlin Leader","ascension_level":2}}