{"host":"jwbw4f4imxd0v0b0","time":1609744163,"event":{"mods":["BaseMod","Colored Map","Highlight Path","Minty Spire (QoL Compilation)","Relic Stats","StSLib"],"gold_per_floor":[144,189,139,214,259,259,349,394,394,494,494,539,584,674,674,974,974,1019,1064,1109,1109,1154,1154,1244,1289,1364,1454,599,599,599,644,644,944,1244,1298,923,932,986,1031,1121,1121,1130,1155,515,515,590,599,653,662,662],"floor_reached":51,"playtime":3907,"items_purged":["Strike_G","Strike_B","Pain"],"score":902,"play_id":"96b12060-d2bf-4443-8040-28e2eb4d650a","local_time":"20210104010923","daily_mods":["Chimera","Diverse","Midas"],"is_ascension_mode":false,"campfire_choices":[{"floor":6.0,"key":"REST"},{"floor":11.0,"key":"REST"},{"floor":15.0,"key":"REST"},{"floor":23,"key":"REST"},{"floor":32,"key":"REST"},{"floor":42,"key":"REST"},{"floor":47,"key":"REST"},{"floor":49,"key":"REST"}],"circlet_count":0,"master_deck":["Bash","Survivor","Zap","Defend_R","Defend_G","Defend_P","EmptyFist","Disarm","CutThroughFate","Dagger Throw","Consecrate","Ghostly Armor+1","Battle Trance+1","Bouncing Flask+1","DevaForm","Metallicize","Crippling Poison+1","Ghostly+1","Ghostly+1","Ghostly+1","Ghostly+1","Ghostly+1","Armaments+1","Ball Lightning","Feel No Pain","Leg Sweep+1","Trip+1","Metamorphosis+1","Cloak And Dagger+1","Consume+1","Echo Form","CurseOfTheBell","Defragment+1","Chaos+1","Sanctity+1","Adrenaline+1","Master of Strategy+1","Shrug It Off+1","Core Surge","Blind+1","Shockwave+1","Calculated Gamble+1","Warcry+1"],"relics":["Cracked Core","Happy Flower","Toxic Egg 2","Thread and Needle","Inserter","Oddly Smooth Stone","Darkstone Periapt","Dream Catcher","Strawberry","Art of War","Runic Capacitor","Calling Bell","CeramicFish","Matryoshka","Old Coin","Membership Card","Orichalcum","Blood Vial","WarpedTongs","Boot","Blue Candle","Akabeko","Ornamental Fan","Singing Bowl","Toolbox","Pen Nib","InkBottle"],"acts_visited":["Exordium","TheCity","TheBeyond"],"potions_floor_usage":[24,24,33,33,50,50],"damage_taken":[{"damage":0.0,"enemies":"Cultist","floor":1.0,"turns":2.0},{"damage":5.0,"enemies":"Small Slimes","floor":2.0,"turns":3.0},{"damage":0.0,"enemies":"2 Louse","floor":5.0,"turns":3.0},{"damage":14.0,"enemies":"Gremlin Nob","floor":7.0,"turns":3.0},{"damage":6.0,"enemies":"2 Fungi Beasts","floor":8.0,"turns":3.0},{"damage":0.0,"enemies":"Blue Slaver","floor":12.0,"turns":3.0},{"damage":0.0,"enemies":"Red Slaver","floor":13.0,"turns":1.0},{"damage":3.0,"enemies":"Lagavulin","floor":14.0,"turns":5.0},{"damage":3.0,"enemies":"The Guardian","floor":16.0,"turns":7.0},{"damage":8.0,"enemies":"Spheric Guardian","floor":18.0,"turns":4.0},{"damage":10.0,"enemies":"2 Thieves","floor":19.0,"turns":4.0},{"damage":7.0,"enemies":"Snecko","floor":20.0,"turns":5.0},{"damage":0,"enemies":"Cultist and Chosen","floor":22,"turns":7},{"damage":0,"enemies":"Slavers","floor":24,"turns":6},{"damage":5,"enemies":"Shelled Parasite and Fungi","floor":25,"turns":7},{"damage":4,"enemies":"Book of Stabbing","floor":27,"turns":7},{"damage":16,"enemies":"Centurion and Healer","floor":31,"turns":6},{"damage":0,"enemies":"Collector","floor":33,"turns":8},{"damage":2,"enemies":"3 Darklings","floor":35,"turns":6},{"damage":0,"enemies":"Orb Walker","floor":38,"turns":5},{"damage":1,"enemies":"3 Darklings","floor":39,"turns":6},{"damage":23,"enemies":"Nemesis","floor":40,"turns":9},{"damage":0,"enemies":"Sphere and 2 Shapes","floor":48,"turns":7},{"damage":19,"enemies":"Time Eater","floor":50,"turns":8}],"seed_played":"-6631355389535803282","potions_obtained":[{"floor":7.0,"key":"Energy Potion"},{"floor":8.0,"key":"BlessingOfTheForge"},{"floor":12.0,"key":"Energy Potion"},{"floor":13.0,"key":"Energy Potion"},{"floor":20.0,"key":"AttackPotion"},{"floor":22,"key":"EssenceOfSteel"},{"floor":27,"key":"LiquidMemories"},{"floor":33,"key":"Explosive Potion"},{"floor":35,"key":"Dexterity Potion"}],"is_trial":false,"path_per_floor":["M","M","?","?","M","R","E","M","T","?","R","M","M","E","R","B",null,"M","M","M","?","M","R","E","M","T","E","$","?","?","M","R","B",null,"M","$","?","M","M","E","?","R","T","$","?","T","R","M","R","B",null],"character_chosen":"DEFECT","items_purchased":["Strawberry","Trip+1","Metamorphosis+1","Art of War","Runic Capacitor","Cloak And Dagger+1","Membership Card","Orichalcum","Blood Vial","FocusPotion","Adrenaline+1","Ornamental Fan","Master of Strategy+1","Shrug It Off+1","Core Surge","Blind+1","Singing Bowl","BlessingOfTheForge","Toolbox"],"campfire_rested":8,"item_purchase_floors":[28,28,28,28,28,28,36,36,36,36,44,44,44,44,44,44,44,44,44],"current_hp_per_floor":[75,70,70,59,59,75,61,55,55,55,75,75,75,72,75,72,75,67,57,50,37,37,37,37,32,32,28,35,35,35,19,32,32,50,48,48,54,56,55,33,33,49,49,49,49,49,56,56,56,37],"gold":662,"neow_bonus":"","is_daily":true,"chose_seed":false,"campfire_upgraded":0,"win_rate":0.0,"timestamp":1609744163,"path_taken":["M","M","?","?","M","R","E","M","T","?","R","M","M","E","R","BOSS","M","?","M","?","M","R","E","M","T","E","$","?","?","M","R","BOSS","M","$","?","?","M","E","?","R","T","$","?","?","R","M","R","BOSS"],"items_purchased_type":["Relic","Card","Card","Relic","Relic","Card","Relic","Relic","Relic","Potion","Card","Relic","Card","Card","Card","Card","Relic","Potion","Relic"],"build_version":"2020-12-22","purchased_purges":3,"victory":true,"max_hp_per_floor":[75,75,75,75,75,75,75,75,75,75,75,75,75,75,75,75,75,75,75,75,37,37,37,37,37,37,37,44,44,44,44,44,44,50,50,50,56,56,56,56,56,56,56,56,56,56,56,56,56,56],"relic_stats":{"Darkstone Periapt":12,"Inserter":[47],"Happy Flower":[38],"Singing Bowl":0,"counters":[24,125],"CeramicFish":108,"Blue Candle":[0],"Pen Nib":[1],"Orichalcum":[66],"Boot":[3],"WarpedTongs":[34],"Blood Vial":3,"Dream Catcher":4,"Ornamental Fan":[8],"Art of War":[16],"obtain_stats":[{"Darkstone Periapt":26,"Singing Bowl":44,"CeramicFish":34,"Runic Capacitor":28,"Boot":40,"Old Coin":34,"Blood Vial":36,"Dream Catcher":27,"Matryoshka":34,"Strawberry":28,"Toolbox":44,"Toxic Egg 2":9,"Cracked Core":0,"InkBottle":46,"Inserter":17,"Happy Flower":7,"Blue Candle":43,"Oddly Smooth Stone":24,"Thread and Needle":14,"Pen Nib":46,"Orichalcum":36,"Akabeko":43,"WarpedTongs":37,"Calling Bell":34,"Ornamental Fan":44,"Art of War":28,"Membership Card":36},{"Darkstone Periapt":15,"Singing Bowl":22,"CeramicFish":18,"Runic Capacitor":16,"Boot":22,"Old Coin":18,"Blood Vial":19,"Dream Catcher":16,"Matryoshka":18,"Strawberry":16,"Toolbox":22,"Toxic Egg 2":5,"Cracked Core":0,"InkBottle":22,"Inserter":9,"Happy Flower":4,"Blue Candle":22,"Oddly Smooth Stone":14,"Thread and Needle":8,"Pen Nib":22,"Orichalcum":19,"Akabeko":22,"WarpedTongs":19,"Calling Bell":18,"Ornamental Fan":22,"Art of War":16,"Membership Card":19},{"Darkstone Periapt":63,"Singing Bowl":110,"CeramicFish":84,"Runic Capacitor":70,"Boot":110,"Old Coin":84,"Blood Vial":90,"Dream Catcher":70,"Matryoshka":84,"Strawberry":70,"Toolbox":110,"Toxic Egg 2":14,"Cracked Core":0,"InkBottle":110,"Inserter":30,"Happy Flower":11,"Blue Candle":110,"Oddly Smooth Stone":56,"Thread and Needle":23,"Pen Nib":110,"Orichalcum":90,"Akabeko":110,"WarpedTongs":90,"Calling Bell":84,"Ornamental Fan":110,"Art of War":70,"Membership Card":90}],"InkBottle":[4]},"card_choices":[{"not_picked":["Halt","Feel No Pain"],"picked":"EmptyFist","floor":1.0},{"not_picked":["Cloak And Dagger","Flying Knee"],"picked":"Disarm","floor":2.0},{"not_picked":["Rupture","PathToVictory"],"picked":"CutThroughFate","floor":5.0},{"not_picked":["Acrobatics","Iron Wave"],"picked":"Dagger Throw","floor":7.0},{"not_picked":["Steam","Evaluate"],"picked":"Consecrate","floor":8.0},{"not_picked":["SandsOfTime","Flying Knee"],"picked":"Ghostly Armor+1","floor":12.0},{"not_picked":["Pommel Strike","Rampage"],"picked":"Battle Trance+1","floor":13.0},{"not_picked":["Hologram+1","Dual Wield+1"],"picked":"Bouncing Flask+1","floor":14.0},{"not_picked":["Impervious+1","Meteor Strike"],"picked":"DevaForm","floor":16.0},{"not_picked":["Rupture","Coolheaded+1"],"picked":"Metallicize","floor":18.0},{"not_picked":["Quick Slash","Anger"],"picked":"Crippling Poison+1","floor":19.0},{"not_picked":["Stack+1","Clothesline+1","CrushJoints"],"picked":"SKIP","floor":20.0},{"not_picked":["PathToVictory+1","Caltrops"],"picked":"Armaments+1","floor":22},{"not_picked":["Go for the Eyes+1","Rebound"],"picked":"Ball Lightning","floor":24},{"not_picked":["Havoc+1","Sweeping Beam"],"picked":"Feel No Pain","floor":25},{"not_picked":["Lockon","Intimidate+1"],"picked":"Leg Sweep+1","floor":27},{"not_picked":["Adaptation","Streamline","Heatsinks"],"picked":"SKIP","floor":31},{"not_picked":["Grand Finale","Multi-Cast+1"],"picked":"Echo Form","floor":33},{"not_picked":["Calculated Gamble+1","Cloak And Dagger+1"],"picked":"Defragment+1","floor":35},{"not_picked":["Redo+1","Thunderclap"],"picked":"Chaos+1","floor":38},{"not_picked":["Poisoned Stab","Shrug It Off+1","Flex+1"],"picked":"SKIP","floor":39},{"not_picked":["SashWhip+1","SandsOfTime+1","Beam Cell+1"],"picked":"SKIP","floor":40},{"not_picked":["CrushJoints","Quick Slash+1"],"picked":"Sanctity+1","floor":42},{"not_picked":["Genetic Algorithm+1","Bullet Time+1"],"picked":"Shockwave+1","floor":47},{"not_picked":["Conserve Battery+1","Crescendo+1"],"picked":"Calculated Gamble+1","floor":48},{"not_picked":["EmptyMind+1","FearNoEvil"],"picked":"Warcry+1","floor":49}],"player_experience":994458,"relics_obtained":[{"floor":7.0,"key":"Happy Flower"},{"floor":9.0,"key":"Toxic Egg 2"},{"floor":14.0,"key":"Thread and Needle"},{"floor":24,"key":"Oddly Smooth Stone"},{"floor":26,"key":"Darkstone Periapt"},{"floor":27,"key":"Dream Catcher"},{"floor":34,"key":"CeramicFish"},{"floor":34,"key":"Matryoshka"},{"floor":34,"key":"Old Coin"},{"floor":40,"key":"Boot"},{"floor":43,"key":"Blue Candle"},{"floor":43,"key":"Akabeko"},{"floor":46,"key":"Pen Nib"},{"floor":46,"key":"InkBottle"}],"event_choices":[{"cards_removed":["Strike_R"],"damage_healed":0.0,"max_hp_gain":0.0,"max_hp_loss":0.0,"gold_gain":0.0,"event_name":"The Cleric","player_choice":"Card Removal","floor":3.0,"gold_loss":50.0,"damage_taken":0.0},{"damage_healed":0.0,"max_hp_gain":0.0,"max_hp_loss":0.0,"gold_gain":75.0,"event_name":"World of Goop","player_choice":"Gather Gold","floor":4.0,"gold_loss":0.0,"damage_taken":11.0},{"damage_healed":0.0,"max_hp_gain":0.0,"max_hp_loss":0.0,"gold_gain":100.0,"event_name":"Golden Shrine","player_choice":"Pray","floor":10.0,"gold_loss":0.0,"damage_taken":0.0},{"damage_healed":0,"gold_gain":0,"player_choice":"Became a Ghost","damage_taken":0,"max_hp_gain":0,"max_hp_loss":38,"event_name":"Ghosts","floor":21,"gold_loss":0,"cards_obtained":["Ghostly","Ghostly","Ghostly","Ghostly","Ghostly"]},{"damage_healed":0,"gold_gain":0,"player_choice":"Read","damage_taken":0,"max_hp_gain":0,"max_hp_loss":0,"event_name":"The Library","floor":29,"gold_loss":0,"cards_obtained":["Consume"]},{"damage_healed":0,"gold_gain":0,"player_choice":"Ignored","damage_taken":0,"max_hp_gain":0,"max_hp_loss":0,"event_name":"Vampires","floor":30,"gold_loss":0},{"damage_healed":0,"gold_gain":0,"player_choice":"Rummage","damage_taken":0,"relics_obtained":["WarpedTongs"],"max_hp_gain":0,"max_hp_loss":0,"event_name":"Accursed Blacksmith","floor":37,"gold_loss":0,"cards_obtained":["Pain"]},{"damage_healed":0,"gold_gain":0,"player_choice":"Ignored","damage_taken":0,"max_hp_gain":0,"max_hp_loss":0,"event_name":"Tomb of Lord Red Mask","floor":41,"gold_loss":0},{"cards_removed":["Eruption"],"damage_healed":0,"gold_gain":0,"player_choice":"Removed Attack","damage_taken":0,"max_hp_gain":0,"max_hp_loss":0,"event_name":"Falling","floor":45,"gold_loss":0}],"is_beta":false,"boss_relics":[{"not_picked":["Black Star","Cursed Key"],"picked":"Inserter"},{"not_picked":["Tiny House","Velvet Choker"],"picked":"Calling Bell"}],"items_purged_floors":[28,36,44],"is_endless":false,"potions_floor_spawned":[7,8,12,13,20,22,27,33,35,40],"ascension_level":0}}