{"host":"kmigwsj5rrfnig2m","time":1609727211,"event":{"mods":["BaseMod","Downfall","Minty Spire (QoL Compilation)","StSLib"],"gold_per_floor":[99,116,116,116,127,127,127,160,85,103,131,131,159,259,270,270,270,270],"floor_reached":16,"playtime":798,"items_purged":[],"score":157,"play_id":"6a015bd5-d12b-46af-8a6c-dc78df2c538f","local_time":"20210103212651","is_ascension_mode":true,"campfire_choices":[{"data":"Guardian:HyperBeam_Guardian","floor":1,"key":"SMITH"},{"data":"Guardian:CurlUp","floor":9,"key":"SMITH"},{"data":"Guardian:PrismaticBarrier","floor":12,"key":"SMITH"}],"circlet_count":0,"master_deck":["Guardian:Strike_Guardian","Guardian:Strike_Guardian","Guardian:Strike_Guardian","Guardian:Strike_Guardian","Guardian:Defend_Guardian","Guardian:Defend_Guardian","Guardian:Defend_Guardian","Guardian:Defend_Guardian","Guardian:CurlUp+1","Guardian:TwinSlam","hexamod:Haunted","Guardian:HyperBeam_Guardian+1","Guardian:PiercingHide","Guardian:Gem_Synthetic","Guardian:Clone","Guardian:Gem_Yellow","Guardian:FuturePlans","Guardian:PrismaticBarrier+1","Guardian:GuardianWhirl"],"relics":["Guardian:ModeShifter","Guardian:PickAxe","Guardian:SackOfGems","Sundial","Mercury Hourglass","downfall:HeartBlessingGreen","Oddly Smooth Stone","Blue Candle"],"acts_visited":["Exordium"],"potions_floor_usage":[8,16],"damage_taken":[{"damage":0,"enemies":"2 Louse","floor":2,"turns":1},{"damage":15,"enemies":"2 Louse","floor":3,"turns":3},{"damage":9,"enemies":"Cultist","floor":5,"turns":5},{"damage":21,"enemies":"Lagavulin","floor":8,"turns":11},{"damage":0,"enemies":"Small Slimes","floor":10,"turns":3},{"damage":15,"enemies":"3 Sentries","floor":11,"turns":4},{"damage":0,"enemies":"Lagavulin","floor":13,"turns":7},{"damage":0,"enemies":"3 Louse","floor":15,"turns":2},{"damage":7,"enemies":"downfall:Silent","floor":16,"turns":2}],"seed_played":"-316653286126747246","potions_obtained":[{"floor":5,"key":"Strength Potion"},{"floor":11,"key":"Fire Potion"},{"floor":13,"key":"Weak Potion"},{"floor":15,"key":"EssenceOfSteel"}],"is_trial":false,"path_per_floor":["R","M","?","?","M","?","T","E","R","M","E","R","E","?","M","B"],"character_chosen":"GUARDIAN","items_purchased":[],"campfire_rested":0,"item_purchase_floors":[],"current_hp_per_floor":[80,80,53,53,44,41,41,20,20,20,5,5,5,5,5,0,0,0],"gold":270,"neow_bonus":"THREE_RARE_CARDS","is_daily":false,"chose_seed":false,"campfire_upgraded":3,"win_rate":0.0,"timestamp":1609727211,"path_taken":["R","M","?","?","?","?","T","E","R","M","E","R","E","?","M","BOSS"],"items_purchased_type":[],"build_version":"2020-12-22","purchased_purges":0,"victory":false,"max_hp_per_floor":[80,80,80,80,80,80,80,80,80,80,80,80,80,80,80,80,80,80],"card_choices":[{"not_picked":["Guardian:StasisStrike","Guardian:GemFire"],"picked":"Guardian:HyperBeam_Guardian","floor":0},{"not_picked":["Guardian:Reroute","Guardian:CrystalBeam"],"picked":"Guardian:PiercingHide","floor":2},{"not_picked":["Guardian:Gem_Lightblue","Guardian:FastForward"],"picked":"Guardian:Clone","floor":5},{"not_picked":["Guardian:ShieldSpikes","Guardian:TemporalShield","Guardian:Gem_Cyan"],"picked":"SKIP","floor":8},{"not_picked":["Guardian:Gem_Yellow","Guardian:ShieldCharger"],"picked":"Guardian:FuturePlans","floor":10},{"not_picked":["Guardian:WalkerClaw","Guardian:GemFire"],"picked":"Guardian:PrismaticBarrier","floor":11},{"not_picked":["Guardian:PolyBeam","Guardian:WalkerClaw","Guardian:TimeBomb"],"picked":"SKIP","floor":13},{"not_picked":["Guardian:SentryBeam","Guardian:VentSteam"],"picked":"Guardian:GuardianWhirl","floor":15}],"player_experience":187692,"relics_obtained":[{"floor":7,"key":"Sundial"},{"floor":8,"key":"Mercury Hourglass"},{"floor":11,"key":"Oddly Smooth Stone"},{"floor":13,"key":"Blue Candle"}],"event_choices":[{"damage_healed":0,"gold_gain":0,"player_choice":"Success","damage_taken":3,"relics_obtained":["Guardian:SackOfGems"],"max_hp_gain":0,"max_hp_loss":0,"event_name":"Scrap Ooze","floor":6,"gold_loss":0}],"is_beta":false,"boss_relics":[],"items_purged_floors":[],"is_endless":false,"potions_floor_spawned":[5,11,13,15],"killed_by":"downfall:Silent","ascension_level":2}}