{"host":"armnliea5o2aqs4b","time":1609725199,"event":{"mods":["BaseMod","Hubris","Infinite Spire","Minty Spire (QoL Compilation)","Quick Restart","StSLib"],"gold_per_floor":[111,111,286,286,298,328,101,133,157,157,157,176,186,262,262,364,364,375,290,304,45,45,75,85,85,136,136,136],"floor_reached":27,"playtime":806,"items_purged":["Strike_B"],"score":277,"play_id":"3422bfb1-9fcc-464c-8bcc-7e5f528b6597","local_time":"20210104125319","is_ascension_mode":true,"campfire_choices":[{"data":"Thunder Strike","floor":10,"key":"SMITH"},{"floor":15,"key":"REST"},{"data":"hubris:SpecializedCircuitry","floor":25,"key":"SMITH"}],"circlet_count":0,"master_deck":["Strike_B+1","Strike_B","Strike_B","Defend_B","Defend_B","Defend_B","Defend_B+1","Zap","Dualcast","Ball Lightning","Capacitor","Defragment","Thunder Strike+1","Chaos","hubris:Ukulele","hubris:SpecializedCircuitry+1","Double Energy","Defragment"],"relics":["FrozenCore","NeowsBlessing","hubris:Icosahedron","MealTicket","infinitespire:Lucky Rock","DataDisk","infinitespire:PuzzleCube","Mercury Hourglass","Lantern","Nunchaku"],"acts_visited":["Exordium","TheCity"],"potions_floor_usage":[18],"damage_taken":[{"damage":0.0,"enemies":"2 Louse","floor":1.0,"turns":1.0},{"damage":0.0,"enemies":"Small Slimes","floor":5.0,"turns":1.0},{"damage":0.0,"enemies":"Lagavulin","floor":6.0,"turns":1.0},{"damage":35,"enemies":"3 Sentries","floor":8,"turns":5},{"damage":1,"enemies":"Jaw Worm","floor":12,"turns":3},{"damage":8,"enemies":"3 Louse","floor":13,"turns":3},{"damage":35,"enemies":"Slime Boss","floor":16,"turns":8},{"damage":0,"enemies":"Shell Parasite","floor":18,"turns":19},{"damage":9,"enemies":"Spheric Guardian","floor":20,"turns":4},{"damage":19,"enemies":"Gremlin Leader","floor":23,"turns":5},{"damage":15,"enemies":"Shelled Parasite and Fungi","floor":24,"turns":5},{"damage":45,"enemies":"3 Cultists","floor":27,"turns":3}],"seed_played":"-8902607317204497915","potions_obtained":[{"floor":8,"key":"SneckoOil"},{"floor":12,"key":"LiquidBronze"},{"floor":16,"key":"Regen Potion"},{"floor":23,"key":"ColorlessPotion"}],"is_trial":false,"path_per_floor":["M","?","?","?","M","E","$","E","T","R","?","M","M","?","R","B",null,"M","?","M","$","$","E","M","R","T","M"],"character_chosen":"DEFECT","items_purchased":["Thunder Strike","Mercury Hourglass"],"campfire_rested":1,"item_purchase_floors":[7,21],"current_hp_per_floor":[75,75,75,75,75,75,75,40,40,40,25,24,16,16,38,3,75,75,75,66,75,75,56,41,41,41,0,0],"gold":136,"neow_bonus":"THREE_ENEMY_KILL","is_daily":false,"chose_seed":false,"campfire_upgraded":2,"win_rate":0.0,"timestamp":1609725199,"path_taken":["M","?","?","?","M","E","$","E","T","R","?","M","M","?","R","BOSS","M","?","M","?","$","E","?","R","T","M"],"items_purchased_type":["Card","Relic"],"build_version":"2020-12-22","purchased_purges":1,"victory":false,"max_hp_per_floor":[75,75,75,75,75,75,75,75,75,75,75,75,75,75,75,75,75,75,75,75,75,75,75,75,75,75,75,75],"card_choices":[{"not_picked":["Static Discharge","Cold Snap"],"picked":"Ball Lightning","floor":1.0},{"not_picked":["Turbo","Blizzard"],"picked":"Capacitor","floor":5.0},{"not_picked":["Barrage","Sweeping Beam"],"picked":"Defragment","floor":6.0},{"not_picked":["Static Discharge","Stack","Go for the Eyes"],"picked":"SKIP","floor":8},{"not_picked":["Turbo","Steam Power"],"picked":"Chaos","floor":12},{"not_picked":["Loop","Sweeping Beam"],"picked":"hubris:Ukulele","floor":13},{"not_picked":["Biased Cognition","Amplify"],"picked":"hubris:SpecializedCircuitry","floor":16},{"not_picked":["Hello World","Chill+1"],"picked":"Double Energy","floor":18},{"not_picked":["Coolheaded","Reinforced Body+1","Steam Power"],"picked":"SKIP","floor":20},{"not_picked":["Steam","Rainbow"],"picked":"Defragment","floor":23},{"not_picked":["Compile Driver+1","Streamline","Chaos"],"picked":"SKIP","floor":24}],"player_experience":174694,"relics_obtained":[{"floor":6.0,"key":"MealTicket"},{"floor":8,"key":"infinitespire:Lucky Rock"},{"floor":9,"key":"DataDisk"},{"floor":23,"key":"Lantern"},{"floor":26,"key":"Nunchaku"}],"event_choices":[{"damage_healed":0.0,"max_hp_gain":0.0,"max_hp_loss":0.0,"gold_gain":175.0,"event_name":"Liars Game","player_choice":"AGREE","floor":3.0,"gold_loss":0.0,"damage_taken":0.0,"cards_obtained":["Doubt"]},{"cards_removed":["Doubt"],"damage_healed":0.0,"max_hp_gain":0.0,"max_hp_loss":0.0,"gold_gain":0.0,"event_name":"Living Wall","player_choice":"Forget","floor":4.0,"gold_loss":0.0,"damage_taken":0.0},{"damage_healed":0,"gold_gain":0,"player_choice":"Entered Light","damage_taken":15,"max_hp_gain":0,"max_hp_loss":0,"event_name":"Shining Light","floor":11,"gold_loss":0,"cards_upgraded":["Strike_B","Defend_B"]},{"damage_healed":0,"gold_gain":76,"player_choice":"Gained Gold","damage_taken":0,"max_hp_gain":0,"max_hp_loss":0,"event_name":"Golden Wing","floor":14,"gold_loss":0},{"damage_healed":0,"gold_gain":0,"player_choice":"Obtained Relic","damage_taken":0,"relics_obtained":["infinitespire:PuzzleCube"],"max_hp_gain":0,"max_hp_loss":0,"event_name":"Addict","floor":19,"gold_loss":85}],"is_beta":false,"boss_relics":[{"not_picked":["Runic Dome","Nuclear Battery"],"picked":"FrozenCore"}],"items_purged_floors":[7],"is_endless":false,"potions_floor_spawned":[8,12,16,23],"killed_by":"3 Cultists","ascension_level":1}}