{"host":"o4w63qr3r67r509f","time":1609760060,"event":{"mods":["2.2 Compatiblity","AchievementEnabler","BaseMod","Colored Map","DeckTracker","KOR Keyword Fix","Minty Spire (QoL Compilation)","StSLib","The Bug Knight"],"gold_per_floor":[115,290,305,5,32,57,57,57,83,8,8,8,28,39,39,139,139,151,151,165,105,123,123,141,168,195,195,294,209,209,220,220,220,220],"floor_reached":33,"playtime":1757,"items_purged":["Doubt"],"score":288,"play_id":"d87d6717-1df1-4779-8bb0-e96c222f2690","local_time":"20210104203420","is_ascension_mode":false,"campfire_choices":[{"data":"HollowMod:SoulSplash","floor":7,"key":"SMITH"},{"data":"HollowMod:NewLastStag","floor":11,"key":"SMITH"},{"data":"HollowMod:DesolateDive","floor":15,"key":"SMITH"},{"data":"HollowMod:MidwifesHunger","floor":23,"key":"SMITH"},{"data":"HollowMod:MantisMark","floor":30,"key":"SMITH"},{"data":"HollowMod:FocusHealStart","floor":32,"key":"SMITH"}],"circlet_count":0,"master_deck":["HollowMod:NailStrikeStart","HollowMod:NailStrikeStart","HollowMod:NailStrikeStart","HollowMod:QuickDashStart","HollowMod:QuickDashStart","HollowMod:QuickDashStart","HollowMod:FocusHealStart+1","HollowMod:PogoStrike","HollowMod:SoulSplash+1","HollowMod:NewLastStag+1","HollowMod:CoiledNail","HollowMod:DesolateDive+1","HollowMod:NewLittleFool","HollowMod:Weaversong","HollowMod:CloakDash","Necronomicurse","HollowMod:DesolateDive","HollowMod:MidwifesHunger+1","HollowMod:MantisMark+1"],"relics":["HollowMod:VesselMask","NeowsBlessing","Ancient Tea Set","HollowMod:LumaflyLanternRelic","Potion Belt","Coffee Dripper","Necronomicon","Lantern","Tiny Chest","Art of War"],"acts_visited":["Exordium","TheCity"],"potions_floor_usage":[24,25,33],"damage_taken":[{"damage":0,"enemies":"Jaw Worm","floor":1,"turns":1},{"damage":0,"enemies":"2 Louse","floor":3,"turns":1},{"damage":0,"enemies":"3 Sentries","floor":6,"turns":2},{"damage":0,"enemies":"Small Slimes","floor":13,"turns":2},{"damage":0,"enemies":"Looter","floor":14,"turns":1},{"damage":43,"enemies":"Hexaghost","floor":16,"turns":7},{"damage":0,"enemies":"Spheric Guardian","floor":18,"turns":3},{"damage":3,"enemies":"Chosen","floor":20,"turns":2},{"damage":26,"enemies":"Snake Plant","floor":22,"turns":3},{"damage":10,"enemies":"Cultist and Chosen","floor":24,"turns":3},{"damage":13,"enemies":"HollowMod:Nosk","floor":25,"turns":3},{"damage":0,"enemies":"Snecko","floor":31,"turns":2},{"damage":7,"enemies":"Collector","floor":33,"turns":6}],"seed_played":"1755812507855013416","potions_obtained":[{"floor":3,"key":"SpeedPotion"},{"floor":16,"key":"PowerPotion"},{"floor":18,"key":"DistilledChaos"},{"floor":22,"key":"Energy Potion"}],"is_trial":false,"path_per_floor":["M","?","M","?","T","E","R","$","T","$","R","$","M","M","R","B",null,"M","?","M","?","M","R","M","E","T","?","?","?","R","M","R","B"],"character_chosen":"THE_BUGKNIGHT","items_purchased":[],"campfire_rested":0,"item_purchase_floors":[],"current_hp_per_floor":[75,75,75,75,75,75,75,75,75,75,75,75,75,75,75,32,75,75,59,56,56,30,30,20,7,7,7,7,7,7,7,7,6,6],"gold":220,"neow_bonus":"THREE_ENEMY_KILL","is_daily":false,"chose_seed":false,"campfire_upgraded":6,"win_rate":0.0,"timestamp":1609760060,"path_taken":["M","?","M","?","?","E","R","$","T","$","R","?","M","M","R","BOSS","M","?","M","?","?","R","M","E","T","?","?","?","R","M","R","BOSS"],"items_purchased_type":[],"build_version":"2020-12-22","purchased_purges":1,"victory":false,"max_hp_per_floor":[75,75,75,75,75,75,75,75,75,75,75,75,75,75,75,75,75,75,75,75,75,75,75,75,75,75,75,75,75,75,75,75,75,75],"card_choices":[{"not_picked":["HollowMod:ShadowDash","HollowMod:SoulVessel"],"picked":"HollowMod:SoulSplash","floor":1},{"not_picked":["HollowMod:InfectedCysts","HollowMod:VengefulVoid","HollowMod:SiblingsSouls"],"picked":"SKIP","floor":3},{"not_picked":["HollowMod:InfectedCysts","HollowMod:DashSlash"],"picked":"HollowMod:CoiledNail","floor":6},{"not_picked":["HollowMod:SharpenedShadows","HollowMod:BaldurShell"],"picked":"HollowMod:DesolateDive","floor":13},{"not_picked":["HollowMod:SiblingsSouls","HollowMod:LifebloodCocoon"],"picked":"HollowMod:NewLittleFool","floor":14},{"not_picked":["HollowMod:NewInfectedGuardian","HollowMod:Hiveblood"],"picked":"HollowMod:Weaversong","floor":16},{"not_picked":["HollowMod:SharpenedNail","HollowMod:FallenFury"],"picked":"HollowMod:CloakDash","floor":18},{"not_picked":["HollowMod:ShadowDash","HollowMod:GoodIntentions","HollowMod:DreamGate"],"picked":"SKIP","floor":20},{"not_picked":["HollowMod:NewJinnsSoul","HollowMod:QuirrelsAssistance+1"],"picked":"HollowMod:MantisMark","floor":22},{"not_picked":["HollowMod:CycloneSlash","HollowMod:LifebloodCocoon+1","HollowMod:ChannelNail+1"],"picked":"SKIP","floor":24},{"not_picked":["HollowMod:AbyssShriek+1","HollowMod:HowlingWraiths+1","HollowMod:DesolateDive"],"picked":"SKIP","floor":25},{"not_picked":["HollowMod:SharpenedShadows","HollowMod:HowlingWraiths","HollowMod:DashSlash"],"picked":"SKIP","floor":31}],"player_experience":108829,"relics_obtained":[{"floor":5,"key":"Ancient Tea Set"},{"floor":6,"key":"HollowMod:LumaflyLanternRelic"},{"floor":9,"key":"Potion Belt"},{"floor":19,"key":"Necronomicon"},{"floor":25,"key":"Lantern"},{"floor":26,"key":"Tiny Chest"}],"event_choices":[{"damage_healed":0,"gold_gain":175,"player_choice":"AGREE","damage_taken":0,"max_hp_gain":0,"max_hp_loss":0,"event_name":"Liars Game","floor":2,"gold_loss":0,"cards_obtained":["Doubt"]},{"damage_healed":0,"gold_gain":0,"player_choice":"Obtained Book","damage_taken":16,"max_hp_gain":0,"max_hp_loss":0,"event_name":"Cursed Tome","floor":19,"gold_loss":0},{"damage_healed":0,"gold_gain":0,"cards_transformed":["HollowMod:NailStrikeStart","HollowMod:QuickDashStart"],"player_choice":"Transformed Cards","damage_taken":0,"max_hp_gain":0,"max_hp_loss":0,"event_name":"Designer","floor":21,"gold_loss":60,"cards_obtained":["HollowMod:DesolateDive","HollowMod:MidwifesHunger"]},{"damage_healed":0,"gold_gain":99,"player_choice":"Stole From Cult","damage_taken":0,"max_hp_gain":0,"max_hp_loss":0,"event_name":"Nest","floor":28,"gold_loss":0},{"damage_healed":0,"gold_gain":0,"player_choice":"Obtained Relic","damage_taken":0,"relics_obtained":["Art of War"],"max_hp_gain":0,"max_hp_loss":0,"event_name":"Addict","floor":29,"gold_loss":85}],"is_beta":false,"boss_relics":[{"not_picked":["Empty Cage","Snecko Eye"],"picked":"Coffee Dripper"}],"items_purged_floors":[10],"is_endless":false,"potions_floor_spawned":[3,16,18,22],"killed_by":"Collector","ascension_level":0}}