{"host":"k85tjwrh7mjrrc9a","time":1609720454,"event":{"mods":["AchievementEnabler","BaseMod","Colored Powertips","Highlight Path","Minty Spire (QoL Compilation)","Rare Cards Sparkle","StSLib"],"gold_per_floor":[109,109,10,27,46,46,79,99,99,133,308,233,80,92,92,192,192,204,119,119,119,138,138,150,178,178,178,178,195,195,205,205,205,205],"floor_reached":33,"playtime":1676,"items_purged":["Doubt"],"score":344,"play_id":"a285956d-167b-4d06-b836-e97ef7607822","local_time":"20210103193414","is_ascension_mode":true,"campfire_choices":[{"data":"Bash","floor":6,"key":"SMITH"},{"data":"Shrug It Off","floor":15,"key":"SMITH"},{"floor":23,"key":"REST"},{"floor":27,"key":"REST"},{"data":"Pommel Strike","floor":32,"key":"SMITH"}],"circlet_count":0,"master_deck":["Strike_R","Strike_R","Strike_R","Strike_R","Defend_R","Defend_R","Defend_R","Defend_R","Bash+1","Shrug It Off+1","Body Slam","Heavy Blade","Uppercut","Pommel Strike+1","Headbutt","Pommel Strike","Offering","Necronomicurse","Disarm+1","Thunderclap","Shrug It Off"],"relics":["Black Blood","Red Skull","Champion Belt","Letter Opener","Oddly Smooth Stone","Toolbox","Mummified Hand","Necronomicon","MutagenicStrength","HornCleat","Boot","Bottled Flame"],"acts_visited":["Exordium","TheCity"],"potions_floor_usage":[25,31,33],"damage_taken":[{"damage":4,"enemies":"Jaw Worm","floor":1,"turns":4},{"damage":4,"enemies":"Small Slimes","floor":4,"turns":4},{"damage":6,"enemies":"Cultist","floor":5,"turns":3},{"damage":32,"enemies":"3 Sentries","floor":7,"turns":10},{"damage":6,"enemies":"Looter","floor":8,"turns":4},{"damage":21,"enemies":"Gremlin Nob","floor":10,"turns":4},{"damage":3,"enemies":"Exordium Wildlife","floor":14,"turns":3},{"damage":32,"enemies":"Hexaghost","floor":16,"turns":9},{"damage":27,"enemies":"3 Byrds","floor":18,"turns":6},{"damage":23,"enemies":"2 Thieves","floor":22,"turns":3},{"damage":22,"enemies":"Centurion and Healer","floor":24,"turns":4},{"damage":43,"enemies":"Slavers","floor":25,"turns":5},{"damage":2,"enemies":"Shelled Parasite and Fungi","floor":29,"turns":4},{"damage":0,"enemies":"Sentry and Sphere","floor":31,"turns":3},{"damage":80,"enemies":"Automaton","floor":33,"turns":8}],"seed_played":"4755161552355186263","potions_obtained":[{"floor":4,"key":"Explosive Potion"},{"floor":7,"key":"SkillPotion"},{"floor":10,"key":"Explosive Potion"},{"floor":16,"key":"Ancient Potion"},{"floor":24,"key":"BloodPotion"},{"floor":29,"key":"SmokeBomb"},{"floor":31,"key":"Block Potion"}],"is_trial":false,"path_per_floor":["M","?","?","M","M","R","E","M","T","E","?","$","$","M","R","B",null,"M","?","?","?","M","R","M","E","T","R","?","M","T","M","R","B"],"character_chosen":"IRONCLAD","items_purchased":["Toolbox"],"campfire_rested":2,"item_purchase_floors":[13],"current_hp_per_floor":[88,81,81,83,83,83,57,57,57,42,42,42,42,45,45,19,71,56,56,40,40,29,55,45,31,31,57,57,67,67,79,79,0,0],"gold":205,"neow_bonus":"TEN_PERCENT_HP_BONUS","is_daily":false,"chose_seed":false,"campfire_upgraded":3,"win_rate":0.0,"timestamp":1609720454,"path_taken":["M","?","?","?","M","R","E","M","T","E","?","?","$","M","R","BOSS","M","?","?","?","M","R","M","E","T","R","?","?","?","M","R","BOSS"],"items_purchased_type":["Relic"],"build_version":"2020-12-22","purchased_purges":1,"victory":false,"max_hp_per_floor":[88,88,88,88,88,88,88,88,88,88,88,88,88,88,88,88,88,88,88,88,88,88,88,88,88,88,88,88,88,88,88,88,88,88],"card_choices":[{"not_picked":["True Grit","Flame Barrier"],"picked":"Shrug It Off","floor":1},{"not_picked":["Sever Soul","Clothesline"],"picked":"Body Slam","floor":4},{"not_picked":["Shrug It Off","Warcry"],"picked":"Heavy Blade","floor":5},{"not_picked":["Brutality","Rage"],"picked":"Uppercut","floor":7},{"not_picked":["Rampage","Headbutt"],"picked":"Pommel Strike","floor":8},{"not_picked":["Dual Wield","Perfected Strike"],"picked":"Headbutt","floor":10},{"not_picked":["Clothesline","Flex"],"picked":"Pommel Strike","floor":14},{"not_picked":["Reaper","Fiend Fire"],"picked":"Offering","floor":16},{"not_picked":["Metallicize+1","Wild Strike","Carnage+1"],"picked":"SKIP","floor":18},{"not_picked":["Warcry+1","Sword Boomerang+1","Clothesline"],"picked":"SKIP","floor":22},{"not_picked":["Twin Strike","Wild Strike"],"picked":"Disarm+1","floor":24},{"not_picked":["Heavy Blade","Berserk"],"picked":"Thunderclap","floor":25},{"not_picked":["Hemokinesis","Flex"],"picked":"Shrug It Off","floor":29},{"not_picked":["Rampage","Iron Wave","Warcry+1"],"picked":"SKIP","floor":31}],"player_experience":132684,"relics_obtained":[{"floor":7,"key":"Champion Belt"},{"floor":9,"key":"Letter Opener"},{"floor":10,"key":"Oddly Smooth Stone"},{"floor":20,"key":"Necronomicon"},{"floor":25,"key":"HornCleat"},{"floor":26,"key":"Boot"},{"floor":30,"key":"Bottled Flame"}],"event_choices":[{"cards_removed":["Strike_R"],"damage_healed":0,"gold_gain":0,"player_choice":"Card Removal","damage_taken":7,"max_hp_gain":0,"max_hp_loss":0,"event_name":"Golden Wing","floor":2,"gold_loss":0},{"damage_healed":0,"gold_gain":0,"player_choice":"Paid Gold","damage_taken":0,"relics_obtained":["Red Skull"],"max_hp_gain":0,"max_hp_loss":0,"event_name":"WeMeetAgain","floor":3,"gold_loss":99},{"damage_healed":0,"gold_gain":175,"player_choice":"AGREE","damage_taken":0,"max_hp_gain":0,"max_hp_loss":0,"event_name":"Liars Game","floor":11,"gold_loss":0,"cards_obtained":["Doubt"]},{"damage_healed":0,"gold_gain":0,"player_choice":"Obtained Relic","damage_taken":0,"relics_obtained":["Mummified Hand"],"max_hp_gain":0,"max_hp_loss":0,"event_name":"Addict","floor":19,"gold_loss":85},{"damage_healed":0,"gold_gain":0,"player_choice":"Obtained Book","damage_taken":16,"max_hp_gain":0,"max_hp_loss":0,"event_name":"Cursed Tome","floor":20,"gold_loss":0},{"damage_healed":0,"gold_gain":0,"player_choice":"Inject Mutagens","damage_taken":0,"relics_obtained":["MutagenicStrength"],"max_hp_gain":0,"max_hp_loss":0,"event_name":"Drug Dealer","floor":21,"gold_loss":0},{"damage_healed":0,"gold_gain":0,"player_choice":"Ignored","damage_taken":0,"max_hp_gain":0,"max_hp_loss":0,"event_name":"N\u0027loth","floor":28,"gold_loss":0}],"is_beta":false,"boss_relics":[{"not_picked":["Runic Pyramid","Runic Cube"],"picked":"Black Blood"}],"items_purged_floors":[12],"is_endless":false,"potions_floor_spawned":[4,7,10,16,24,29,31],"killed_by":"Automaton","ascension_level":5}}