{"host":"2se5dq1do2gp0x9k","time":1609746584,"event":{"mods":["AchievementEnabler","BaseMod","Block Reminder","Colored Map","Colored Powertips","Minty Spire (QoL Compilation)","Relic Stats","StSLib","SuperFastMode"],"gold_per_floor":[111,129,129,140,159,159,175,350,399,399,409,409,131,143,143,246,246,260,146,160,160,160],"floor_reached":21,"playtime":718,"items_purged":["Doubt"],"score":357,"play_id":"3e5d4de5-5906-499f-9e54-de32f82c8691","local_time":"20210103234944","is_ascension_mode":true,"campfire_choices":[{"data":"Eruption","floor":6.0,"key":"SMITH"},{"data":"Prostrate","floor":10.0,"key":"SMITH"},{"data":"Prostrate","floor":12.0,"key":"SMITH"},{"floor":15.0,"key":"REST"}],"circlet_count":0,"master_deck":["AscendersBane","Strike_P","Strike_P","Strike_P","Strike_P","Defend_P","Defend_P","Defend_P","Defend_P","Eruption+1","Vigilance","CarveReality","Wallop","Devotion","Consecrate","Prostrate+1","Prostrate+1","Prostrate+1","CutThroughFate","Sanctity","DevaForm","Fasting2","CutThroughFate","Sanctity"],"relics":["PureWater","Ancient Tea Set","Tiny Chest","DollysMirror","Cursed Key"],"acts_visited":["Exordium","TheCity"],"potions_floor_usage":[20],"damage_taken":[{"damage":0.0,"enemies":"Cultist","floor":1.0,"turns":3.0},{"damage":0.0,"enemies":"2 Louse","floor":2.0,"turns":2.0},{"damage":0.0,"enemies":"Small Slimes","floor":4.0,"turns":2.0},{"damage":17.0,"enemies":"Gremlin Gang","floor":5.0,"turns":3.0},{"damage":0.0,"enemies":"Exordium Wildlife","floor":7.0,"turns":3.0},{"damage":11.0,"enemies":"Exordium Thugs","floor":11.0,"turns":4.0},{"damage":5.0,"enemies":"Blue Slaver","floor":14.0,"turns":4.0},{"damage":0.0,"enemies":"Slime Boss","floor":16.0,"turns":5.0},{"damage":28,"enemies":"Shell Parasite","floor":18,"turns":6},{"damage":3,"enemies":"3 Byrds","floor":20,"turns":6},{"damage":10,"enemies":"Shelled Parasite and Fungi","floor":21,"turns":2}],"seed_played":"565524605164240571","potions_obtained":[{"floor":1.0,"key":"SkillPotion"},{"floor":2.0,"key":"DuplicationPotion"}],"is_trial":false,"path_per_floor":["M","M","?","M","M","R","M","?","T","R","M","R","$","M","R","B",null,"M","$","M","M"],"character_chosen":"WATCHER","items_purchased":["DollysMirror","CutThroughFate","CutThroughFate","Sanctity"],"campfire_rested":1,"item_purchase_floors":[13,13,19,19],"current_hp_per_floor":[65,65,58,58,41,41,41,41,41,41,30,30,30,25,46,46,66,38,38,35,25,25],"gold":160,"neow_bonus":"RANDOM_COMMON_RELIC","is_daily":false,"chose_seed":false,"campfire_upgraded":3,"win_rate":0.0,"timestamp":1609746584,"path_taken":["M","M","?","M","?","R","M","?","T","R","M","R","$","M","R","BOSS","M","$","M","M"],"items_purchased_type":["Relic","Card","Card","Card"],"build_version":"2020-12-22","purchased_purges":1,"victory":false,"max_hp_per_floor":[72,72,72,72,72,72,72,72,72,72,72,72,72,72,72,72,72,72,72,72,72,72],"relic_stats":{"counters":[11,40],"Tiny Chest":0,"Cursed Key":0,"obtain_stats":[{"DollysMirror":13,"Tiny Chest":9,"PureWater":0,"Ancient Tea Set":0,"Cursed Key":17},{"DollysMirror":6,"Tiny Chest":5,"PureWater":0,"Ancient Tea Set":0,"Cursed Key":8},{"DollysMirror":17,"Tiny Chest":13,"PureWater":0,"Ancient Tea Set":0,"Cursed Key":26}]},"card_choices":[{"not_picked":["Adaptation","CrushJoints"],"picked":"CarveReality","floor":1.0},{"not_picked":["ThirdEye","Halt"],"picked":"Wallop","floor":2.0},{"not_picked":["Wireheading","EmptyFist"],"picked":"Devotion","floor":4.0},{"not_picked":["FlyingSleeves","Crescendo"],"picked":"Consecrate","floor":5.0},{"not_picked":["CutThroughFate","EmptyFist"],"picked":"Prostrate","floor":7.0},{"not_picked":["EmptyBody","Swivel"],"picked":"Prostrate","floor":11.0},{"not_picked":["FlurryOfBlows","Adaptation"],"picked":"Sanctity","floor":14.0},{"not_picked":["Scrawl","Blasphemy"],"picked":"DevaForm","floor":16.0},{"not_picked":["BowlingBash","Nirvana"],"picked":"Fasting2","floor":18},{"not_picked":["EmptyBody","Weave+1","Protect"],"picked":"SKIP","floor":20}],"player_experience":3764299,"relics_obtained":[{"floor":9.0,"key":"Tiny Chest"}],"event_choices":[{"damage_healed":0.0,"max_hp_gain":0.0,"max_hp_loss":0.0,"gold_gain":0.0,"event_name":"Wheel of Change","player_choice":"Damaged","floor":3.0,"gold_loss":0.0,"damage_taken":7.0},{"damage_healed":0.0,"max_hp_gain":0.0,"max_hp_loss":0.0,"gold_gain":175.0,"event_name":"Liars Game","player_choice":"AGREE","floor":8.0,"gold_loss":0.0,"damage_taken":0.0,"cards_obtained":["Doubt"]}],"is_beta":false,"boss_relics":[{"not_picked":["Black Star","HolyWater"],"picked":"Cursed Key"}],"items_purged_floors":[13],"is_endless":false,"potions_floor_spawned":[1,2,5,14],"killed_by":"Shelled Parasite and Fungi","ascension_level":12}}