{"host":"pi8b3ffzwvxqztac","time":1609744126,"event":{"mods":["BaseMod","Colored Map","Downfall","Minty Spire (QoL Compilation)","StSLib"],"gold_per_floor":[99,118,133,151,151,151,205,130,69,69,89,107,107,92,108,206,206,206,225,241,241,241,241,294,312,331,351,363,389,239,239,258,355,355,355,369,23,268,287,287,313,313,343,343,356,356,15,51,73,73,73,111,74,74,74],"floor_reached":56,"playtime":4817,"items_purged":["Writhe","hexamod:Strike","hexamod:Defend"],"score":1966,"play_id":"57ab80d0-f83e-4847-b5ce-42a5c8b4cb4b","local_time":"20210104200846","is_ascension_mode":true,"campfire_choices":[{"floor":1.0,"key":"RECALL"},{"data":"hexamod:GiftsFromTheDead","floor":8.0,"key":"SMITH"},{"data":"hexamod:Float","floor":10.0,"key":"SMITH"},{"data":"hexamod:GhostLash","floor":13.0,"key":"SMITH"},{"data":"hexamod:UnleashSpirits","floor":18,"key":"SMITH"},{"data":"hexamod:SkipABeat","floor":30,"key":"SMITH"},{"data":"hexamod:TimeOfNeed","floor":35,"key":"SMITH"},{"data":"expansioncontent:Chronoboost","floor":42,"key":"SMITH"},{"data":"hexamod:ThermalTransfer","floor":46,"key":"SMITH"},{"data":"expansioncontent:DashGenerateEvil","floor":54,"key":"SMITH"}],"circlet_count":0,"master_deck":["AscendersBane","hexamod:Strike","hexamod:Strike","hexamod:Strike","hexamod:Defend+1","hexamod:Defend","hexamod:Defend","hexamod:Sear","hexamod:Float+1","hexamod:GiftsFromTheDead+1","hexamod:ThermalTransfer","hexamod:SkipABeat+1","hexamod:ThirdSeal","hexamod:FirstSeal","hexamod:NightmareStrike","hexamod:NightmareGuise","hexamod:Hexaguard+1","hexamod:ThermalTransfer+1","hexamod:FlamesFromBeyond","hexamod:GhostLash+1","hexamod:Hexaguard+1","hexamod:SpectersWail","hexamod:UnleashSpirits+1","hexamod:Hexaguard+1","hexamod:GhostLash","hexamod:NightmareStrike+1","hexamod:SkipABeat","hexamod:Hexaguard","hexamod:Hexaguard+1","hexamod:HauntingEcho","hexamod:FlamesFromBeyond","hexamod:Hexaguard","hexamod:GhostShield+1","hexamod:SpectersWail+1","hexamod:TimeOfNeed+1","hexamod:SixthSeal","CurseOfTheBell","hexamod:FourthSeal","hexamod:Hexaguard+1","hexamod:GhostLash","hexamod:GiftsFromTheDead","hexamod:GhostLash","hexamod:GhostShield","hexamod:FastForward","hexamod:FastForward+1","expansioncontent:Chronoboost+1","hexamod:FastForward","hexamod:SecondSeal","hexamod:StepThrough","expansioncontent:DashGenerateEvil+1","hexamod:FastForward","hexamod:DynamicBlow+1","hexamod:FastForward+1","hexamod:StepThrough"],"relics":["hexamod:SpiritBrand","Pocketwatch","Vajra","downfall:HeartBlessingRed","hexamod:IceCube","Nunchaku","Calipers","downfall:HeartBlessingGreen","downfall:HeartBlessingBlue","Calling Bell","PreservedInsect","HornCleat","TungstenRod","Boot","Letter Opener","Toy Ornithopter","Bag of Preparation"],"acts_visited":["Exordium","TheCity","TheBeyond","TheEnding"],"potions_floor_usage":[33,45,49,50,55],"damage_taken":[{"damage":1.0,"enemies":"Jaw Worm","floor":2.0,"turns":3.0},{"damage":3.0,"enemies":"2 Louse","floor":3.0,"turns":3.0},{"damage":1.0,"enemies":"Small Slimes","floor":4.0,"turns":4.0},{"damage":0.0,"enemies":"downfall:FleeingMerchant","floor":9.0,"turns":4.0},{"damage":3.0,"enemies":"2 Fungi Beasts","floor":11.0,"turns":3.0},{"damage":3.0,"enemies":"Lots of Slimes","floor":12.0,"turns":3.0},{"damage":5.0,"enemies":"downfall:FleeingMerchant","floor":14.0,"turns":4.0},{"damage":0,"enemies":"Large Slime","floor":15,"turns":4},{"damage":5,"enemies":"downfall:Watcher","floor":16,"turns":6},{"damage":4,"enemies":"Spheric Guardian","floor":19,"turns":4},{"damage":0,"enemies":"3 Byrds","floor":20,"turns":4},{"damage":13,"enemies":"Shelled Parasite and Fungi","floor":25,"turns":4},{"damage":7,"enemies":"Cultist and Chosen","floor":26,"turns":4},{"damage":3,"enemies":"Centurion and Healer","floor":27,"turns":4},{"damage":4,"enemies":"Shelled Parasite and Fungi","floor":28,"turns":4},{"damage":44,"enemies":"Gremlin Leader","floor":29,"turns":7},{"damage":8,"enemies":"Snake Plant","floor":32,"turns":3},{"damage":0,"enemies":"downfall:Defect","floor":33,"turns":6},{"damage":5,"enemies":"3 Shapes","floor":36,"turns":4},{"damage":0,"enemies":"downfall:FleeingMerchant","floor":37,"turns":4},{"damage":8,"enemies":"downfall:FleeingMerchant","floor":38,"turns":4},{"damage":0,"enemies":"3 Darklings","floor":39,"turns":4},{"damage":4,"enemies":"Reptomancer","floor":43,"turns":5},{"damage":6,"enemies":"4 Shapes","floor":45,"turns":4},{"damage":0,"enemies":"Nemesis","floor":48,"turns":5},{"damage":10,"enemies":"Jaw Worm Horde","floor":49,"turns":5},{"damage":7,"enemies":"downfall:Ironclad","floor":50,"turns":11},{"damage":0,"enemies":"downfall:CharBossMerchant","floor":52,"turns":6},{"damage":7,"enemies":"downfall:NeowBoss","floor":55,"turns":25}],"seed_played":"-6312456638539732966","potions_obtained":[{"floor":3.0,"key":"FairyPotion"},{"floor":11.0,"key":"PowerPotion"},{"floor":16,"key":"FairyPotion"},{"floor":33,"key":"Fruit Juice"},{"floor":36,"key":"FairyPotion"},{"floor":45,"key":"Fruit Juice"},{"floor":48,"key":"ColorlessPotion"},{"floor":49,"key":"LiquidBronze"},{"floor":52,"key":"DistilledChaos"}],"is_trial":false,"path_per_floor":["R","M","M","M","?","?","T","R","$","R","M","M","R","$","M","B",null,"R","M","M","?","?","?","T","M","M","M","M","E","R","?","M","B",null,"R","M","$","$","M","?","T","R","E","?","M","R","$","E","M","B",null,"E","$","R","B",null],"character_chosen":"THE_SPIRIT","items_purchased":["hexamod:Hexaguard","hexamod:GiftsFromTheDead","hexamod:GhostLash","hexamod:GhostShield","hexamod:StepThrough","expansioncontent:DashGenerateEvil","hexamod:StepThrough"],"campfire_rested":0,"item_purchase_floors":[9,37,37,37,47,47,53],"current_hp_per_floor":[63,62,59,58,46,39,39,39,46,46,50,54,54,56,63,58,67,67,70,70,70,70,70,70,64,64,68,70,33,43,43,35,40,74,74,76,83,75,75,75,75,75,78,78,77,77,77,84,86,90,90,90,90,90,83],"gold":74,"neow_bonus":"ONE_RANDOM_RARE_CARD","is_daily":false,"chose_seed":false,"campfire_upgraded":9,"win_rate":0.0,"timestamp":1609744126,"path_taken":["R","M","M","M","?","?","T","R","$","R","M","M","R","$","M","BOSS","R","M","M","?","?","?","T","M","M","M","M","E","R","?","M","BOSS","R","M","?","$","M","?","T","R","E","?","M","R","?","E","M","BOSS","E","$","R","BOSS"],"items_purchased_type":["Card","Card","Card","Card","Card","Card","Card"],"build_version":"2020-12-22","purchased_purges":3,"victory":true,"max_hp_per_floor":[70,70,70,70,70,70,70,70,70,70,70,70,70,70,70,70,70,70,70,70,70,70,70,70,70,70,70,70,70,80,80,80,85,85,85,85,85,85,85,85,85,85,85,85,90,90,90,90,90,90,90,90,90,90,90],"card_choices":[{"not_picked":["hexamod:ShieldOfDarkness","hexamod:NecessarySacrifice"],"picked":"hexamod:ThermalTransfer","floor":2.0},{"not_picked":["hexamod:ShieldOfDarkness","hexamod:RetreatToShadows"],"picked":"hexamod:SkipABeat","floor":3.0},{"not_picked":["hexamod:InspiringFlames","hexamod:ChargedBarrage"],"picked":"hexamod:ThirdSeal","floor":4.0},{"not_picked":["hexamod:BurningTouch","hexamod:NecessarySacrifice"],"picked":"hexamod:NightmareStrike","floor":9.0},{"not_picked":["hexamod:NightmareStrike","hexamod:GhostShield"],"picked":"hexamod:NightmareGuise","floor":9.0},{"not_picked":["hexamod:HeatShield","hexamod:SearingWound"],"picked":"hexamod:ThermalTransfer","floor":11.0},{"not_picked":["hexamod:AdvancingGuard","hexamod:InspiringFlames"],"picked":"hexamod:FlamesFromBeyond","floor":12.0},{"not_picked":["hexamod:GhostShield","hexamod:Hexaguard"],"picked":"hexamod:GhostLash","floor":12.0},{"not_picked":["hexamod:SwordOfDarkness","hexamod:Incineration"],"picked":"hexamod:Hexaguard","floor":14},{"not_picked":["hexamod:BurningTouch","hexamod:HauntingEcho"],"picked":"hexamod:SpectersWail","floor":15},{"not_picked":["hexamod:GhostflameInferno","hexamod:GiftsFromTheDead"],"picked":"hexamod:UnleashSpirits","floor":16},{"not_picked":["hexamod:Rewind","hexamod:GhostShield"],"picked":"hexamod:Hexaguard+1","floor":19},{"not_picked":["hexamod:BurningTouch+1","hexamod:InspiringFlames","hexamod:RainOfEmbers"],"picked":"SKIP","floor":19},{"not_picked":["hexamod:SpectralAdrenaline","hexamod:RetreatToShadows"],"picked":"hexamod:GhostLash","floor":20},{"not_picked":["hexamod:Firestarter","hexamod:RainOfEmbers"],"picked":"hexamod:NightmareStrike+1","floor":25},{"not_picked":["hexamod:BurningTouch","hexamod:SpectralAdrenaline"],"picked":"hexamod:SkipABeat","floor":25},{"not_picked":["hexamod:RetreatToShadows","hexamod:BacktrackSmack"],"picked":"hexamod:Hexaguard","floor":26},{"not_picked":["hexamod:AdvancingGuard+1","hexamod:RadiantFlame+1"],"picked":"hexamod:Hexaguard+1","floor":27},{"not_picked":["hexamod:BacktrackSmack","hexamod:SwordOfDarkness"],"picked":"hexamod:HauntingEcho","floor":27},{"not_picked":["hexamod:SpectersWail+1","hexamod:Hexaguard"],"picked":"hexamod:FlamesFromBeyond","floor":28},{"not_picked":["hexamod:ExtraCrispy","hexamod:EmpoweredFlame"],"picked":"hexamod:Hexaguard","floor":28},{"not_picked":["hexamod:SearingWound","hexamod:SkipABeat"],"picked":"hexamod:GhostShield","floor":29},{"not_picked":["hexamod:Firestarter+1","hexamod:ShieldOfDarkness+1","hexamod:Incineration"],"picked":"SKIP","floor":29},{"not_picked":["hexamod:RainOfEmbers+1","hexamod:HauntingEcho+1"],"picked":"hexamod:SpectersWail+1","floor":32},{"not_picked":["hexamod:TurnItUp","hexamod:SearingWound"],"picked":"hexamod:TimeOfNeed","floor":33},{"not_picked":["hexamod:GhostflameInferno","hexamod:TimeWarp"],"picked":"hexamod:SixthSeal","floor":33},{"not_picked":["hexamod:HeatMetal","hexamod:BurningTouch+1"],"picked":"hexamod:FourthSeal","floor":36},{"not_picked":["hexamod:EmpoweredFlame","hexamod:Rewind+1"],"picked":"hexamod:Hexaguard+1","floor":36},{"not_picked":["hexamod:GhostOfSpirePast+1","hexamod:NightmareStrike+1"],"picked":"hexamod:GhostLash","floor":37},{"not_picked":["hexamod:GhostflameBarrier+1","hexamod:SpectersWail+1"],"picked":"hexamod:FastForward","floor":38},{"not_picked":["hexamod:ChargedBarrage","hexamod:TimeOfNeed"],"picked":"hexamod:FastForward+1","floor":39},{"not_picked":["expansioncontent:FaceSlap","expansioncontent:DonusPower"],"picked":"expansioncontent:Chronoboost","floor":40},{"not_picked":["hexamod:ShieldOfDarkness+1","hexamod:InspiringFlames+1"],"picked":"hexamod:FastForward","floor":43},{"not_picked":["hexamod:ChargedBarrage+1","hexamod:FourthSeal"],"picked":"hexamod:SecondSeal","floor":45},{"not_picked":["hexamod:ShieldOfDarkness+1","hexamod:FirstSeal"],"picked":"hexamod:FastForward","floor":48},{"not_picked":["hexamod:NightmareStrike+1","hexamod:NightmareGuise+1"],"picked":"hexamod:DynamicBlow+1","floor":49},{"not_picked":["hexamod:ShieldOfDarkness+1","hexamod:HauntingEcho"],"picked":"hexamod:FastForward+1","floor":52},{"not_picked":["hexamod:GhostOfSpirePresent","hexamod:NightmareGuise+1","hexamod:SpectralAdrenaline"],"picked":"SKIP","floor":52}],"player_experience":469293,"relics_obtained":[{"floor":7.0,"key":"Vajra"},{"floor":29,"key":"Calipers"},{"floor":34,"key":"PreservedInsect"},{"floor":34,"key":"HornCleat"},{"floor":34,"key":"TungstenRod"},{"floor":41,"key":"Boot"},{"floor":43,"key":"Letter Opener"},{"floor":48,"key":"Toy Ornithopter"},{"floor":52,"key":"Bag of Preparation"}],"event_choices":[{"damage_healed":0.0,"max_hp_gain":0.0,"max_hp_loss":0.0,"gold_gain":0.0,"event_name":"Scrap Ooze","player_choice":"Success","floor":5.0,"gold_loss":0.0,"damage_taken":12.0,"relics_obtained":["Pocketwatch"]}],"is_beta":false,"boss_relics":[{"not_picked":["Black Star","Busted Crown"],"picked":"hexamod:IceCube"},{"not_picked":["SlaversCollar","Philosopher\u0027s Stone"],"picked":"Calling Bell"}],"items_purged_floors":[37,38,47],"is_endless":false,"potions_floor_spawned":[3,11,16,19,26,28,33,36,43,48,49],"ascension_level":11}}