{"host":"ci7ivtocgfxh0ueo","time":1609728674,"event":{"mods":["BaseMod","GifTheSpireLib","Minty Spire (QoL Compilation)","StSLib"],"gold_per_floor":[118,130,140,203,353,353,363,394,394,131,148,148,162,179,179,253,253,264,264,244,261,281,281,281,281,281],"floor_reached":25,"playtime":535,"items_purged":["Doubt"],"score":379,"play_id":"d3e03fa7-1fc0-4c8e-81a8-be73abca560f","local_time":"20210104105114","is_ascension_mode":true,"campfire_choices":[{"data":"Uppercut","floor":6,"key":"SMITH"},{"floor":12,"key":"REST"},{"data":"Transmutation","floor":15,"key":"SMITH"},{"floor":23,"key":"REST"}],"circlet_count":0,"master_deck":["AscendersBane","Strike_R+1","Strike_R+1","Strike_R+1","Strike_R+1","Strike_R+1","Defend_R+1","Defend_R+1","Defend_R+1","Defend_R+1","Bash","Inflame","Cleave","Uppercut+1","Cleave","Sword Boomerang","Transmutation+1","Flex","Sever Soul","Immolate","Warcry"],"relics":["Burning Blood","NeowsBlessing","Lantern","Sundial","SlaversCollar","Bottled Lightning"],"acts_visited":["Exordium","TheCity"],"potions_floor_usage":[7,16,16,21,25],"damage_taken":[{"damage":0,"enemies":"Cultist","floor":1,"turns":1},{"damage":0,"enemies":"Jaw Worm","floor":2,"turns":1},{"damage":0,"enemies":"Small Slimes","floor":3,"turns":1},{"damage":10,"enemies":"Blue Slaver","floor":7,"turns":3},{"damage":30,"enemies":"Gremlin Nob","floor":8,"turns":5},{"damage":23,"enemies":"Red Slaver","floor":11,"turns":3},{"damage":12,"enemies":"Exordium Thugs","floor":13,"turns":4},{"damage":8,"enemies":"Looter","floor":14,"turns":2},{"damage":52,"enemies":"Slime Boss","floor":16,"turns":6},{"damage":12,"enemies":"Chosen","floor":18,"turns":5},{"damage":41,"enemies":"3 Byrds","floor":21,"turns":5},{"damage":39,"enemies":"Centurion and Healer","floor":22,"turns":7},{"damage":40,"enemies":"Slavers","floor":25,"turns":2}],"seed_played":"1927948766487768127","potions_obtained":[{"floor":2,"key":"BloodPotion"},{"floor":3,"key":"Swift Potion"},{"floor":8,"key":"BlessingOfTheForge"},{"floor":18,"key":"FairyPotion"},{"floor":20,"key":"AttackPotion"},{"floor":22,"key":"Swift Potion"}],"is_trial":false,"path_per_floor":["M","M","M","?","?","R","M","E","T","$","M","R","M","M","R","B",null,"M","?","?","M","M","R","T","E"],"character_chosen":"IRONCLAD","items_purchased":["Transmutation"],"campfire_rested":2,"item_purchase_floors":[10],"current_hp_per_floor":[74,75,75,75,75,75,71,47,47,47,30,52,46,44,44,13,60,54,54,54,19,18,40,40,0,0],"gold":281,"neow_bonus":"THREE_ENEMY_KILL","is_daily":false,"chose_seed":false,"campfire_upgraded":2,"win_rate":0.0,"timestamp":1609728674,"path_taken":["M","?","M","?","?","R","M","E","T","$","M","R","M","M","R","BOSS","M","?","?","M","?","R","?","E"],"items_purchased_type":["Card"],"build_version":"2020-12-22","purchased_purges":1,"victory":false,"max_hp_per_floor":[75,75,75,75,75,75,75,75,75,75,75,75,75,75,75,75,75,75,75,75,75,75,75,75,75,75],"card_choices":[{"not_picked":["Pommel Strike","Dual Wield"],"picked":"Inflame","floor":1},{"not_picked":["Second Wind","Havoc"],"picked":"Cleave","floor":2},{"not_picked":["Flex","Cleave"],"picked":"Uppercut","floor":3},{"not_picked":["Thunderclap","Shrug It Off"],"picked":"Cleave","floor":7},{"not_picked":["Thunderclap","Bloodletting"],"picked":"Sword Boomerang","floor":8},{"not_picked":["Sword Boomerang","Shrug It Off"],"picked":"Flex","floor":11},{"not_picked":["Body Slam","Searing Blow"],"picked":"Sever Soul","floor":13},{"not_picked":["Brutality","Battle Trance","Clothesline"],"picked":"SKIP","floor":14},{"not_picked":["Demon Form","Reaper"],"picked":"Immolate","floor":16},{"not_picked":["Twin Strike","Havoc","Clothesline"],"picked":"SKIP","floor":18},{"not_picked":["Clothesline","True Grit","Iron Wave"],"picked":"SKIP","floor":21},{"not_picked":["Second Wind","Power Through+1"],"picked":"Warcry","floor":22}],"player_experience":1322878,"relics_obtained":[{"floor":8,"key":"Lantern"},{"floor":9,"key":"Sundial"},{"floor":24,"key":"Bottled Lightning"}],"event_choices":[{"damage_healed":0,"gold_gain":63,"player_choice":"Gained Gold","damage_taken":0,"max_hp_gain":0,"max_hp_loss":0,"event_name":"Golden Wing","floor":4,"gold_loss":0},{"damage_healed":0,"gold_gain":150,"player_choice":"AGREE","damage_taken":0,"max_hp_gain":0,"max_hp_loss":0,"event_name":"Liars Game","floor":5,"gold_loss":0,"cards_obtained":["Doubt"]},{"damage_healed":0,"gold_gain":0,"player_choice":"Simplicity","damage_taken":0,"max_hp_gain":0,"max_hp_loss":0,"event_name":"Back to Basics","floor":19,"gold_loss":0,"cards_upgraded":["Strike_R","Strike_R","Strike_R","Strike_R","Strike_R","Defend_R","Defend_R","Defend_R","Defend_R"]},{"damage_healed":0,"gold_gain":0,"player_choice":"Bought 1 Potion","damage_taken":0,"max_hp_gain":0,"max_hp_loss":0,"event_name":"The Woman in Blue","floor":20,"gold_loss":0}],"is_beta":false,"boss_relics":[{"not_picked":["Philosopher\u0027s Stone","Cursed Key"],"picked":"SlaversCollar"}],"items_purged_floors":[10],"is_endless":false,"potions_floor_spawned":[2,3,8,18,22],"killed_by":"Slavers","ascension_level":17}}