{"host":"0ydzwspkajt4brzd","time":1609751963,"event":{"mods":["AchievementEnabler","BaseMod","Colored Map","DeckTracker","Googly Eyes","Highlight Path","Minty Spire (QoL Compilation)","Quick Restart","Random Character Button","Rare Cards Sparkle"],"gold_per_floor":[117,43,118,118,137,137,167,167,192,210,223,223,4,14,14,93,93,107,107,107,126,126,126,136,136,160,170,198,198,198],"floor_reached":29,"playtime":1128,"items_purged":["Strike_R"],"score":442,"play_id":"bb9746c1-f35b-4308-b158-fb6d561af102","local_time":"20210104011923","is_ascension_mode":true,"campfire_choices":[{"data":"Searing Blow+1","floor":6.0,"key":"SMITH"},{"data":"Searing Blow+2","floor":8.0,"key":"SMITH"},{"data":"Searing Blow+3","floor":12.0,"key":"SMITH"},{"data":"Limit Break","floor":15.0,"key":"SMITH"},{"data":"Searing Blow+4","floor":23.0,"key":"SMITH"},{"data":"Heavy Blade","floor":25.0,"key":"SMITH"}],"circlet_count":0,"master_deck":["AscendersBane","Strike_R","Strike_R","Defend_R","Defend_R","Defend_R","Defend_R","Bash","Inflame","Searing Blow+5","Armaments","Shrug It Off","Limit Break+1","Bludgeon","Heavy Blade+1","Shrug It Off","Limit Break+1","Impervious"],"relics":["Burning Blood","Happy Flower","Bag of Marbles","Sozu","MutagenicStrength","Blue Candle"],"acts_visited":["Exordium","TheCity"],"potions_floor_usage":[],"damage_taken":[{"damage":10.0,"enemies":"Cultist","floor":1.0,"turns":5.0},{"damage":2.0,"enemies":"Jaw Worm","floor":5.0,"turns":3.0},{"damage":32.0,"enemies":"Gremlin Nob","floor":7.0,"turns":4.0},{"damage":2.0,"enemies":"2 Louse","floor":10.0,"turns":3.0},{"damage":2.0,"enemies":"Looter","floor":11.0,"turns":3.0},{"damage":0.0,"enemies":"Large Slime","floor":14.0,"turns":3.0},{"damage":31.0,"enemies":"The Guardian","floor":16.0,"turns":10.0},{"damage":16.0,"enemies":"3 Byrds","floor":18.0,"turns":4.0},{"damage":11.0,"enemies":"Shell Parasite","floor":21.0,"turns":3.0},{"damage":10.0,"enemies":"Centurion and Healer","floor":24.0,"turns":3.0},{"damage":19.0,"enemies":"Shelled Parasite and Fungi","floor":27.0,"turns":4.0},{"damage":28.0,"enemies":"Book of Stabbing","floor":28.0,"turns":4.0},{"damage":13,"enemies":"Chosen and Byrds","floor":29,"turns":4}],"seed_played":"5522212744631693498","potions_obtained":[{"floor":7.0,"key":"Fire Potion"},{"floor":11.0,"key":"FearPotion"}],"is_trial":false,"path_per_floor":["M","$","?","?","M","R","E","R","T","M","M","R","$","M","R","B",null,"M","?","?","M","?","R","M","R","T","M","E","M"],"character_chosen":"IRONCLAD","items_purchased":["Searing Blow","Limit Break"],"campfire_rested":0,"item_purchase_floors":[2,13],"current_hp_per_floor":[68,68,57,57,61,61,35,35,35,39,43,43,43,49,49,24,66,56,56,56,51,51,51,47,47,47,34,12,0,0],"gold":198,"neow_bonus":"REMOVE_CARD","is_daily":false,"chose_seed":false,"campfire_upgraded":6,"win_rate":0.0,"timestamp":1609751963,"path_taken":["M","$","?","?","?","R","E","R","T","M","M","R","$","?","R","BOSS","M","?","?","M","?","R","M","R","T","M","E","?"],"items_purchased_type":["Card","Card"],"build_version":"2020-12-22","purchased_purges":1,"victory":false,"max_hp_per_floor":[80,80,80,80,80,80,80,80,80,80,80,80,80,80,80,80,80,80,80,80,80,80,80,80,80,80,80,80,80,80],"card_choices":[{"not_picked":["Sword Boomerang","Carnage"],"picked":"Inflame","floor":1.0},{"not_picked":["Ghostly Armor","Cleave","Perfected Strike"],"picked":"SKIP","floor":5.0},{"not_picked":["Power Through","Seeing Red"],"picked":"Armaments","floor":7.0},{"not_picked":["Body Slam","Armaments","Fiend Fire"],"picked":"SKIP","floor":10.0},{"not_picked":["True Grit","Wild Strike"],"picked":"Shrug It Off","floor":11.0},{"not_picked":["Iron Wave","Body Slam","Hemokinesis"],"picked":"SKIP","floor":14.0},{"not_picked":["Feed","Immolate"],"picked":"Bludgeon","floor":16.0},{"not_picked":["Warcry","Wild Strike"],"picked":"Heavy Blade","floor":18.0},{"not_picked":["Headbutt","Iron Wave"],"picked":"Shrug It Off","floor":21.0},{"not_picked":["Clash+1","Thunderclap","Carnage"],"picked":"SKIP","floor":24.0},{"not_picked":["Uppercut","Iron Wave+1"],"picked":"Impervious","floor":27.0},{"not_picked":["Shockwave","Entrench","Iron Wave+1"],"picked":"SKIP","floor":28.0}],"player_experience":464201,"relics_obtained":[{"floor":7.0,"key":"Happy Flower"},{"floor":9.0,"key":"Bag of Marbles"},{"floor":28.0,"key":"Blue Candle"}],"event_choices":[{"damage_healed":0.0,"max_hp_gain":0.0,"max_hp_loss":0.0,"gold_gain":75.0,"event_name":"World of Goop","player_choice":"Gather Gold","floor":3.0,"gold_loss":0.0,"damage_taken":11.0},{"damage_healed":0.0,"max_hp_gain":0.0,"max_hp_loss":0.0,"gold_gain":0.0,"event_name":"Accursed Blacksmith","player_choice":"Forge","floor":4.0,"gold_loss":0.0,"damage_taken":0.0,"cards_upgraded":["Searing Blow"]},{"cards_removed":["Strike_R"],"damage_healed":0.0,"max_hp_gain":0.0,"max_hp_loss":0.0,"gold_gain":0.0,"event_name":"Back to Basics","player_choice":"Elegance","floor":19.0,"gold_loss":0.0,"damage_taken":0.0},{"damage_healed":0.0,"max_hp_gain":0.0,"max_hp_loss":0.0,"gold_gain":0.0,"event_name":"Drug Dealer","player_choice":"Inject Mutagens","floor":20.0,"gold_loss":0.0,"damage_taken":0.0,"relics_obtained":["MutagenicStrength"]},{"damage_healed":0.0,"max_hp_gain":0.0,"max_hp_loss":0.0,"gold_gain":0.0,"event_name":"Duplicator","player_choice":"Copied","floor":22.0,"gold_loss":0.0,"damage_taken":0.0,"cards_obtained":["Limit Break"]}],"is_beta":false,"boss_relics":[{"not_picked":["Calling Bell","Runic Dome"],"picked":"Sozu"}],"items_purged_floors":[13],"is_endless":false,"potions_floor_spawned":[7,11,14,27,28],"killed_by":"Chosen and Byrds","ascension_level":13}}