{"host":"usrgk25etjl0nf5i","time":1609734789,"event":{"mods":["2.2 Compatiblity","BaseMod","Downfall","Hubris","Minty Spire (QoL Compilation)","StSLib","SuperFastMode"],"gold_per_floor":[99,109,209,225,236,161,161,192,210,222,253,715,727,749,777,789,789,789],"floor_reached":16,"playtime":750,"items_purged":[],"score":182,"play_id":"ecde6b34-01bc-4a44-94e1-a3cc0774e4e9","local_time":"20210103203309","is_ascension_mode":true,"campfire_choices":[{"floor":1,"key":"RECALL"},{"data":"Guardian:ConstructionForm","floor":6,"key":"SMITH"}],"circlet_count":0,"master_deck":["AscendersBane","Guardian:Strike_Guardian","Guardian:Strike_Guardian","Guardian:Strike_Guardian","Guardian:Strike_Guardian","Guardian:Defend_Guardian","Guardian:Defend_Guardian","Guardian:Defend_Guardian","Guardian:Defend_Guardian","Guardian:CurlUp","Guardian:TwinSlam","Guardian:ConstructionForm+1","Guardian:PiercingHide","Guardian:FloatingOrbs","Guardian:Clone","Guardian:Gem_Fragmented","Guardian:FastForward+1","Guardian:ShieldCharger+1","Guardian:EvasiveProtocol","Slimebound:Icky","Slimebound:Icky","Slimebound:Icky","Guardian:Gem_White","Guardian:Gem_Orange","Guardian:ArmoredProtocol","Guardian:Orbwalk"],"relics":["Guardian:ModeShifter","downfall:HeartBlessingRed","Toxic Egg 2","Tiny Chest","MawBank"],"acts_visited":["Exordium"],"potions_floor_usage":[8,10,11,14],"damage_taken":[{"damage":13,"enemies":"Jaw Worm","floor":2,"turns":6},{"damage":0,"enemies":"Small Slimes","floor":4,"turns":6},{"damage":0,"enemies":"Cultist","floor":5,"turns":4},{"damage":11,"enemies":"Lagavulin","floor":8,"turns":11},{"damage":9,"enemies":"Exordium Wildlife","floor":9,"turns":4},{"damage":10,"enemies":"2 Fungi Beasts","floor":10,"turns":3},{"damage":10,"enemies":"3 Sentries","floor":11,"turns":7},{"damage":7,"enemies":"Exordium Thugs","floor":14,"turns":6},{"damage":0,"enemies":"Large Slime","floor":15,"turns":9},{"damage":19,"enemies":"downfall:Silent","floor":16,"turns":2}],"seed_played":"3591219518034546990","potions_obtained":[{"floor":4,"key":"Fruit Juice"},{"floor":5,"key":"sneckomod:MuddlingPotion"},{"floor":8,"key":"BlessingOfTheForge"},{"floor":9,"key":"Fire Potion"},{"floor":11,"key":"ColorlessPotion"}],"is_trial":false,"path_per_floor":["R","M","?","M","M","R","T","E","M","M","E","?","?","M","M","B"],"character_chosen":"GUARDIAN","items_purchased":[],"campfire_rested":0,"item_purchase_floors":[],"current_hp_per_floor":[72,59,59,59,59,59,59,53,44,34,24,24,24,17,17,0,0,0],"gold":789,"neow_bonus":"ONE_RANDOM_RARE_CARD","is_daily":false,"chose_seed":false,"campfire_upgraded":1,"win_rate":0.0,"timestamp":1609734789,"path_taken":["R","M","?","M","M","R","T","E","M","M","E","?","?","?","M","BOSS"],"items_purchased_type":[],"build_version":"2020-12-22","purchased_purges":0,"victory":false,"max_hp_per_floor":[80,80,80,80,80,80,80,85,85,85,85,85,85,85,85,85,85,85],"card_choices":[{"not_picked":["Guardian:Suspension","Guardian:Gem_Red"],"picked":"Guardian:PiercingHide","floor":2},{"not_picked":["Guardian:Gem_Lightblue","Guardian:Incinerate"],"picked":"Guardian:FloatingOrbs","floor":4},{"not_picked":["Guardian:Gem_Fragmented","Guardian:ShieldSpikes"],"picked":"Guardian:Clone","floor":5},{"not_picked":["Guardian:Repulse","Guardian:PrismaticBeam"],"picked":"Guardian:Gem_Fragmented","floor":8},{"not_picked":["Guardian:Gem_Cyan","Guardian:WalkerClaw"],"picked":"Guardian:FastForward+1","floor":9},{"not_picked":["Guardian:VentSteam+1","Guardian:Gem_Lightblue"],"picked":"Guardian:ShieldCharger+1","floor":10},{"not_picked":["Guardian:Gem_Lightblue","Guardian:Planning+1"],"picked":"Guardian:EvasiveProtocol","floor":11},{"not_picked":["Guardian:WalkerClaw","Guardian:EvasiveProtocol"],"picked":"Guardian:ArmoredProtocol","floor":14},{"not_picked":["Guardian:Gem_Red","Guardian:Gem_Cyan"],"picked":"Guardian:Orbwalk","floor":15}],"player_experience":621011,"relics_obtained":[{"floor":7,"key":"Toxic Egg 2"},{"floor":8,"key":"Tiny Chest"},{"floor":11,"key":"MawBank"}],"event_choices":[],"is_beta":false,"boss_relics":[],"items_purged_floors":[],"is_endless":false,"potions_floor_spawned":[4,5,8,9,11],"killed_by":"downfall:Silent","ascension_level":12}}