{"host":"8i4doyxqctgl5qb0","time":1609772975,"event":{"mods":["AchievementEnabler","BaseMod","Block Reminder","Colored Powertips","Downfall","Marisa£®ÏF”Í°°ƒß¿Ì…≥£©","Minty Spire (QoL Compilation)","Permanent Neow","Potion Indicator Mod","Rare Cards Sparkle","StSLib","SuperFastMode"],"gold_per_floor":[116,116,291,304,304,330,430,449,500,500,519,531,546,558,558,661,661,673,688,688,66,76,76,96,96,96,134,134,134,147,163,163,163,163],"floor_reached":33,"playtime":1249,"items_purged":["Strike_G"],"score":304,"play_id":"1f6f4d8b-6433-4d91-8699-9972b7d26385","local_time":"20210104230935","is_ascension_mode":true,"campfire_choices":[{"floor":10.0,"key":"REST"},{"floor":15.0,"key":"REST"},{"floor":23.0,"key":"REST"},{"floor":25.0,"key":"REST"},{"floor":32.0,"key":"REST"}],"circlet_count":0,"master_deck":["Strike_G","Strike_G","Strike_G","Defend_G","Defend_G","Defend_G","Defend_G","Survivor","Neutralize","Dagger Spray","Deflect","Bullet Time","Skewer","Terror","Well Laid Plans","Backflip","Caltrops","A Thousand Cuts","Flying Knee","Dagger Spray","Necronomicurse","Transmutation","Noxious Fumes","Backflip","PiercingWail+1","Leg Sweep+1","Riddle With Holes","Decay","expansioncontent:DarkVoid","Deflect+1","Dagger Spray"],"relics":["Ring of the Snake","Bag of Preparation","Bronze Scales","Empty Cage","Necronomicon","StoneCalendar","Frozen Egg 2"],"acts_visited":["Exordium","TheCity"],"potions_floor_usage":[33,33],"damage_taken":[{"damage":0.0,"enemies":"2 Louse","floor":1.0,"turns":3.0},{"damage":7.0,"enemies":"Small Slimes","floor":4.0,"turns":4.0},{"damage":16.0,"enemies":"3 Sentries","floor":6.0,"turns":6.0},{"damage":0.0,"enemies":"Cultist","floor":8.0,"turns":4.0},{"damage":13.0,"enemies":"Exordium Thugs","floor":11.0,"turns":4.0},{"damage":8.0,"enemies":"Blue Slaver","floor":12.0,"turns":4.0},{"damage":7.0,"enemies":"Looter","floor":13.0,"turns":3.0},{"damage":13.0,"enemies":"Gremlin Gang","floor":14.0,"turns":3.0},{"damage":35.0,"enemies":"Slime Boss","floor":16.0,"turns":8.0},{"damage":0.0,"enemies":"Chosen","floor":18.0,"turns":6.0},{"damage":19.0,"enemies":"2 Thieves","floor":19.0,"turns":4.0},{"damage":15.0,"enemies":"Sentry and Sphere","floor":22.0,"turns":5.0},{"damage":7.0,"enemies":"Centurion and Healer","floor":24.0,"turns":7.0},{"damage":29.0,"enemies":"Snecko","floor":27.0,"turns":6.0},{"damage":2.0,"enemies":"Sentry and Sphere","floor":30.0,"turns":4.0},{"damage":10.0,"enemies":"Snake Plant","floor":31.0,"turns":4.0},{"damage":42,"enemies":"Automaton","floor":33,"turns":8}],"seed_played":"-9041046436760657285","potions_obtained":[{"floor":0.0,"key":"Energy Potion"},{"floor":0.0,"key":"CultistPotion"},{"floor":0.0,"key":"DuplicationPotion"},{"floor":6.0,"key":"Dexterity Potion"},{"floor":11.0,"key":"hexamod:EctoCoolerPotion"},{"floor":19.0,"key":"ColorlessPotion"},{"floor":24.0,"key":"Fire Potion"},{"floor":31.0,"key":"Ancient Potion"}],"is_trial":false,"path_per_floor":["M","$","?","M","?","E","?","M","T","R","M","M","M","M","R","B",null,"M","M","?","$","M","R","M","R","T","M","?","?","M","M","R","B"],"character_chosen":"THE_SILENT","items_purchased":["Transmutation","StoneCalendar","Noxious Fumes","Backflip"],"campfire_rested":5,"item_purchase_floors":[21,21,21,21],"current_hp_per_floor":[70,70,70,63,63,47,47,47,47,68,55,47,40,27,48,13,70,70,51,35,35,20,41,34,55,55,26,26,8,6,21,42,0,0],"gold":163,"neow_bonus":"THREE_SMALL_POTIONS","is_daily":false,"chose_seed":false,"campfire_upgraded":0,"win_rate":0.0,"timestamp":1609772975,"path_taken":["M","$","?","M","?","E","?","M","T","R","?","M","M","M","R","BOSS","M","M","?","$","M","R","M","R","T","M","?","?","M","M","R","BOSS"],"items_purchased_type":["Card","Relic","Card","Card"],"build_version":"2020-12-22","purchased_purges":1,"victory":false,"max_hp_per_floor":[70,70,70,70,70,70,70,70,70,70,70,70,70,70,70,70,70,70,70,70,70,70,70,70,70,70,70,70,70,70,70,70,70,70],"card_choices":[{"not_picked":["Flying Knee","Infinite Blades"],"picked":"Dagger Spray","floor":1.0},{"not_picked":["Terror","Prepared"],"picked":"Deflect","floor":4.0},{"not_picked":["Sucker Punch","PiercingWail"],"picked":"Bullet Time","floor":6.0},{"not_picked":["Prepared","Distraction"],"picked":"Skewer","floor":8.0},{"not_picked":["Underhanded Strike","Deadly Poison"],"picked":"Terror","floor":11.0},{"not_picked":["Tactician","Poisoned Stab"],"picked":"Well Laid Plans","floor":12.0},{"not_picked":["Slice","Terror"],"picked":"Backflip","floor":13.0},{"not_picked":["Quick Slash","Cloak And Dagger"],"picked":"Caltrops","floor":14.0},{"not_picked":["Doppelganger","Adrenaline"],"picked":"A Thousand Cuts","floor":16.0},{"not_picked":["Crippling Poison","Quick Slash"],"picked":"Flying Knee","floor":18.0},{"not_picked":["Expertise","Dodge and Roll+1"],"picked":"Dagger Spray","floor":19.0},{"not_picked":["Cloak And Dagger","Acrobatics+1"],"picked":"PiercingWail+1","floor":22.0},{"not_picked":["Dodge and Roll","Deadly Poison"],"picked":"Leg Sweep+1","floor":24.0},{"not_picked":["Poisoned Stab","Leg Sweep"],"picked":"Riddle With Holes","floor":27.0},{"not_picked":["Underhanded Strike","Backstab"],"picked":"Deflect+1","floor":30.0},{"not_picked":["Masterful Stab","Poisoned Stab"],"picked":"Dagger Spray","floor":31.0}],"player_experience":63778,"relics_obtained":[{"floor":6.0,"key":"Bag of Preparation"},{"floor":9.0,"key":"Bronze Scales"},{"floor":20.0,"key":"Necronomicon"},{"floor":26.0,"key":"Frozen Egg 2"}],"event_choices":[{"damage_healed":0.0,"max_hp_gain":0.0,"max_hp_loss":0.0,"gold_gain":175.0,"event_name":"Liars Game","player_choice":"AGREE","floor":3.0,"gold_loss":0.0,"damage_taken":0.0,"cards_obtained":["Doubt"]},{"cards_removed":["Doubt"],"damage_healed":0.0,"max_hp_gain":0.0,"max_hp_loss":0.0,"gold_gain":0.0,"event_name":"Living Wall","player_choice":"Forget","floor":5.0,"gold_loss":0.0,"damage_taken":0.0},{"damage_healed":0.0,"max_hp_gain":0.0,"max_hp_loss":0.0,"gold_gain":100.0,"event_name":"Golden Shrine","player_choice":"Pray","floor":7.0,"gold_loss":0.0,"damage_taken":0.0},{"damage_healed":0.0,"max_hp_gain":0.0,"max_hp_loss":0.0,"gold_gain":0.0,"event_name":"Cursed Tome","player_choice":"Obtained Book","floor":20.0,"gold_loss":0.0,"damage_taken":16.0},{"damage_healed":0.0,"max_hp_gain":0.0,"max_hp_loss":0.0,"gold_gain":0.0,"event_name":"Forgotten Altar","player_choice":"Smashed Altar","floor":28.0,"gold_loss":0.0,"damage_taken":0.0,"cards_obtained":["Decay"]},{"damage_healed":0.0,"max_hp_gain":0.0,"max_hp_loss":0.0,"gold_gain":0.0,"event_name":"Knowing Skull","player_choice":"CARD POTION ","floor":29.0,"potions_obtained":["FairyPotion"],"gold_loss":0.0,"damage_taken":18.0,"cards_obtained":["expansioncontent:DarkVoid"]}],"is_beta":false,"boss_relics":[{"not_picked":["Cursed Key","Sozu"],"picked":"Empty Cage"}],"items_purged_floors":[21],"is_endless":false,"potions_floor_spawned":[4,6,8,11,19,24,31],"killed_by":"Automaton","ascension_level":4}}