{"host":"du3j2mdkciet31iv","time":1609785864,"event":{"mods":["BaseMod","Minty Spire (QoL Compilation)","Permanent Neow","Relic Stats","StSLib"],"gold_per_floor":[111,76,90,105,121,154,154,167,167,12,28,45,45,65,65,169,169,180,180,229,239,255,255,30,30,82,108,108,88,103,116,116,217,217,228,239,239,53,69,69,87,98,98,98,98,98,118,138,138,138],"floor_reached":51,"playtime":5855,"items_purged":["Strike_R","Strike_R"],"score":625,"play_id":"fb499734-a1bf-414b-8e43-2f22b34b0568","local_time":"20210104204424","is_ascension_mode":false,"campfire_choices":[{"data":"Infernal Blade","floor":7.0,"key":"SMITH"},{"floor":13.0,"key":"REST"},{"floor":15.0,"key":"REST"},{"data":"Sword Boomerang","floor":23,"key":"SMITH"},{"data":"Inflame","floor":28,"key":"SMITH"},{"data":"Sword Boomerang","floor":32,"key":"SMITH"},{"data":"Pummel","floor":40,"key":"SMITH"},{"data":"Flex","floor":46,"key":"SMITH"},{"data":"Flex","floor":49,"key":"SMITH"}],"circlet_count":0,"master_deck":["Strike_R","Strike_R","Defend_R","Defend_R","Defend_R","Defend_R","Bash","Iron Wave","Infernal Blade+1","Sword Boomerang+1","Sword Boomerang+1","Inflame+1","Flex+1","Flex+1","Twin Strike","Anger+1","Metallicize","Inflame+1","Offering","Pummel+1","Dark Shackles","Reaper","Writhe"],"relics":["Burning Blood","Lizard Tail","Torii","StoneCalendar","Runic Pyramid","Toy Ornithopter","Bag of Marbles","Nunchaku","FossilizedHelix","Sozu","Potion Belt"],"acts_visited":["Exordium","TheCity","TheBeyond"],"potions_floor_usage":[30,33,33,33,50],"damage_taken":[{"damage":0.0,"enemies":"2 Louse","floor":1.0,"turns":3.0},{"damage":4.0,"enemies":"Jaw Worm","floor":3.0,"turns":4.0},{"damage":0.0,"enemies":"Small Slimes","floor":4.0,"turns":3.0},{"damage":15.0,"enemies":"Red Slaver","floor":5.0,"turns":5.0},{"damage":48.0,"enemies":"3 Sentries","floor":6.0,"turns":11.0},{"damage":20.0,"enemies":"Large Slime","floor":8.0,"turns":6.0},{"damage":1.0,"enemies":"Exordium Thugs","floor":11.0,"turns":4.0},{"damage":1.0,"enemies":"2 Fungi Beasts","floor":12.0,"turns":2.0},{"damage":9.0,"enemies":"Exordium Wildlife","floor":14.0,"turns":3.0},{"damage":7.0,"enemies":"Hexaghost","floor":16.0,"turns":5.0},{"damage":12,"enemies":"Shell Parasite","floor":18,"turns":4},{"damage":10,"enemies":"Chosen","floor":21,"turns":4},{"damage":25,"enemies":"Centurion and Healer","floor":22,"turns":4},{"damage":20,"enemies":"Book of Stabbing","floor":27,"turns":3},{"damage":2,"enemies":"Cultist and Chosen","floor":30,"turns":4},{"damage":14,"enemies":"Snake Plant","floor":31,"turns":3},{"damage":33,"enemies":"Champ","floor":33,"turns":7},{"damage":34,"enemies":"3 Shapes","floor":35,"turns":4},{"damage":6,"enemies":"Orb Walker","floor":36,"turns":2},{"damage":15,"enemies":"Spire Growth","floor":39,"turns":4},{"damage":32,"enemies":"4 Shapes","floor":41,"turns":4},{"damage":14,"enemies":"Maw","floor":42,"turns":5},{"damage":0,"enemies":"Transient","floor":47,"turns":5},{"damage":0,"enemies":"Spire Growth","floor":48,"turns":4},{"damage":102,"enemies":"Awakened One","floor":50,"turns":10}],"seed_played":"-8182354761321904027","potions_obtained":[{"floor":6.0,"key":"ElixirPotion"},{"floor":8.0,"key":"Weak Potion"},{"floor":14.0,"key":"BlessingOfTheForge"},{"floor":16.0,"key":"BloodPotion"},{"floor":18,"key":"EssenceOfSteel"},{"floor":29,"key":"CultistPotion"},{"floor":30,"key":"Swift Potion"},{"floor":33,"key":"EssenceOfSteel"}],"is_trial":false,"path_per_floor":["M","?","M","M","M","E","R","M","T","$","M","M","R","M","R","B",null,"M","?","T","M","M","R","$","$","T","E","R","?","M","M","R","B",null,"M","M","?","$","M","R","M","M","T","$","?","R","M","M","R","B",null],"character_chosen":"IRONCLAD","items_purchased":["Inflame","Bag of Marbles","Metallicize","Dark Shackles"],"campfire_rested":2,"item_purchase_floors":[10,24,24,38],"current_hp_per_floor":[62,80,80,80,71,29,29,15,15,15,20,25,49,46,70,69,80,74,74,74,70,51,51,51,51,51,37,37,37,62,54,54,42,80,52,52,52,52,43,43,17,24,24,24,44,44,66,80,80,33],"gold":138,"neow_bonus":"ONE_RARE_RELIC","is_daily":false,"chose_seed":false,"campfire_upgraded":7,"win_rate":0.0,"timestamp":1609785864,"path_taken":["M","?","M","M","M","E","R","M","T","$","M","M","R","M","R","BOSS","M","?","?","M","M","R","?","$","T","E","R","?","?","M","R","BOSS","M","M","?","$","M","R","M","M","T","?","?","R","M","M","R","BOSS"],"items_purchased_type":["Card","Relic","Card","Card"],"build_version":"2020-12-22","purchased_purges":2,"victory":true,"max_hp_per_floor":[80,80,80,80,80,80,80,80,80,80,80,80,80,80,80,80,80,80,80,80,80,80,80,80,80,80,80,80,80,80,80,80,80,80,80,80,80,80,80,80,80,80,80,80,80,80,80,80,80,80],"relic_stats":{"Sozu":3,"Lizard Tail":40,"Nunchaku":[12],"Torii":33,"counters":[25,113],"StoneCalendar":[52],"obtain_stats":[{"Sozu":34,"Potion Belt":43,"Lizard Tail":0,"Nunchaku":26,"Torii":6,"StoneCalendar":9,"Bag of Marbles":24,"Burning Blood":0,"Toy Ornithopter":20,"FossilizedHelix":27,"Runic Pyramid":17},{"Sozu":17,"Potion Belt":22,"Lizard Tail":0,"Nunchaku":13,"Torii":5,"StoneCalendar":6,"Bag of Marbles":13,"Burning Blood":0,"Toy Ornithopter":11,"FossilizedHelix":14,"Runic Pyramid":10},{"Sozu":75,"Potion Belt":94,"Lizard Tail":0,"Nunchaku":58,"Torii":26,"StoneCalendar":32,"Bag of Marbles":58,"Burning Blood":0,"Toy Ornithopter":50,"FossilizedHelix":61,"Runic Pyramid":46}],"Burning Blood":136,"Toy Ornithopter":25},"card_choices":[{"not_picked":["Shrug It Off","Second Wind"],"picked":"Iron Wave","floor":1.0},{"not_picked":["Burning Pact","Fire Breathing","Entrench"],"picked":"SKIP","floor":3.0},{"not_picked":["Anger","Pommel Strike"],"picked":"Infernal Blade","floor":4.0},{"not_picked":["Dark Embrace","Armaments"],"picked":"Sword Boomerang","floor":5.0},{"not_picked":["Shrug It Off","Seeing Red"],"picked":"Sword Boomerang","floor":6.0},{"not_picked":["Armaments","Body Slam","Combust"],"picked":"SKIP","floor":8.0},{"not_picked":["Pommel Strike","Cleave"],"picked":"Flex","floor":11.0},{"not_picked":["Second Wind","Warcry","Reckless Charge"],"picked":"SKIP","floor":12.0},{"not_picked":["Cleave","Iron Wave"],"picked":"Flex","floor":14.0},{"not_picked":["Bloodletting","Sword Boomerang+1","Second Wind"],"picked":"SKIP","floor":18},{"not_picked":["Thunderclap","Clash"],"picked":"Twin Strike","floor":21},{"not_picked":["Metallicize","Whirlwind"],"picked":"Anger+1","floor":22},{"not_picked":["Headbutt","Combust"],"picked":"Inflame+1","floor":27},{"not_picked":["Cleave","Clothesline+1","Perfected Strike"],"picked":"SKIP","floor":30},{"not_picked":["Thunderclap","Fire Breathing+1","Searing Blow"],"picked":"SKIP","floor":31},{"not_picked":["Bludgeon","Berserk"],"picked":"Offering","floor":33},{"not_picked":["Flame Barrier","Twin Strike"],"picked":"Pummel","floor":35},{"not_picked":["Clothesline+1","Armaments","Fire Breathing+1"],"picked":"SKIP","floor":36},{"not_picked":["Flame Barrier","Body Slam+1","Thunderclap+1"],"picked":"SKIP","floor":39},{"not_picked":["Twin Strike+1","Perfected Strike"],"picked":"Reaper","floor":41},{"not_picked":["Searing Blow+1","Flex","Headbutt"],"picked":"SKIP","floor":42},{"not_picked":["Cleave+1","Disarm+1","Inflame"],"picked":"SKIP","floor":47},{"not_picked":["Clothesline","Brutality","Power Through+1"],"picked":"SKIP","floor":48}],"player_experience":1465,"relics_obtained":[{"floor":6.0,"key":"Torii"},{"floor":9.0,"key":"StoneCalendar"},{"floor":20,"key":"Toy Ornithopter"},{"floor":26,"key":"Nunchaku"},{"floor":27,"key":"FossilizedHelix"},{"floor":43,"key":"Potion Belt"}],"event_choices":[{"damage_healed":20.0,"max_hp_gain":0.0,"max_hp_loss":0.0,"gold_gain":0.0,"event_name":"The Cleric","player_choice":"Healed","floor":2.0,"gold_loss":35.0,"damage_taken":0.0},{"cards_removed":["Strike_R"],"damage_healed":0,"gold_gain":0,"player_choice":"Elegance","damage_taken":0,"max_hp_gain":0,"max_hp_loss":0,"event_name":"Back to Basics","floor":19,"gold_loss":0},{"damage_healed":0,"gold_gain":0,"player_choice":"Bought 1 Potion","damage_taken":0,"max_hp_gain":0,"max_hp_loss":0,"event_name":"The Woman in Blue","floor":29,"gold_loss":0},{"damage_healed":0,"gold_gain":0,"player_choice":"Ignored","damage_taken":0,"max_hp_gain":0,"max_hp_loss":0,"event_name":"NoteForYourself","floor":37,"gold_loss":0},{"damage_healed":20,"gold_gain":0,"player_choice":"Writhe","damage_taken":0,"max_hp_gain":0,"max_hp_loss":0,"event_name":"Winding Halls","floor":45,"gold_loss":0,"cards_obtained":["Writhe"]}],"is_beta":false,"boss_relics":[{"not_picked":["Snecko Eye","SacredBark"],"picked":"Runic Pyramid"},{"not_picked":["Black Blood","Black Star"],"picked":"Sozu"}],"items_purged_floors":[10,38],"is_endless":false,"potions_floor_spawned":[6,8,14,16,18,30,33,39,41,47],"ascension_level":0}}