{"host":"Ian","time":1609798512,"event":{"mods":["BaseMod","Bestiary","Block Reminder","Colored Map","Highlight Path","Key Reminder","Minty Spire (QoL Compilation)","Relic Stats"],"gold_per_floor":[112,126,19,19,36,36,67,67,93,105,137,154,154,168,168,266,266,282,282,17,30,30,30,30,30],"floor_reached":24,"playtime":999,"items_purged":[],"score":412,"play_id":"9eba11d2-e4ab-4875-b5c9-58c49c920034","local_time":"20210104221512","is_ascension_mode":true,"campfire_choices":[{"data":"Bash","floor":6,"key":"SMITH"},{"data":"Inflame","floor":8,"key":"SMITH"},{"floor":15,"key":"REST"},{"data":"Immolate","floor":23,"key":"SMITH"}],"circlet_count":0,"master_deck":["AscendersBane","Strike_R","Strike_R","Defend_R","Defend_R","Defend_R","Defend_R+1","Bash+1","Anger","Inflame+1","Shrug It Off","Spot Weakness+1","Ghostly Armor","Sword Boomerang","Armaments","Immolate+1","Shrug It Off","RitualDagger"],"relics":["SlaversCollar","Nunchaku","War Paint","Sundial","Golden Idol","Empty Cage","White Beast Statue"],"acts_visited":["Exordium","TheCity"],"potions_floor_usage":[5,11,12,21,21,24],"damage_taken":[{"damage":1,"enemies":"Cultist","floor":1,"turns":3},{"damage":11,"enemies":"2 Louse","floor":2,"turns":3},{"damage":4,"enemies":"Small Slimes","floor":5,"turns":3},{"damage":11,"enemies":"Gremlin Nob","floor":7,"turns":3},{"damage":11,"enemies":"Exordium Thugs","floor":10,"turns":5},{"damage":10,"enemies":"Lagavulin","floor":11,"turns":4},{"damage":12,"enemies":"Exordium Wildlife","floor":12,"turns":3},{"damage":0,"enemies":"Looter","floor":14,"turns":4},{"damage":25,"enemies":"The Guardian","floor":16,"turns":10},{"damage":26,"enemies":"Shell Parasite","floor":18,"turns":5},{"damage":0,"enemies":"Chosen","floor":21,"turns":3},{"damage":34,"enemies":"Book of Stabbing","floor":24,"turns":3}],"seed_played":"-6716785356045157426","potions_obtained":[{"floor":2,"key":"BlessingOfTheForge"},{"floor":5,"key":"Strength Potion"},{"floor":10,"key":"SteroidPotion"},{"floor":14,"key":"BlessingOfTheForge"},{"floor":16,"key":"Fire Potion"},{"floor":21,"key":"BloodPotion"}],"is_trial":false,"path_per_floor":["M","M","$","?","M","R","E","R","T","M","E","M","?","M","R","B",null,"M","?","$","M","?","R","E"],"character_chosen":"IRONCLAD","items_purchased":["Inflame","Shrug It Off","White Beast Statue"],"campfire_rested":1,"item_purchase_floors":[3,3,20],"current_hp_per_floor":[67,56,56,56,52,52,41,41,41,30,20,8,8,8,28,3,52,26,26,26,26,20,20,0,0],"gold":30,"neow_bonus":"BOSS_RELIC","is_daily":false,"chose_seed":false,"campfire_upgraded":3,"win_rate":0.0,"timestamp":1609798512,"path_taken":["M","M","$","?","M","R","E","R","T","M","E","M","?","M","R","BOSS","M","?","$","M","?","R","E"],"items_purchased_type":["Card","Card","Relic"],"build_version":"2020-12-18","purchased_purges":0,"victory":false,"max_hp_per_floor":[75,75,75,75,75,75,75,75,75,75,75,75,68,68,68,68,68,68,68,68,68,68,68,68,68],"relic_stats":{"Nunchaku":[5],"counters":[12,49],"Sundial":[2],"Golden Idol":29,"War Paint":["Spot Weakness","Defend_R"],"obtain_stats":[{"SlaversCollar":0,"Nunchaku":7,"Sundial":11,"Golden Idol":13,"War Paint":9,"Empty Cage":17,"Burning Blood":0,"White Beast Statue":20},{"SlaversCollar":0,"Nunchaku":4,"Sundial":6,"Golden Idol":7,"War Paint":4,"Empty Cage":9,"Burning Blood":0,"White Beast Statue":10},{"SlaversCollar":0,"Nunchaku":12,"Sundial":21,"Golden Idol":24,"War Paint":12,"Empty Cage":38,"Burning Blood":0,"White Beast Statue":43}]},"card_choices":[{"not_picked":["Shrug It Off","Flex"],"picked":"Anger","floor":1},{"not_picked":["Sword Boomerang","Corruption","Body Slam"],"picked":"SKIP","floor":2},{"not_picked":["Pummel","Armaments"],"picked":"Spot Weakness","floor":5},{"not_picked":["Havoc","Intimidate"],"picked":"Ghostly Armor","floor":7},{"not_picked":["Combust","Warcry"],"picked":"Sword Boomerang","floor":10},{"not_picked":["Cleave","Twin Strike","Rupture"],"picked":"SKIP","floor":11},{"not_picked":["Feel No Pain","Fire Breathing","Pommel Strike"],"picked":"SKIP","floor":12},{"not_picked":["Entrench","Rupture"],"picked":"Armaments","floor":14},{"not_picked":["Juggernaut","Exhume"],"picked":"Immolate","floor":16},{"not_picked":["Inflame+1","Evolve"],"picked":"Shrug It Off","floor":18},{"not_picked":["Flex","Thunderclap","Wild Strike"],"picked":"SKIP","floor":21}],"player_experience":2627348,"relics_obtained":[{"floor":7,"key":"Nunchaku"},{"floor":9,"key":"War Paint"},{"floor":11,"key":"Sundial"}],"event_choices":[{"cards_removed":["Strike_R"],"damage_healed":0,"gold_gain":0,"player_choice":"Forget","damage_taken":0,"max_hp_gain":0,"max_hp_loss":0,"event_name":"Living Wall","floor":4,"gold_loss":0},{"damage_healed":0,"gold_gain":0,"player_choice":"Lose Max HP","damage_taken":0,"relics_obtained":["Golden Idol"],"max_hp_gain":0,"max_hp_loss":7,"event_name":"Golden Idol","floor":13,"gold_loss":0},{"damage_healed":0,"gold_gain":0,"player_choice":"Ignored","damage_taken":0,"max_hp_gain":0,"max_hp_loss":0,"event_name":"The Mausoleum","floor":19,"gold_loss":0},{"damage_healed":0,"gold_gain":0,"player_choice":"Joined the Cult","damage_taken":6,"max_hp_gain":0,"max_hp_loss":0,"event_name":"Nest","floor":22,"gold_loss":0,"cards_obtained":["RitualDagger"]}],"is_beta":true,"boss_relics":[{"not_picked":["Runic Dome","Runic Pyramid"],"picked":"Empty Cage"}],"items_purged_floors":[],"is_endless":false,"potions_floor_spawned":[2,5,10,14,16,21],"killed_by":"Book of Stabbing","ascension_level":20}}