{"host":"cziotie8mnsl18m5","time":1609739071,"event":{"mods":["BaseMod","Minty Spire (QoL Compilation)","StSLib","The Animator","The Construct"],"gold_per_floor":[118,118,131,131,162,194,208,238,238,267,267,267,302,342,342,419,419,430,460,460,460,471,471,471],"floor_reached":23,"playtime":1695,"items_purged":[],"score":526,"play_id":"dfd84b4c-2976-46f7-8c45-f6c4b0f36681","local_time":"20210104004431","is_ascension_mode":true,"campfire_choices":[{"floor":12.0,"key":"REST"},{"floor":15.0,"key":"REST"}],"circlet_count":0,"master_deck":["AscendersBane","animator:Strike_MadokaMagica","animator:Defend_MadokaMagica","animator:Strike","animator:Defend","animator:IrohaTamaki","animator:YuiTsuruno","animator:KyokoSakura","animator:SayakaMiki","animator:IrohaTamaki","animator:SuzuneAmano","animator:Aisha","animator:Saitama","animator:MamiTomoe","animator:YachiyoNanami","animator:Boros","animator:OrikoMikuni","animator:DolaCouronne","animator:Geryuganshoop","animator:Kuribayashi"],"relics":["animator:LivingPicture","animator:TheMissingPiece","NeowsBlessing","Juzu Bracelet","Red Skull","Ice Cream","Bird Faced Urn","construct:WeddingRing"],"acts_visited":["Exordium","TheCity"],"potions_floor_usage":[23,23],"damage_taken":[{"damage":0.0,"enemies":"2 Louse","floor":1.0,"turns":1.0},{"damage":0.0,"enemies":"Cultist","floor":3.0,"turns":1.0},{"damage":0.0,"enemies":"Small Slimes","floor":5.0,"turns":1.0},{"damage":16.0,"enemies":"Gremlin Nob","floor":6.0,"turns":4.0},{"damage":12.0,"enemies":"Gremlin Gang","floor":7.0,"turns":4.0},{"damage":13.0,"enemies":"Looter","floor":8.0,"turns":3.0},{"damage":15.0,"enemies":"Lagavulin","floor":10.0,"turns":5.0},{"damage":10.0,"enemies":"3 Sentries","floor":13.0,"turns":7.0},{"damage":12.0,"enemies":"Exordium Thugs","floor":14.0,"turns":3.0},{"damage":0.0,"enemies":"Slime Boss","floor":16.0,"turns":6.0},{"damage":14.0,"enemies":"Chosen","floor":18.0,"turns":5.0},{"damage":28.0,"enemies":"Shell Parasite","floor":19.0,"turns":5.0},{"damage":18.0,"enemies":"Sentry and Sphere","floor":22.0,"turns":5.0},{"damage":5,"enemies":"Gremlin Leader","floor":23,"turns":2}],"seed_played":"-5390260322899919109","potions_obtained":[{"floor":1.0,"key":"AttackPotion"},{"floor":7.0,"key":"SkillPotion"},{"floor":10.0,"key":"SteroidPotion"},{"floor":14.0,"key":"ColorlessPotion"},{"floor":19.0,"key":"DuplicationPotion"}],"is_trial":false,"path_per_floor":["M","?","M","?","M","E","M","M","T","E","?","R","E","M","R","B",null,"M","M","?","T","M","E"],"character_chosen":"THE_ANIMATOR","items_purchased":[],"campfire_rested":2,"item_purchase_floors":[],"current_hp_per_floor":[54,54,54,60,60,45,33,20,20,5,5,23,14,2,20,20,52,46,26,26,26,14,9,9],"gold":471,"neow_bonus":"THREE_ENEMY_KILL","is_daily":false,"chose_seed":false,"campfire_upgraded":0,"win_rate":0.0,"timestamp":1609739071,"path_taken":["M","?","?","?","?","E","M","M","T","E","?","R","E","M","R","BOSS","M","M","?","?","M","E"],"items_purchased_type":[],"build_version":"2020-12-22","purchased_purges":0,"victory":false,"max_hp_per_floor":[60,60,60,60,60,61,61,61,61,61,61,61,62,62,62,62,62,64,64,64,64,64,64,64],"card_choices":[{"not_picked":["animator:Shalltear","animator:Shion","animator:Genos"],"picked":"SKIP","floor":1.0},{"not_picked":["animator:MetalKnight","animator:Shalltear","animator:YaoHaDucy"],"picked":"SKIP","floor":3.0},{"not_picked":["animator:OrikoMikuni","animator:Kaijin"],"picked":"animator:KyokoSakura","floor":5.0},{"not_picked":["animator:KyokoSakura","animator:OrikoMikuni"],"picked":"animator:SayakaMiki","floor":6.0},{"not_picked":["animator:Sonic","animator:Tatsumaki"],"picked":"animator:IrohaTamaki","floor":7.0},{"not_picked":["animator:LeleiLaLalena","animator:Genos"],"picked":"animator:SuzuneAmano","floor":8.0},{"not_picked":["animator:Cocytus","animator:Albedo"],"picked":"animator:Aisha","floor":10.0},{"not_picked":["animator:KyokoSakura","animator:OrikoMikuni"],"picked":"animator:MamiTomoe","floor":13.0},{"not_picked":["animator:Tet","animator:Ciel"],"picked":"animator:YachiyoNanami","floor":14.0},{"not_picked":["animator:ItamiYouji","animator:Ainz"],"picked":"animator:Boros","floor":16.0},{"not_picked":["animator:Tatsumaki","animator:Chung"],"picked":"animator:OrikoMikuni","floor":18.0},{"not_picked":["animator:Ain","animator:GazelDwargon"],"picked":"animator:DolaCouronne","floor":19.0}],"player_experience":2576352,"relics_obtained":[{"floor":6.0,"key":"Juzu Bracelet"},{"floor":9.0,"key":"Red Skull"},{"floor":10.0,"key":"Ice Cream"},{"floor":13.0,"key":"Bird Faced Urn"}],"event_choices":[{"cards_removed":["animator:Defend"],"damage_healed":0.0,"max_hp_gain":0.0,"max_hp_loss":0.0,"gold_gain":0.0,"event_name":"Purifier","player_choice":"Purged","floor":2.0,"gold_loss":0.0,"damage_taken":0.0},{"damage_healed":6.0,"max_hp_gain":0.0,"max_hp_loss":0.0,"gold_gain":0.0,"event_name":"Wheel of Change","player_choice":"Full Heal","floor":4.0,"gold_loss":0.0,"damage_taken":0.0},{"damage_healed":0.0,"max_hp_gain":0.0,"max_hp_loss":0.0,"gold_gain":0.0,"cards_transformed":["animator:Strike"],"event_name":"Transmorgrifier","player_choice":"Transformed","floor":11.0,"gold_loss":0.0,"damage_taken":0.0,"cards_obtained":["animator:Saitama"]},{"damage_healed":0.0,"max_hp_gain":0.0,"max_hp_loss":0.0,"gold_gain":0.0,"cards_transformed":["animator:Strike","animator:Defend"],"event_name":"Drug Dealer","player_choice":"Became Test Subject","floor":20.0,"gold_loss":0.0,"damage_taken":0.0,"cards_obtained":["animator:Geryuganshoop","animator:Kuribayashi"]}],"is_beta":false,"boss_relics":[{"not_picked":["Cursed Key","Calling Bell"],"picked":"construct:WeddingRing"}],"items_purged_floors":[],"is_endless":false,"potions_floor_spawned":[1,7,10,14,19],"killed_by":"Gremlin Leader","ascension_level":20}}