{"host":"q4b0c643vtafhvqv","time":1609739719,"event":{"mods":["AchievementEnabler","BaseMod","Colored Map","Colored Powertips","Minty Spire (QoL Compilation)","Permanent Neow","Quick Restart","StSLib","The Blue Laboratory","The Cursed","The Marked"],"gold_per_floor":[419,419,432,451,471,502,502,677,677,677,360,360,371,696,696,793,793,813,728,582,592,552,584,597,34,82,108,122,135,146,171,171,275,325,341,393,413,426,145,145,156,185,185,219,236,250,250,270,270,270,270,270,2,34,34],"floor_reached":56,"playtime":2399,"items_purged":["Doubt","Strike_R+1","Strike_R+1"],"score":1593,"play_id":"a69f95db-3481-407f-9a9a-7fb28f9ae417","local_time":"20210104135519","is_ascension_mode":true,"campfire_choices":[{"data":"Limit Break","floor":7.0,"key":"SMITH"},{"data":"1","floor":10.0,"key":"LIFT"},{"data":"2","floor":12.0,"key":"LIFT"},{"data":"3","floor":15.0,"key":"LIFT"},{"data":"Double Tap","floor":32.0,"key":"SMITH"},{"data":"Heavy Blade","floor":40.0,"key":"SMITH"},{"floor":47.0,"key":"RECALL"},{"data":"Offering","floor":49.0,"key":"SMITH"},{"data":"Madness","floor":52.0,"key":"SMITH"}],"circlet_count":0,"master_deck":["Defend_R+1","Defend_R+1","Bash+1","Ghostly Armor+1","Limit Break+1","Double Tap+1","Heavy Blade+1","Sword Boomerang+1","Madness","Sword Boomerang+1","Madness+1","Offering+1","Pummel+1"],"relics":["Burning Blood","Champion Belt","Girya","White Beast Statue","Old Coin","SacredBark","Letter Opener","Shuriken","Frozen Egg 2","Regal Pillow","Sundial","Matryoshka","Tiny House","Pen Nib","Bronze Scales","Membership Card","Ornamental Fan","Self Forming Clay","Molten Egg 2","Boot","Cauldron","Oddly Smooth Stone","Lantern","Unceasing Top"],"acts_visited":["Exordium","TheCity","TheBeyond","TheEnding"],"potions_floor_usage":[55,55,55],"damage_taken":[{"damage":0.0,"enemies":"Jaw Worm","floor":1.0,"turns":2.0},{"damage":0.0,"enemies":"Cultist","floor":3.0,"turns":2.0},{"damage":0.0,"enemies":"Small Slimes","floor":4.0,"turns":3.0},{"damage":0.0,"enemies":"2 Fungi Beasts","floor":5.0,"turns":3.0},{"damage":0.0,"enemies":"Lagavulin","floor":6.0,"turns":5.0},{"damage":0.0,"enemies":"Large Slime","floor":13.0,"turns":4.0},{"damage":7.0,"enemies":"Gremlin Nob","floor":14.0,"turns":3.0},{"damage":22.0,"enemies":"Hexaghost","floor":16.0,"turns":5.0},{"damage":0.0,"enemies":"Chosen","floor":18.0,"turns":3.0},{"damage":1.0,"enemies":"Shell Parasite","floor":21.0,"turns":3.0},{"damage":0.0,"enemies":"Gremlin Leader","floor":23.0,"turns":4.0},{"damage":24.0,"enemies":"Snake Plant","floor":24.0,"turns":2.0},{"damage":18.0,"enemies":"Book of Stabbing","floor":27.0,"turns":4.0},{"damage":4.0,"enemies":"Cultist and Chosen","floor":28.0,"turns":3.0},{"damage":0.0,"enemies":"Snecko","floor":29.0,"turns":4.0},{"damage":0.0,"enemies":"Sentry and Sphere","floor":30.0,"turns":3.0},{"damage":2.0,"enemies":"Gremlin Leader","floor":31.0,"turns":3.0},{"damage":20.0,"enemies":"Automaton","floor":33.0,"turns":4.0},{"damage":12.0,"enemies":"3 Shapes","floor":35.0,"turns":4.0},{"damage":0.0,"enemies":"Orb Walker","floor":37.0,"turns":2.0},{"damage":22.0,"enemies":"Writhing Mass","floor":38.0,"turns":3.0},{"damage":6.0,"enemies":"Transient","floor":41.0,"turns":5.0},{"damage":6.0,"enemies":"Giant Head","floor":42.0,"turns":3.0},{"damage":21.0,"enemies":"Nemesis","floor":44.0,"turns":3.0},{"damage":7.0,"enemies":"3 Darklings","floor":45.0,"turns":4.0},{"damage":9.0,"enemies":"Spire Growth","floor":46.0,"turns":2.0},{"damage":6.0,"enemies":"Sphere and 2 Shapes","floor":48.0,"turns":2.0},{"damage":10.0,"enemies":"Time Eater","floor":50.0,"turns":4.0},{"damage":6.0,"enemies":"Shield and Spear","floor":54.0,"turns":2.0},{"damage":55,"enemies":"The Heart","floor":55,"turns":6}],"seed_played":"2699162898882621952","potions_obtained":[{"floor":1.0,"key":"blueLaboratory:LouseDecoction"},{"floor":4.0,"key":"LiquidBronze"},{"floor":13.0,"key":"SteroidPotion"},{"floor":14.0,"key":"FearPotion"},{"floor":16.0,"key":"blueLaboratory:PolymorphPotion"},{"floor":18.0,"key":"BloodPotion"},{"floor":22.0,"key":"Regen Potion"},{"floor":27.0,"key":"blueLaboratory:NullPotion"},{"floor":28.0,"key":"blueLaboratory:ArtificerPotion"},{"floor":29.0,"key":"PowerPotion"},{"floor":30.0,"key":"blueLaboratory:FrostheartPotion"},{"floor":31.0,"key":"EssenceOfSteel"},{"floor":33.0,"key":"SteroidPotion"},{"floor":37.0,"key":"blueLaboratory:NullPotion"},{"floor":38.0,"key":"blueLaboratory:BottleOfRum"},{"floor":41.0,"key":"blueLaboratory:SavagePotion"},{"floor":42.0,"key":"Regen Potion"},{"floor":45.0,"key":"FearPotion"},{"floor":46.0,"key":"blueLaboratory:BottleOfVodka"},{"floor":48.0,"key":"Energy Potion"},{"floor":53.0,"key":"blueLaboratory:FruitPreserves"},{"floor":53.0,"key":"Block Potion"}],"is_trial":false,"path_per_floor":["M","?","M","M","M","E","R","?","T","R","$","R","M","E","R","B",null,"M","?","$","M","?","E","M","$","T","E","M","M","M","E","R","B",null,"M","T","M","M","$","R","M","E","T","E","M","M","R","M","R","B",null,"R","$","E","B",null],"character_chosen":"IRONCLAD","items_purchased":["White Beast Statue","Heavy Blade","Madness","Fruit Juice","Frozen Egg 2","Membership Card","Madness","Offering","Cauldron","LiquidBronze","Oddly Smooth Stone","Lantern"],"campfire_rested":0,"item_purchase_floors":[11,20,25,25,25,39,39,39,53,53,53,53],"current_hp_per_floor":[80,80,80,80,80,80,80,80,80,80,80,80,80,79,79,63,80,80,80,80,80,80,80,62,62,62,60,62,68,90,90,90,76,95,89,89,95,79,79,79,79,79,79,64,90,87,87,87,87,83,95,95,95,95,95],"gold":34,"neow_bonus":"ONE_RARE_RELIC","is_daily":false,"chose_seed":false,"campfire_upgraded":5,"win_rate":0.0,"timestamp":1609739719,"path_taken":["M","?","M","?","M","E","R","?","T","R","$","R","M","E","R","BOSS","M","?","$","M","?","E","M","$","T","E","M","M","M","E","R","BOSS","M","?","M","M","$","R","M","E","T","E","M","M","R","M","R","BOSS","R","$","E","BOSS"],"items_purchased_type":["Relic","Card","Card","Potion","Relic","Relic","Card","Card","Relic","Potion","Relic","Relic"],"build_version":"2020-12-22","purchased_purges":3,"victory":true,"max_hp_per_floor":[80,80,80,80,80,80,80,80,80,80,80,80,80,80,80,80,80,80,80,80,80,80,80,80,80,80,90,90,90,90,90,90,90,95,95,95,95,95,95,95,95,95,95,95,95,95,95,95,95,95,95,95,95,95,95],"card_choices":[{"not_picked":["Thunderclap","Carnage","Whirlwind"],"picked":"SKIP","floor":1.0},{"not_picked":["Headbutt","Pommel Strike","Warcry"],"picked":"SKIP","floor":3.0},{"not_picked":["Fire Breathing","Heavy Blade"],"picked":"Limit Break","floor":4.0},{"not_picked":["Uppercut","Sword Boomerang","Clash"],"picked":"SKIP","floor":5.0},{"not_picked":["Perfected Strike","Berserk","Uppercut"],"picked":"SKIP","floor":6.0},{"not_picked":["Body Slam","Clash","Clothesline"],"picked":"SKIP","floor":13.0},{"not_picked":["Entrench","Twin Strike","Flex"],"picked":"SKIP","floor":14.0},{"not_picked":["Demon Form","Bludgeon"],"picked":"Double Tap","floor":16.0},{"not_picked":["True Grit","Perfected Strike+1","Thunderclap+1"],"picked":"SKIP","floor":18.0},{"not_picked":["Iron Wave+1","Cleave","Warcry+1"],"picked":"SKIP","floor":21.0},{"not_picked":["Shockwave","Searing Blow","Juggernaut"],"picked":"SKIP","floor":23.0},{"not_picked":["Shrug It Off","Flex"],"picked":"Sword Boomerang","floor":24.0},{"not_picked":["Combust+1","Wild Strike","Reaper"],"picked":"SKIP","floor":27.0},{"not_picked":["Sword Boomerang","Flex","Shrug It Off"],"picked":"SKIP","floor":28.0},{"not_picked":["Dark Embrace+1","Anger"],"picked":"Sword Boomerang+1","floor":29.0},{"not_picked":["Whirlwind","Entrench","Perfected Strike"],"picked":"SKIP","floor":30.0},{"not_picked":["Searing Blow","Bloodletting+1","Brutality+1"],"picked":"SKIP","floor":31.0},{"not_picked":["Clothesline","Dark Embrace+1","Shockwave+1"],"picked":"SKIP","floor":35.0},{"not_picked":["Bloodletting+1","Spot Weakness","Headbutt"],"picked":"SKIP","floor":37.0},{"not_picked":["Perfected Strike+1","Entrench+1","Dark Embrace+1"],"picked":"SKIP","floor":38.0},{"not_picked":["Twin Strike+1","Fire Breathing+1","Heavy Blade+1"],"picked":"SKIP","floor":41.0},{"not_picked":["Corruption+1","Feel No Pain+1","Sever Soul"],"picked":"SKIP","floor":42.0},{"not_picked":["Metallicize+1","Disarm","Seeing Red"],"picked":"SKIP","floor":44.0},{"not_picked":["Bloodletting","Thunderclap+1","Sword Boomerang+1"],"picked":"SKIP","floor":45.0},{"not_picked":["Shockwave","Flex+1","Ghostly Armor+1"],"picked":"SKIP","floor":46.0},{"not_picked":["True Grit+1","Armaments+1"],"picked":"Pummel+1","floor":48.0},{"not_picked":["Perfected Strike+1","Combust+1","Pommel Strike+1"],"picked":"SKIP","floor":54.0}],"player_experience":14688,"relics_obtained":[{"floor":6.0,"key":"Girya"},{"floor":14.0,"key":"Old Coin"},{"floor":23.0,"key":"Shuriken"},{"floor":26.0,"key":"Regal Pillow"},{"floor":27.0,"key":"Sundial"},{"floor":31.0,"key":"Matryoshka"},{"floor":36.0,"key":"Pen Nib"},{"floor":36.0,"key":"Bronze Scales"},{"floor":42.0,"key":"Ornamental Fan"},{"floor":43.0,"key":"Self Forming Clay"},{"floor":43.0,"key":"Molten Egg 2"},{"floor":44.0,"key":"Boot"},{"floor":54.0,"key":"Unceasing Top"}],"event_choices":[{"cards_removed":["Strike_R"],"damage_healed":0.0,"max_hp_gain":0.0,"max_hp_loss":0.0,"gold_gain":0.0,"event_name":"Bonfire Elementals","player_choice":"Offered Basic","floor":2.0,"gold_loss":0.0,"damage_taken":0.0},{"damage_healed":0.0,"max_hp_gain":0.0,"max_hp_loss":0.0,"gold_gain":175.0,"event_name":"Liars Game","player_choice":"AGREE","floor":8.0,"gold_loss":0.0,"damage_taken":0.0,"cards_obtained":["Doubt"]},{"damage_healed":0.0,"max_hp_gain":0.0,"max_hp_loss":0.0,"gold_gain":0.0,"event_name":"Addict","player_choice":"Obtained Relic","floor":19.0,"gold_loss":85.0,"damage_taken":0.0,"relics_obtained":["Letter Opener"]},{"damage_healed":0.0,"max_hp_gain":0.0,"max_hp_loss":0.0,"gold_gain":0.0,"event_name":"The Woman in Blue","player_choice":"Bought 3 Potions","floor":22.0,"gold_loss":0.0,"damage_taken":0.0}],"is_beta":false,"boss_relics":[{"not_picked":["Black Star","Velvet Choker"],"picked":"SacredBark"},{"not_picked":["Runic Pyramid","Black Blood"],"picked":"Tiny House"}],"items_purged_floors":[11,20,25],"is_endless":false,"potions_floor_spawned":[1,4,13,14,16,18,21,23,24,27,28,29,30,31,33,35,37,38,41,42,44,45,46,48,54],"ascension_level":3}}