{"host":"71akxjf7cjo3bhmj","time":1609800564,"event":{"mods":["AchievementEnabler","BaseMod","Colored Powertips","Minty Spire (QoL Compilation)"],"gold_per_floor":[109,122,141,91,105,132,132,132,132,150,162,175,205,205,205,205,205],"floor_reached":16,"playtime":1130,"items_purged":[],"score":139,"play_id":"a4e3c0fb-1e82-4f66-aa6f-43ace26413b1","local_time":"20210104234924","is_ascension_mode":false,"campfire_choices":[{"data":"Redo","floor":7,"key":"SMITH"},{"floor":15,"key":"REST"}],"circlet_count":0,"master_deck":["Strike_B","Strike_B","Defend_B","Defend_B","Defend_B","Defend_B","Zap","Dualcast","Gash","Melter","Redo+1","Ball Lightning","Coolheaded","Go for the Eyes","Fusion","Loop","Chill"],"relics":["Cracked Core","Ancient Tea Set","Strawberry","Blue Candle","Happy Flower"],"acts_visited":["Exordium"],"potions_floor_usage":[11,12,13],"damage_taken":[{"damage":1,"enemies":"Jaw Worm","floor":1,"turns":4},{"damage":2,"enemies":"Small Slimes","floor":2,"turns":3},{"damage":0,"enemies":"2 Louse","floor":3,"turns":2},{"damage":17,"enemies":"2 Fungi Beasts","floor":5,"turns":4},{"damage":24,"enemies":"Gremlin Nob","floor":6,"turns":4},{"damage":5,"enemies":"Blue Slaver","floor":10,"turns":3},{"damage":0,"enemies":"Looter","floor":11,"turns":2},{"damage":6,"enemies":"Gremlin Gang","floor":12,"turns":3},{"damage":24,"enemies":"3 Sentries","floor":13,"turns":6},{"damage":69,"enemies":"Slime Boss","floor":16,"turns":10}],"seed_played":"7679975333957736856","potions_obtained":[{"floor":3,"key":"FairyPotion"},{"floor":5,"key":"SteroidPotion"},{"floor":11,"key":"Fruit Juice"},{"floor":12,"key":"DistilledChaos"}],"is_trial":false,"path_per_floor":["M","M","M","?","M","E","R","?","T","M","M","M","E","?","R","B"],"character_chosen":"DEFECT","items_purchased":[],"campfire_rested":1,"item_purchase_floors":[],"current_hp_per_floor":[74,72,72,72,55,31,31,36,43,38,43,37,13,6,33,0,0],"gold":205,"neow_bonus":"REMOVE_CARD","is_daily":false,"chose_seed":false,"campfire_upgraded":1,"win_rate":0.0,"timestamp":1609800564,"path_taken":["M","M","M","?","M","E","R","?","T","M","M","M","E","?","R","BOSS"],"items_purchased_type":[],"build_version":"2020-12-22","purchased_purges":0,"victory":false,"max_hp_per_floor":[75,75,75,75,75,75,75,80,87,87,92,92,92,92,92,92,92],"card_choices":[{"not_picked":["Rebound","Self Repair"],"picked":"Gash","floor":1},{"not_picked":["Turbo","Sweeping Beam"],"picked":"Melter","floor":2},{"not_picked":["Streamline","Turbo"],"picked":"Redo","floor":3},{"not_picked":["Rebound","Go for the Eyes"],"picked":"Ball Lightning","floor":5},{"not_picked":["Compile Driver","Turbo"],"picked":"Coolheaded","floor":6},{"not_picked":["Storm","Leap"],"picked":"Go for the Eyes","floor":10},{"not_picked":["Compile Driver","Stack"],"picked":"Fusion","floor":11},{"not_picked":["Leap","Chaos"],"picked":"Loop","floor":12},{"not_picked":["Steam","Glacier"],"picked":"Chill","floor":13}],"player_experience":148565,"relics_obtained":[{"floor":6,"key":"Ancient Tea Set"},{"floor":9,"key":"Strawberry"},{"floor":13,"key":"Blue Candle"}],"event_choices":[{"cards_removed":["Strike_B"],"damage_healed":0,"gold_gain":0,"player_choice":"Card Removal","damage_taken":0,"max_hp_gain":0,"max_hp_loss":0,"event_name":"The Cleric","floor":4,"gold_loss":50},{"damage_healed":0,"gold_gain":0,"player_choice":"Donut","damage_taken":0,"max_hp_gain":5,"max_hp_loss":0,"event_name":"Big Fish","floor":8,"gold_loss":0},{"damage_healed":0,"gold_gain":0,"player_choice":"Success","damage_taken":7,"relics_obtained":["Happy Flower"],"max_hp_gain":0,"max_hp_loss":0,"event_name":"Scrap Ooze","floor":14,"gold_loss":0}],"is_beta":false,"boss_relics":[],"items_purged_floors":[],"is_endless":false,"potions_floor_spawned":[3,5,11,12],"killed_by":"Slime Boss","ascension_level":0}}