{"host":"4lxzgdqpvzyot39g","time":1609728453,"event":{"mods":["100% Spire Juice","Abigail Mod","Act Like it!","Aspiration","BaseMod","Beaked The Cultist","Better Altar","Better Match","Better Note","Better Sensory Stone","Better Skull","Better Third Choice","CCEM","Colored Map","Colored Powertips","Conspire","Displayed Cursed Tome","Dota2Spire","Energized Spire","Friendly Minions","Gensokyo","GifTheSpireLib","Halation","Hallownest","Hermit","Highlight Path","Hubris","Infinite Spire","Jedi Mod","JesterMod","Mari Mod (Legacy)","Mari\u0027s V1 Patch","MarisaÅiñ∂âJÅ@ñÇóùçπÅj","Minty Spire (QoL Compilation)","Prisma Mod","Quarter Circle Forward PUNCH!","Relic Filter","Replay The Spire","Robot Space Explorer","SCP261 Mod","Small Relic Pack","Spicy Shops","Spikes Relics","StSLib","Stuff the Spire","The Alterego","The Animator","The Blue Laboratory","The Bug Knight","The Cursed","The Fake Hero","The Servant 0.9.4","The Wild Card","Trackpad","Waifu the Spire","WarShipGirlsR/??è≠èóR mod","vexMod","Åy?ï®?îvÅzREMEMod"],"gold_per_floor":[119,131,56,74,91,91,117,7,34,50,85,85,119,119,119,218,218,108,108,108,108,108,17,31,41,41,70,89,115,115,132,132,230,230,242,242,242,261,271,296,296,314,360,385,25,25,58,101,101,101,101,101,26,53,53],"floor_reached":56,"playtime":3084,"items_purged":["Moonworks:Strike","Moonworks:Strike","Moonworks:ImmovableObject","Moonworks:AwakeningOfTalent","Moonworks:SealedMemories","Moonworks:ShieldCounter+1","Moonworks:MetallicMonocoque","Moonworks:TreasureThief+1","Moonworks:AngelHand+1"],"score":1790,"play_id":"e0175849-243d-4c82-89d4-20feb3d6bbe7","local_time":"20210103214733","is_ascension_mode":false,"campfire_choices":[{"data":"Moonworks:LulusLuckyEgg","floor":6,"key":"SMITH"},{"floor":15,"key":"RECALL"},{"data":"StuffTheSpire:Perfection","floor":32,"key":"SMITH"},{"data":"Moonworks:EvilSpyWorkPreparation","floor":41,"key":"SMITH"},{"data":"Moonworks:EvilSpyWorkPreparation","floor":49,"key":"SMITH"},{"data":"Moonworks:JonathanRush","floor":52,"key":"SMITH"}],"circlet_count":0,"master_deck":["Moonworks:Defend","Moonworks:Defend","Moonworks:Defend","Moonworks:Defend","Moonworks:Ambush+1","Moonworks:LongDistanceShot+1","Moonworks:LulusLuckyEgg+1","Deep Breath+1","Moonworks:FullSpeedAlicianrone","Moonworks:EvilSpyWorkPreparation+1","Moonworks:LulusLuckyEgg+1","Moonworks:JonathanRush+1","hubris:InfiniteBlow+276","Moonworks:WindyEnchantment","Moonworks:EvilSpyWorkPreparation+1","Moonworks:EvilSpyWorkPreparation+1","Moonworks:NicePresent+1","Moonworks:NicePresent+1","Moonworks:EvilSpyWorkPreparation+1","Moonworks:JonathanRush+1"],"relics":["Moonworks:BrokenBomb","Moonworks:Homemark","REME_ComplimentaryCards","NeowsBlessing","trackpad:ToughGloves","StuffTheSpire:Experiment12","Dota2Spire:Butterfly","Moonworks:LittleGull","Sandwich","hubris:Towel","Dota2Spire:Satanic","conspire:TopHat","StuffTheSpire:Rhapsscallions","CCEMRelics:Pendulum","StuffTheSpire:HistoryBook","Astrolabe","CCEMRelics:SpiritsEdge","trackpad:WritersBlock","Quantum Egg","halation:PinkAlligatorPlush","Frozen Egg 2","infinitespire:Joker Card"],"acts_visited":["Gensokyo:Gensokyo","TheCity","Gensokyo:Gensokyoest","TheEnding"],"potions_floor_usage":[7,48],"damage_taken":[{"damage":0,"enemies":"Gensokyo:3_Fairies","floor":1,"turns":1},{"damage":0,"enemies":"Gensokyo:Python","floor":2,"turns":1},{"damage":0,"enemies":"Gensokyo:Gryphon","floor":4,"turns":1},{"damage":0,"enemies":"Gensokyo:LivingMonolith","floor":5,"turns":3},{"damage":13,"enemies":"Gensokyo:Mamizou","floor":7,"turns":8},{"damage":3,"enemies":"Gensokyo:3_Kodama","floor":10,"turns":3},{"damage":15,"enemies":"Gensokyo:Aya","floor":11,"turns":4},{"damage":0,"enemies":"Gensokyo:Mamizou","floor":13,"turns":7},{"damage":0,"enemies":"Gensokyo:Kokoro","floor":16,"turns":2},{"damage":0,"enemies":"Shell Parasite","floor":18,"turns":3},{"damage":0,"enemies":"Book of Stabbing","floor":23,"turns":4},{"damage":0,"enemies":"3 Byrds","floor":24,"turns":2},{"damage":0,"enemies":"Centurion and Healer","floor":25,"turns":4},{"damage":0,"enemies":"conspire:SneckoGhost","floor":27,"turns":4},{"damage":0,"enemies":"conspire:HollyBat","floor":28,"turns":4},{"damage":0,"enemies":"Replay:Snechameleon","floor":29,"turns":3},{"damage":0,"enemies":"Snake Plant","floor":31,"turns":1},{"damage":0,"enemies":"conspire:MysteriousRune","floor":33,"turns":1},{"damage":0,"enemies":"Gensokyo:AncientGuardian","floor":35,"turns":2},{"damage":3,"enemies":"Gensokyo:3_Boulders","floor":38,"turns":3},{"damage":0,"enemies":"Gensokyo:SeedOfUnknown","floor":39,"turns":1},{"damage":0,"enemies":"Gensokyo:Kasen","floor":40,"turns":2},{"damage":9,"enemies":"Gensokyo:4_Bats","floor":42,"turns":2},{"damage":7,"enemies":"Gensokyo:Doremy","floor":44,"turns":1},{"damage":2,"enemies":"Gensokyo:Marisa","floor":47,"turns":1},{"damage":2,"enemies":"Gensokyo:Rafflesia","floor":48,"turns":1},{"damage":2,"enemies":"Gensokyo:Yuyuko","floor":50,"turns":1},{"damage":2,"enemies":"Shield and Spear","floor":54,"turns":2},{"damage":90,"enemies":"The Heart","floor":55,"turns":3}],"seed_played":"1176218867304458450","potions_obtained":[{"floor":4,"key":"Dexterity Potion"},{"floor":5,"key":"blueLaboratory:FrostheartPotion"},{"floor":11,"key":"blueLaboratory:PolymorphPotion"},{"floor":25,"key":"GamblersBrew"},{"floor":42,"key":"REME_GoldPotion"},{"floor":48,"key":"Block Potion"}],"is_trial":false,"path_per_floor":["M","M","?","M","M","R","E","$","T","M","E","?","E","?","R_BF","B",null,"M","?","?","AVR","?","E","M","M","T","E","M","E","$","M","R","B",null,"M","?","?","M","M","E","R","M","T","E","$","?","E","M","R","B",null,"R","$","E","B",null],"character_chosen":"THE_STARBREAKER","items_purchased":["trackpad:ToughGloves","Moonworks:LulusLuckyEgg","StuffTheSpire:HistoryBook"],"campfire_rested":0,"item_purchase_floors":[8,8,30],"current_hp_per_floor":[60,60,60,60,60,60,47,47,47,44,29,29,29,14,14,14,60,60,60,60,60,41,41,41,41,41,43,43,43,1,1,1,1,62,62,62,37,34,34,34,34,62,62,55,10,10,8,6,6,6,47,47,47,45,47],"gold":53,"neow_bonus":"THREE_ENEMY_KILL","is_daily":false,"chose_seed":false,"campfire_upgraded":5,"win_rate":0.0,"timestamp":1609728453,"path_taken":["M","M","?","?","M","R","E","?","T","M","E","?","E","?","R_BF","BOSS","M","?","?","AVR","?","E","?","M","T","E","M","E","?","M","R","BOSS","M","?","?","?","M","E","R","M","T","E","?","?","E","M","R","BOSS","R","$","E","BOSS"],"items_purchased_type":["Relic","Card","Relic"],"build_version":"2020-12-22","purchased_purges":9,"victory":true,"max_hp_per_floor":[60,60,60,60,60,60,60,60,60,60,60,60,60,60,60,60,60,60,60,60,60,60,60,60,60,60,62,62,62,62,62,62,62,62,62,62,62,62,62,62,62,62,62,62,62,47,47,47,47,47,47,47,47,47,47],"card_choices":[{"not_picked":["Moonworks:SakisCookie","Moonworks:JonathanRush","Moonworks:IndiscriminateFireSupport"],"picked":"SKIP","floor":1},{"not_picked":["Moonworks:IndiscriminateFireSupport","Moonworks:ImOnFire"],"picked":"Moonworks:LulusLuckyEgg","floor":2},{"not_picked":["Replay:BasicMightCard+1","StuffTheSpire:PlasmaPulse+1"],"picked":"Deep Breath+1","floor":3},{"not_picked":["Moonworks:NicePresent","Moonworks:JonathanRush"],"picked":"Moonworks:FullSpeedAlicianrone","floor":4},{"not_picked":["Moonworks:ExtendedPhotonRifle","Moonworks:JonathanRush"],"picked":"Moonworks:IndiscriminateFireSupport","floor":5},{"not_picked":["Moonworks:Flamethrower","Moonworks:Poppoformation"],"picked":"Moonworks:EvilSpyWorkPreparation","floor":7},{"not_picked":["Moonworks:ShieldCounter","Moonworks:ImmovableObject"],"picked":"Moonworks:JonathanRush","floor":10},{"not_picked":["Moonworks:SelfDestruct","Moonworks:BigMagnum"],"picked":"Moonworks:ImmovableObject","floor":11},{"not_picked":["Moonworks:SakisCookie","Moonworks:ExtendedPhotonRifle"],"picked":"Moonworks:SealedMemories","floor":13},{"not_picked":["infinitespire:Execution","infinitespire:Menacing"],"picked":"hubris:InfiniteBlow+276","floor":14},{"not_picked":["Moonworks:RocketCannon","Moonworks:MeltingMemories"],"picked":"Moonworks:MetallicMonocoque","floor":16},{"not_picked":["Moonworks:LulusLuckyEgg","Moonworks:MiracleRedBeanIceCream"],"picked":"Moonworks:AwakeningOfTalent","floor":18},{"not_picked":["StuffTheSpire:Brawn","StuffTheSpire:Innocence"],"picked":"StuffTheSpire:Perfection","floor":19},{"not_picked":["Moonworks:IntelligenceOfficer+1","Moonworks:Bloodlust"],"picked":"Moonworks:WindyEnchantment","floor":23},{"not_picked":["Moonworks:IntelligenceOfficer+1","Moonworks:ImmovableObject+1"],"picked":"Moonworks:EvilSpyWorkPreparation","floor":24},{"not_picked":["Moonworks:ImOnFire","Moonworks:CompletionReward+1","Moonworks:IndiscriminateFireSupport"],"picked":"SKIP","floor":25},{"not_picked":["Moonworks:SubspaceTunnel","Moonworks:Poppoformation"],"picked":"Moonworks:JonathanRush","floor":27},{"not_picked":["Moonworks:FullSpeedAlicianrone+1","Moonworks:UnluckyCharm","Moonworks:ImOnFire"],"picked":"SKIP","floor":28},{"not_picked":["Moonworks:x16BigRocket+1","Moonworks:DeployBits+1","Moonworks:Assault+1"],"picked":"SKIP","floor":29},{"not_picked":["Moonworks:BigMagnum","Moonworks:Flamethrower","Moonworks:UnluckyCharm+1"],"picked":"SKIP","floor":31},{"not_picked":["Moonworks:Gamble","Moonworks:HolyNight"],"picked":"Moonworks:GoAway","floor":33},{"not_picked":["Moonworks:SakisCookie+1","Moonworks:LuckyCharm+1","Moonworks:BigBangBell+1"],"picked":"SKIP","floor":35},{"not_picked":["Moonworks:ForcedRevival+1","Moonworks:LulusLuckyEgg","Moonworks:IndiscriminateFireSupport+1"],"picked":"SKIP","floor":38},{"not_picked":["Moonworks:Dash+1","Moonworks:ReproductionOfRecords+1"],"picked":"Moonworks:EvilSpyWorkPreparation","floor":39},{"not_picked":["Moonworks:BindingChains","Moonworks:AngelHand+1","Moonworks:DevilHand+1"],"picked":"SKIP","floor":40},{"not_picked":["Moonworks:DevilHand+1","Moonworks:BigMagnum"],"picked":"Moonworks:NicePresent+1","floor":42},{"not_picked":["Moonworks:CompletionReward","Moonworks:AngelHand"],"picked":"Moonworks:NicePresent+1","floor":44},{"not_picked":["Moonworks:ImOnFire","Moonworks:SealedMemories"],"picked":"Moonworks:EvilSpyWorkPreparation","floor":47},{"not_picked":["Moonworks:ForcedRevival+1","Moonworks:LulusLuckyEgg+1"],"picked":"Moonworks:JonathanRush+1","floor":48},{"not_picked":["Moonworks:LulusLuckyEgg","Moonworks:SelfDestruct","Moonworks:FinalSurgery"],"picked":"SKIP","floor":54}],"player_experience":1082122,"relics_obtained":[{"floor":7,"key":"trackpad:Mousetrap"},{"floor":9,"key":"StuffTheSpire:Experiment12"},{"floor":11,"key":"Dota2Spire:Butterfly"},{"floor":13,"key":"Moonworks:LittleGull"},{"floor":23,"key":"Dota2Spire:Satanic"},{"floor":26,"key":"conspire:TopHat"},{"floor":27,"key":"StuffTheSpire:Rhapsscallions"},{"floor":29,"key":"CCEMRelics:Pendulum"},{"floor":40,"key":"trackpad:WritersBlock"},{"floor":44,"key":"Quantum Egg"},{"floor":47,"key":"Frozen Egg 2"},{"floor":54,"key":"infinitespire:Joker Card"}],"event_choices":[{"damage_healed":0,"gold_gain":0,"player_choice":"2","damage_taken":0,"max_hp_gain":0,"max_hp_loss":0,"event_name":"betterMatch:BetterMatch","floor":3,"gold_loss":0,"cards_obtained":["betterMatch:ColorlessUncommonCard"]},{"damage_healed":0,"gold_gain":0,"player_choice":"UP UP ","damage_taken":23,"relics_obtained":[],"max_hp_gain":0,"max_hp_loss":0,"event_name":"betterSkull:BetterSkull","floor":22,"gold_loss":0,"cards_upgraded":["Moonworks:Strike","Moonworks:Ambush"]},{"damage_healed":0,"gold_gain":0,"player_choice":"RE UP ","damage_taken":29,"relics_obtained":["CCEMRelics:SpiritsEdge"],"max_hp_gain":0,"max_hp_loss":0,"event_name":"betterSkull:BetterSkull","floor":37,"gold_loss":0,"cards_upgraded":["Moonworks:EvilSpyWorkPreparation"]}],"is_beta":false,"boss_relics":[{"not_picked":["energizedSpire:EnergizedDie","Velvet Choker"],"picked":"Sandwich"},{"not_picked":["aspiration:RandomNobGenerator","aspiration:DefectSkillbook"],"picked":"Astrolabe"}],"items_purged_floors":[21,30,30,30,30,45,45,45,53],"is_endless":false,"potions_floor_spawned":[4,5,11,13,16,25,28,29,33,42,47,48,54],"ascension_level":0}}