{"host":"ymmeoa1x24ihslbm","time":1609781766,"event":{"mods":["AchievementEnabler","BaseMod","Colored Map","Colored Powertips","Defuse TimeMaze Blight","Highlight Path","Minty Spire (QoL Compilation)","Permanent Neow","Quick Restart","StSLib","Unceasing Turn Reminder"],"gold_per_floor":[111,111,111,111,136,136,156,156,156,156,176,176,196,210,210,330,330,353,353,374,374,395,395,434,434,514,514,514],"floor_reached":27,"playtime":711,"items_purged":[],"score":276,"play_id":"25900ecc-e746-43d8-8ff5-164f908961f2","local_time":"20210104183606","is_ascension_mode":true,"campfire_choices":[{"data":"Vigilance","floor":6.0,"key":"SMITH"},{"data":"WheelKick","floor":8.0,"key":"SMITH"},{"data":"FlurryOfBlows","floor":12.0,"key":"SMITH"},{"data":"FollowUp","floor":15.0,"key":"SMITH"},{"data":"Devotion","floor":23,"key":"SMITH"},{"data":"Consecrate","floor":25,"key":"SMITH"}],"circlet_count":0,"master_deck":["Strike_P+1","Strike_P+1","Strike_P+1","Strike_P+1","Defend_P+1","Defend_P+1","Defend_P+1","Eruption+1","Vigilance+1","WheelKick+1","FlurryOfBlows+1","FollowUp+1","Devotion+1","Consecrate+1","Evaluate+1","FearNoEvil+1"],"relics":["PureWater","Golden Idol","Art of War","Pantograph","Frozen Egg 2","Singing Bowl"],"acts_visited":["Exordium","TheCity"],"potions_floor_usage":[24,24],"damage_taken":[{"damage":2.0,"enemies":"Small Slimes","floor":1.0,"turns":4.0},{"damage":0.0,"enemies":"Jaw Worm","floor":7.0,"turns":2.0},{"damage":0.0,"enemies":"2 Louse","floor":11.0,"turns":1.0},{"damage":0.0,"enemies":"Large Slime","floor":13.0,"turns":3.0},{"damage":0.0,"enemies":"Exordium Wildlife","floor":14.0,"turns":2.0},{"damage":18.0,"enemies":"Hexaghost","floor":16.0,"turns":3.0},{"damage":0.0,"enemies":"3 Byrds","floor":18.0,"turns":5.0},{"damage":15.0,"enemies":"Shell Parasite","floor":20.0,"turns":3.0},{"damage":4,"enemies":"Chosen and Byrds","floor":22,"turns":3},{"damage":6,"enemies":"Slavers","floor":24,"turns":2},{"damage":17,"enemies":"Book of Stabbing","floor":27,"turns":3}],"seed_played":"-1449243052816824298","potions_obtained":[{"floor":7.0,"key":"BottledMiracle"},{"floor":11.0,"key":"GamblersBrew"},{"floor":13.0,"key":"Strength Potion"},{"floor":14.0,"key":"Ambrosia"},{"floor":22,"key":"SteroidPotion"},{"floor":24,"key":"Ancient Potion"}],"is_trial":false,"path_per_floor":["M","?","?","?","T","R","M","R","T","?","M","R","M","M","R","B",null,"M","?","M","?","M","R","E","R","T","E"],"character_chosen":"WATCHER","items_purchased":[],"campfire_rested":0,"item_purchase_floors":[],"current_hp_per_floor":[70,56,49,31,31,31,31,31,31,31,31,31,31,31,31,38,64,64,64,49,49,45,45,39,39,39,22,22],"gold":514,"neow_bonus":"UPGRADE_CARD","is_daily":false,"chose_seed":false,"campfire_upgraded":6,"win_rate":0.0,"timestamp":1609781766,"path_taken":["M","?","?","?","?","R","M","R","T","?","M","R","M","?","R","BOSS","M","?","M","?","M","R","E","R","T","E"],"items_purchased_type":[],"build_version":"2020-12-22","purchased_purges":0,"victory":false,"max_hp_per_floor":[72,72,72,72,72,72,72,72,72,72,72,72,72,72,72,72,72,72,72,72,72,72,72,72,72,72,72,72],"card_choices":[{"not_picked":["FlyingSleeves","Protect","Crescendo"],"picked":"SKIP","floor":1.0},{"not_picked":["Collect","Swivel"],"picked":"WheelKick","floor":7.0},{"not_picked":["FlyingSleeves","EmptyMind"],"picked":"FlurryOfBlows","floor":11.0},{"not_picked":["PathToVictory","BowlingBash","Prostrate"],"picked":"SKIP","floor":13.0},{"not_picked":["SashWhip","Wireheading"],"picked":"FollowUp","floor":14.0},{"not_picked":["Wish","Blasphemy"],"picked":"Devotion","floor":16.0},{"not_picked":["FlyingSleeves","BowlingBash"],"picked":"Consecrate","floor":18.0},{"not_picked":["BattleHymn+1","CarveReality+1"],"picked":"Evaluate+1","floor":20.0},{"not_picked":["PathToVictory","Sanctity+1"],"picked":"FearNoEvil+1","floor":22},{"not_picked":["EmptyBody+1","BowlingBash+1","Sanctity"],"picked":"SKIP","floor":24}],"player_experience":697844,"relics_obtained":[{"floor":5.0,"key":"Art of War"},{"floor":9.0,"key":"Pantograph"},{"floor":24,"key":"Frozen Egg 2"},{"floor":26,"key":"Singing Bowl"}],"event_choices":[{"damage_healed":0.0,"max_hp_gain":0.0,"max_hp_loss":0.0,"gold_gain":0.0,"event_name":"Shining Light","player_choice":"Entered Light","floor":2.0,"gold_loss":0.0,"damage_taken":14.0,"cards_upgraded":["Defend_P","Strike_P"]},{"cards_removed":["Defend_P"],"damage_healed":0.0,"max_hp_gain":0.0,"max_hp_loss":0.0,"gold_gain":0.0,"event_name":"Golden Wing","player_choice":"Card Removal","floor":3.0,"gold_loss":0.0,"damage_taken":7.0},{"damage_healed":0.0,"max_hp_gain":0.0,"max_hp_loss":0.0,"gold_gain":0.0,"event_name":"Golden Idol","player_choice":"Take Damage","floor":4.0,"gold_loss":0.0,"damage_taken":18.0,"relics_obtained":["Golden Idol"]},{"damage_healed":0.0,"max_hp_gain":0.0,"max_hp_loss":0.0,"gold_gain":0.0,"event_name":"Living Wall","player_choice":"Grow","floor":10.0,"gold_loss":0.0,"damage_taken":0.0,"cards_upgraded":["Strike_P"]},{"damage_healed":0.0,"max_hp_gain":0.0,"max_hp_loss":0.0,"gold_gain":0.0,"event_name":"Vampires","player_choice":"Ignored","floor":19.0,"gold_loss":0.0,"damage_taken":0.0},{"damage_healed":0.0,"max_hp_gain":0.0,"max_hp_loss":0.0,"gold_gain":0.0,"event_name":"Back to Basics","player_choice":"Simplicity","floor":21.0,"gold_loss":0.0,"damage_taken":0.0,"cards_upgraded":["Strike_P","Strike_P","Defend_P","Defend_P"]}],"is_beta":false,"boss_relics":[{"not_picked":["Philosopher\u0027s Stone","Calling Bell","Cursed Key"]}],"items_purged_floors":[],"is_endless":false,"potions_floor_spawned":[7,11,13,14,22,24],"killed_by":"Book of Stabbing","ascension_level":5}}