{"host":"8i4doyxqctgl5qb0","time":1609728494,"event":{"mods":["AchievementEnabler","BaseMod","Block Reminder","Colored Powertips","Downfall","Marisa£®ÏF”Í°°ƒß¿Ì…≥£©","Minty Spire (QoL Compilation)","Permanent Neow","Potion Indicator Mod","Rare Cards Sparkle","StSLib","SuperFastMode"],"gold_per_floor":[214,229,229,154,165,193,193,205,205,240,240,256,206,206,206,307,307,317,317,317,222,222,252,252,240,287,287,99,99,113,212,212,311,311,326,175,175,185,2,31,41,41,41,41,58,58,58,73,73,73],"floor_reached":51,"playtime":1991,"items_purged":["Pain"],"score":906,"play_id":"dca8f5a1-cdbe-4e01-9262-7e723574882d","local_time":"20210104104814","is_ascension_mode":true,"campfire_choices":[{"floor":7.0,"key":"REST"},{"data":"Footwork","floor":11.0,"key":"SMITH"},{"data":"Neutralize","floor":15.0,"key":"SMITH"},{"data":"Malaise","floor":24.0,"key":"SMITH"},{"data":"Dagger Spray","floor":27.0,"key":"SMITH"},{"data":"expansioncontent:QuickStudy","floor":32.0,"key":"SMITH"},{"floor":44.0,"key":"REST"},{"data":"Flying Knee","floor":47,"key":"SMITH"},{"data":"Cloak And Dagger","floor":49,"key":"SMITH"}],"circlet_count":0,"master_deck":["Defend_G","Defend_G+1","Defend_G","Defend_G","Defend_G+1","Survivor+1","Neutralize+1","Flying Knee+1","Footwork+1","Flying Knee","Poisoned Stab","Noxious Fumes+1","Dagger Spray+1","Malaise+1","CurseOfTheBell","Noxious Fumes+1","Bite","Bite","Bite","Bite","Bite","expansioncontent:CaCaw+1","Well Laid Plans+1","expansioncontent:QuickStudy+1","Deflect+1","Prepared+1","Poisoned Stab","expansioncontent:StudyTheSpire+1","Poisoned Stab+1","Dagger Spray+1","Cloak And Dagger+1"],"relics":["Ring of the Snake","Frozen Egg 2","Torii","WingedGreaves","Calling Bell","War Paint","Eternal Feather","Thread and Needle","Oddly Smooth Stone","Paper Crane","Orichalcum","Nloth\u0027s Gift","Busted Crown","Regal Pillow","Boot","Mummified Hand"],"acts_visited":["Exordium","TheCity","TheBeyond"],"potions_floor_usage":[50],"damage_taken":[{"damage":1.0,"enemies":"Cultist","floor":1.0,"turns":3.0},{"damage":2.0,"enemies":"Jaw Worm","floor":2.0,"turns":4.0},{"damage":0.0,"enemies":"2 Louse","floor":5.0,"turns":3.0},{"damage":18.0,"enemies":"Gremlin Nob","floor":6.0,"turns":5.0},{"damage":2.0,"enemies":"2 Fungi Beasts","floor":8.0,"turns":4.0},{"damage":1.0,"enemies":"Lagavulin","floor":10.0,"turns":7.0},{"damage":0.0,"enemies":"3 Louse","floor":12.0,"turns":3.0},{"damage":24.0,"enemies":"The Guardian","floor":16.0,"turns":9.0},{"damage":9.0,"enemies":"Shell Parasite","floor":18.0,"turns":6.0},{"damage":13.0,"enemies":"Gremlin Leader","floor":23.0,"turns":7.0},{"damage":23.0,"enemies":"2 Thieves","floor":25.0,"turns":4.0},{"damage":8.0,"enemies":"Chosen and Byrds","floor":30.0,"turns":5.0},{"damage":0.0,"enemies":"Champ","floor":33.0,"turns":12.0},{"damage":31.0,"enemies":"3 Darklings","floor":35.0,"turns":5.0},{"damage":2.0,"enemies":"Orb Walker","floor":38.0,"turns":5.0},{"damage":12.0,"enemies":"Nemesis","floor":40.0,"turns":9.0},{"damage":17.0,"enemies":"4 Shapes","floor":41.0,"turns":4.0},{"damage":2,"enemies":"Sphere and 2 Shapes","floor":45,"turns":4},{"damage":19,"enemies":"Spire Growth","floor":48,"turns":5},{"damage":43,"enemies":"Awakened One","floor":50,"turns":14}],"seed_played":"-8928812890794330230","potions_obtained":[{"floor":2.0,"key":"Explosive Potion"},{"floor":8.0,"key":"LiquidBronze"},{"floor":10.0,"key":"LiquidMemories"},{"floor":16.0,"key":"DuplicationPotion"},{"floor":30.0,"key":"PowerPotion"}],"is_trial":false,"path_per_floor":["M","M","?","$","M","E","R","M","T","E","R","M","?","$","R","B",null,"M","?","?","$","?","E","R","M","T","R","$","?","M","?","R","B",null,"M","$","?","M","$","E","M","?","T","R","M","$","R","M","R","B",null],"character_chosen":"THE_SILENT","items_purchased":["expansioncontent:CaCaw+1","expansioncontent:QuickStudy","Regal Pillow","expansioncontent:StudyTheSpire+1"],"campfire_rested":2,"item_purchase_floors":[21,28,36,39],"current_hp_per_floor":[69,67,67,67,67,49,70,68,68,67,67,67,67,67,67,43,70,61,49,49,49,49,48,49,30,30,42,42,42,44,44,49,49,49,24,24,24,32,32,30,17,17,17,49,48,48,49,36,49,25],"gold":73,"neow_bonus":"HUNDRED_GOLD","is_daily":false,"chose_seed":false,"campfire_upgraded":7,"win_rate":0.0,"timestamp":1609728494,"path_taken":["M","?","?","$","?","E","R","M","T","E","R","M","?","$","R","BOSS","M","?","?","$","?","E","R","M","T","R","$","?","?","?","R","BOSS","M","$","?","?","$","E","M","?","T","R","?","?","R","M","R","BOSS"],"items_purchased_type":["Card","Card","Relic","Card"],"build_version":"2020-12-22","purchased_purges":1,"victory":true,"max_hp_per_floor":[70,70,70,70,70,70,70,70,70,70,70,70,70,70,70,70,70,70,49,49,49,49,49,49,49,49,49,49,49,49,49,49,49,49,49,49,49,49,49,49,49,49,49,49,49,49,49,49,49,49],"card_choices":[{"not_picked":["Acrobatics","Dodge and Roll"],"picked":"Flying Knee","floor":1.0},{"not_picked":["Skewer","Heel Hook"],"picked":"Footwork","floor":2.0},{"not_picked":["Deadly Poison","Slice"],"picked":"Flying Knee","floor":5.0},{"not_picked":["Deadly Poison","Outmaneuver"],"picked":"Poisoned Stab","floor":6.0},{"not_picked":["Dagger Throw","Eviscerate"],"picked":"Noxious Fumes+1","floor":8.0},{"not_picked":["Glass Knife","Underhanded Strike","Eviscerate"],"picked":"SKIP","floor":10.0},{"not_picked":["Underhanded Strike","Predator"],"picked":"Dagger Spray","floor":12.0},{"not_picked":["Phantasmal Killer","A Thousand Cuts+1"],"picked":"Malaise","floor":16.0},{"not_picked":["Acrobatics","Dodge and Roll"],"picked":"Noxious Fumes+1","floor":18.0},{"not_picked":["Expertise","Slice","Prepared"],"picked":"SKIP","floor":23.0},{"not_picked":["Deflect+1","Slice"],"picked":"Well Laid Plans+1","floor":25.0},{"not_picked":["Skewer","Infinite Blades+1"],"picked":"Deflect+1","floor":30.0},{"not_picked":["Adrenaline","Venomology"],"picked":"After Image+1","floor":33.0},{"not_picked":[],"picked":"Prepared+1","floor":35.0},{"not_picked":[],"picked":"Poisoned Stab","floor":38.0},{"not_picked":["Eviscerate"],"picked":"SKIP","floor":40.0},{"not_picked":[],"picked":"Poisoned Stab+1","floor":41.0},{"not_picked":[],"picked":"Dagger Spray+1","floor":45},{"not_picked":[],"picked":"Cloak And Dagger","floor":48}],"player_experience":61787,"relics_obtained":[{"floor":6.0,"key":"Frozen Egg 2"},{"floor":9.0,"key":"Torii"},{"floor":10.0,"key":"WingedGreaves"},{"floor":17.0,"key":"War Paint"},{"floor":17.0,"key":"Eternal Feather"},{"floor":17.0,"key":"Thread and Needle"},{"floor":23.0,"key":"Paper Crane"},{"floor":26.0,"key":"Orichalcum"},{"floor":40.0,"key":"Boot"},{"floor":43.0,"key":"Mummified Hand"}],"event_choices":[{"damage_healed":0.0,"max_hp_gain":0.0,"max_hp_loss":0.0,"gold_gain":0.0,"event_name":"Accursed Blacksmith","player_choice":"Rummage","floor":3.0,"gold_loss":0.0,"damage_taken":0.0,"relics_obtained":["WarpedTongs"],"cards_obtained":["Pain"]},{"cards_removed":["Strike_G"],"damage_healed":0.0,"max_hp_gain":0.0,"max_hp_loss":0.0,"gold_gain":0.0,"event_name":"The Cleric","player_choice":"Card Removal","floor":13.0,"gold_loss":50.0,"damage_taken":0.0},{"damage_healed":0.0,"max_hp_gain":0.0,"max_hp_loss":21.0,"gold_gain":0.0,"event_name":"Vampires","player_choice":"Became a vampire","floor":19.0,"gold_loss":0.0,"damage_taken":0.0,"cards_obtained":["Bite","Bite","Bite","Bite","Bite"]},{"damage_healed":0.0,"max_hp_gain":0.0,"max_hp_loss":0.0,"gold_gain":0.0,"event_name":"The Mausoleum","player_choice":"Opened","floor":20.0,"gold_loss":0.0,"damage_taken":0.0,"relics_obtained":["Oddly Smooth Stone"]},{"damage_healed":0.0,"max_hp_gain":0.0,"max_hp_loss":0.0,"gold_gain":0.0,"event_name":"Ghosts","player_choice":"Ignored","floor":22.0,"gold_loss":0.0,"damage_taken":0.0},{"damage_healed":0.0,"max_hp_gain":0.0,"max_hp_loss":0.0,"gold_gain":0.0,"event_name":"N\u0027loth","player_choice":"Traded Relic","floor":29.0,"relics_lost":["WarpedTongs"],"gold_loss":0.0,"damage_taken":0.0,"relics_obtained":["Nloth\u0027s Gift"]},{"damage_healed":0.0,"max_hp_gain":0.0,"max_hp_loss":0.0,"gold_gain":99.0,"event_name":"Nest","player_choice":"Stole From Cult","floor":31.0,"gold_loss":0.0,"damage_taken":0.0},{"damage_healed":0.0,"max_hp_gain":0.0,"max_hp_loss":0.0,"gold_gain":0.0,"event_name":"Upgrade Shrine","player_choice":"Upgraded","floor":37.0,"gold_loss":0.0,"damage_taken":0.0,"cards_upgraded":["Survivor"]},{"cards_removed":["After Image"],"damage_healed":0.0,"max_hp_gain":0.0,"max_hp_loss":0.0,"gold_gain":0.0,"event_name":"Purifier","player_choice":"Purged","floor":42.0,"gold_loss":0.0,"damage_taken":0.0}],"is_beta":false,"boss_relics":[{"not_picked":["Pandora\u0027s Box","Fusion Hammer"],"picked":"Calling Bell"},{"not_picked":["Ring of the Serpent","Velvet Choker"],"picked":"Busted Crown"}],"items_purged_floors":[4],"is_endless":false,"potions_floor_spawned":[2,8,10,16,18,30,35,38],"ascension_level":3}}