{"host":"dxhqtkke6bt2qzoz","time":1609766833,"event":{"mods":["ATMod(阿瑾Mod)","Act Like it!","Astrologer","BaseMod","Chen","Dota2Spire","Gensokyo","KinomotoSakuraMod(木之本樱)","Koishi","LagranYue(拉格朗・月)","Marisa（F雨　魔理沙）","Minty Spire (QoL Compilation)","Nova Terra(诺娃・泰拉)","Prisma Mod","Reimu（博丽灵梦）","Remilia（蕾米莉亚）","SIMod","StSLib","TestMod","The Dragon Tamer","The Marked","Waifu the Spire","WarShipGirlsR/战舰少女R mod","Yakumo Yukari mod","Youmu（魂魄妖梦）","Yuri Mod","Yuyuko","[IsaacMod]以撒尖塔","【遗物卡牌】REMEMod"],"gold_per_floor":[117,142,149,176,176,176,176],"floor_reached":6,"playtime":141,"items_purged":[],"score":216,"play_id":"82425134-57c4-454c-84a0-447cbc2df1ac","local_time":"20210104212713","is_ascension_mode":true,"campfire_choices":[],"circlet_count":0,"master_deck":["ClowCardTheSword","ClowCardTheSword","ClowCardTheSword","ClowCardTheSword","ClowCardTheShield","ClowCardTheShield","ClowCardTheShield","ClowCardTheShield","SpellCardSeal","SpellCardRelease","Pride","testmod-Lust","testmod-Wrath","testmod-Sloth","testmod-Envy","testmod-Greed","testmod-Gluttony","testmod-Gluttony","AT_EmpoweredMortalDraw","ClowCardTheShot","ClowCardTheArrow","testmod-Lust","testmod-Gluttony","ClowCardTheBig","Poor:ReiMu","testmod-Gluttony"],"relics":["KSMOD_SealedBook","KSMOD_SealedWand","HushsDoor","REME_ComplimentaryCards","testmod-TestBox","AT_ATBox","LagranYue:RandomDrawCardRelic","testmod-SevenDeadlySins","Du-Vu Doll","Darkstone Periapt","Blue Candle","SalivaCoin","YidongShenshe:ReiMu"],"acts_visited":["Exordium"],"potions_floor_usage":[2],"damage_taken":[{"damage":0,"enemies":"2 Louse","floor":1,"turns":1},{"damage":2,"enemies":"Small Slimes","floor":2,"turns":3},{"damage":12,"enemies":"Jaw Worm","floor":4,"turns":2},{"damage":0,"enemies":"3 Sentries","floor":6,"turns":1}],"seed_played":"-3750299637192806158","potions_obtained":[{"floor":1,"key":"Explosive Potion"}],"is_trial":false,"path_per_floor":["M","M","?","M","?","E"],"character_chosen":"KINOMOTOSAKURA","items_purchased":[],"campfire_rested":0,"item_purchase_floors":[],"current_hp_per_floor":[125,123,128,116,128,128,128],"gold":176,"neow_bonus":"TEN_PERCENT_HP_BONUS","is_daily":false,"chose_seed":false,"campfire_upgraded":0,"win_rate":0.0,"timestamp":1609766833,"path_taken":["M","M","?","M","?","E"],"items_purchased_type":[],"build_version":"2020-12-22","purchased_purges":0,"victory":false,"max_hp_per_floor":[125,125,137,137,149,149,149],"card_choices":[{"not_picked":["ClowCardTheFloat","ClowCardTheFly"],"picked":"ClowCardTheShot","floor":1},{"not_picked":["ClowCardTheFly","ClowCardTheGlow"],"picked":"ClowCardTheArrow","floor":2},{"not_picked":["ClowCardTheDream","ClowCardTheMirror"],"picked":"ClowCardTheBig","floor":4}],"player_experience":191763,"relics_obtained":[],"event_choices":[{"damage_healed":0,"gold_gain":0,"player_choice":"带走神社","damage_taken":0,"relics_obtained":["YidongShenshe:ReiMu"],"max_hp_gain":0,"max_hp_loss":0,"event_name":"yidonshenshe","floor":5,"gold_loss":0,"cards_obtained":["Poor:ReiMu"]}],"is_beta":false,"boss_relics":[],"items_purged_floors":[],"is_endless":false,"potions_floor_spawned":[1],"killed_by":"3 Sentries","ascension_level":3}}