{"host":"cziotie8mnsl18m5","time":1609727863,"event":{"mods":["BaseMod","Minty Spire (QoL Compilation)","StSLib","The Animator","The Construct"],"gold_per_floor":[118,135,135,159,84,121,121,121,121],"floor_reached":8,"playtime":369,"items_purged":["animator:Strike"],"score":112,"play_id":"77da0982-8736-4ad7-aa2a-4d2cfa654545","local_time":"20210103213743","is_ascension_mode":true,"campfire_choices":[{"floor":7,"key":"REST"}],"circlet_count":0,"master_deck":["AscendersBane","animator:Strike_MadokaMagica","animator:Defend_MadokaMagica","animator:Strike","animator:Strike","animator:Defend","animator:Defend","animator:Defend","animator:IrohaTamaki","animator:YuiTsuruno","animator:Aisha","animator:Elsword","animator:Fredrika","animator:YachiyoNanami"],"relics":["animator:LivingPicture","animator:TheMissingPiece","NeowsBlessing","animator:OldCoffin"],"acts_visited":["Exordium"],"potions_floor_usage":[6,6],"damage_taken":[{"damage":0,"enemies":"Jaw Worm","floor":1,"turns":1},{"damage":0,"enemies":"Cultist","floor":2,"turns":1},{"damage":0,"enemies":"2 Louse","floor":4,"turns":1},{"damage":40,"enemies":"3 Sentries","floor":6,"turns":8},{"damage":37,"enemies":"Gremlin Nob","floor":8,"turns":4}],"seed_played":"4709742210896994090","potions_obtained":[{"floor":1,"key":"PowerPotion"},{"floor":3,"key":"Strength Potion"},{"floor":3,"key":"AttackPotion"},{"floor":6,"key":"Swift Potion"}],"is_trial":false,"path_per_floor":["M","M","?","M","$","E","R","E"],"character_chosen":"THE_ANIMATOR","items_purchased":[],"campfire_rested":1,"item_purchase_floors":[],"current_hp_per_floor":[54,54,54,54,54,14,32,0,0],"gold":121,"neow_bonus":"THREE_ENEMY_KILL","is_daily":false,"chose_seed":false,"campfire_upgraded":0,"win_rate":0.0,"timestamp":1609727863,"path_taken":["M","M","?","?","$","E","R","E"],"items_purchased_type":[],"build_version":"2020-12-22","purchased_purges":1,"victory":false,"max_hp_per_floor":[60,60,60,60,60,60,60,60,60],"card_choices":[{"not_picked":["animator:Benimaru","animator:Genos"],"picked":"animator:Aisha","floor":1},{"not_picked":["animator:Shuna","animator:Demiurge"],"picked":"animator:Elsword","floor":2},{"not_picked":["animator:ItamiYouji","animator:Sonic"],"picked":"animator:Fredrika","floor":4},{"not_picked":["animator:MamiTomoe","animator:KyokoSakura"],"picked":"animator:YachiyoNanami","floor":6}],"player_experience":2572987,"relics_obtained":[{"floor":6,"key":"animator:OldCoffin"}],"event_choices":[{"damage_healed":0,"gold_gain":0,"player_choice":"Got Potions","damage_taken":0,"max_hp_gain":0,"max_hp_loss":0,"event_name":"Lab","floor":3,"gold_loss":0}],"is_beta":false,"boss_relics":[],"items_purged_floors":[5],"is_endless":false,"potions_floor_spawned":[1,4,6],"killed_by":"Gremlin Nob","ascension_level":20}}