{"host":"mydft8i2zzydgggw","time":1609783306,"event":{"mods":["AchievementEnabler","BaseMod","Colored Map","Colored Powertips","Keyboard Shortcuts","Minty Spire (QoL Compilation)","Quick Restart","StSLib","SuperFastMode","The Poker Player"],"gold_per_floor":[111,40,40,115,129,158,158,178,205,205,235,235,410,410,410,505,505,525,539,209,209,223,256,256,86,112,124,235,265,295,324,336,447,459,481,493,45,63,63,98,98,118,118,0,29,47,47,98,98,98,98,98,23,54,54],"floor_reached":56,"playtime":1610,"items_purged":["Strike_G","Strike_G","Doubt"],"score":1404,"play_id":"4079c712-3cdc-42d1-a0e2-7df144cc38ec","local_time":"20210105030146","is_ascension_mode":true,"campfire_choices":[{"data":"Infinite Blades","floor":7,"key":"SMITH"},{"data":"Infinite Blades","floor":10,"key":"SMITH"},{"data":"Backflip","floor":12,"key":"SMITH"},{"data":"Cloak And Dagger","floor":15,"key":"SMITH"},{"data":"Neutralize","floor":27,"key":"SMITH"},{"floor":32,"key":"REST"},{"data":"Accuracy","floor":41,"key":"SMITH"},{"floor":47,"key":"REST"},{"floor":49,"key":"RECALL"},{"data":"Acrobatics","floor":52,"key":"SMITH"}],"circlet_count":0,"master_deck":["Defend_G","Defend_G","Defend_G","Defend_G","Defend_G","Survivor+1","Neutralize+1","Infinite Blades+1","Infinite Blades+1","Cloak And Dagger+1","Backflip+1","Acrobatics+1","Phantasmal Killer+1","Cloak And Dagger+1","Cloak And Dagger+1","Acrobatics+1","Doppelganger+1","Distraction+1","Outmaneuver+1","Adrenaline+1","Distraction+1","Accuracy+1","Sadistic Nature","Backflip+1","Footwork","Dodge and Roll+1"],"relics":["Ring of the Snake","NeowsBlessing","Happy Flower","Boot","Matryoshka","Letter Opener","Toxic Egg 2","Empty Cage","PreservedInsect","MutagenicStrength","Potion Belt","MawBank","SlaversCollar","Shuriken","Bottled Lightning","Ginger","Red Mask","Thread and Needle","Snake Skull","Paper Crane"],"acts_visited":["Exordium","TheCity","TheBeyond","TheEnding"],"potions_floor_usage":[16,16,16,20,31,31,33,50,50,55,55],"damage_taken":[{"damage":0,"enemies":"Jaw Worm","floor":1,"turns":1},{"damage":0,"enemies":"Small Slimes","floor":5,"turns":1},{"damage":0,"enemies":"Gremlin Nob","floor":6,"turns":1},{"damage":1,"enemies":"2 Louse","floor":8,"turns":3},{"damage":3,"enemies":"Lagavulin","floor":11,"turns":6},{"damage":40,"enemies":"The Guardian","floor":16,"turns":11},{"damage":0,"enemies":"3 Byrds","floor":18,"turns":4},{"damage":4,"enemies":"Shell Parasite","floor":19,"turns":4},{"damage":3,"enemies":"Centurion and Healer","floor":22,"turns":5},{"damage":4,"enemies":"Gremlin Leader","floor":23,"turns":4},{"damage":18,"enemies":"Snake Plant","floor":29,"turns":4},{"damage":2,"enemies":"Cultist and Chosen","floor":30,"turns":5},{"damage":0,"enemies":"Snecko","floor":31,"turns":3},{"damage":45,"enemies":"Collector","floor":33,"turns":10},{"damage":4,"enemies":"Orb Walker","floor":35,"turns":3},{"damage":20,"enemies":"3 Darklings","floor":38,"turns":3},{"damage":1,"enemies":"Nemesis","floor":40,"turns":3},{"damage":0,"enemies":"Spire Growth","floor":42,"turns":2},{"damage":0,"enemies":"Giant Head","floor":45,"turns":3},{"damage":29,"enemies":"Jaw Worm Horde","floor":46,"turns":3},{"damage":10,"enemies":"Donu and Deca","floor":50,"turns":3},{"damage":2,"enemies":"Shield and Spear","floor":54,"turns":3},{"damage":64,"enemies":"The Heart","floor":55,"turns":9}],"seed_played":"-3411017682041518951","potions_obtained":[{"floor":1,"key":"Weak Potion"},{"floor":8,"key":"Strength Potion"},{"floor":11,"key":"FearPotion"},{"floor":22,"key":"AttackPotion"},{"floor":29,"key":"SpeedPotion"},{"floor":30,"key":"SkillPotion"},{"floor":38,"key":"Ancient Potion"},{"floor":40,"key":"Swift Potion"},{"floor":42,"key":"SteroidPotion"},{"floor":46,"key":"GamblersBrew"}],"is_trial":false,"path_per_floor":["M","$","?","?","M","E","R","M","T","R","E","R","?","T","R","B",null,"M","M","$","?","M","E","?","$","T","R","?","M","M","M","R","B",null,"M","?","$","M","?","E","R","M","T","?","E","M","R","T","R","B",null,"R","$","E","B",null],"character_chosen":"THE_SILENT","items_purchased":["Infinite Blades","PreservedInsect","Fruit Juice","Distraction+1","Accuracy","Shuriken","Footwork"],"campfire_rested":2,"item_purchase_floors":[2,20,20,25,37,37,53],"current_hp_per_floor":[70,70,56,45,45,45,45,44,44,44,41,41,41,41,41,1,70,70,66,71,71,68,64,64,64,64,64,64,46,44,44,66,21,75,71,71,71,51,51,50,50,50,50,50,50,21,43,43,43,33,75,75,75,73,9],"gold":54,"neow_bonus":"THREE_ENEMY_KILL","is_daily":false,"chose_seed":false,"campfire_upgraded":7,"win_rate":0.0,"timestamp":1609783306,"path_taken":["M","$","?","?","M","E","R","M","T","R","E","R","?","?","R","BOSS","M","M","$","?","M","E","?","$","T","R","?","M","M","M","R","BOSS","M","?","$","M","?","E","R","M","T","?","E","?","R","?","R","BOSS","R","$","E","BOSS"],"items_purchased_type":["Card","Relic","Potion","Card","Card","Relic","Card"],"build_version":"2020-12-22","purchased_purges":3,"victory":true,"max_hp_per_floor":[70,70,70,70,70,70,70,70,70,70,70,70,70,70,70,70,70,70,70,75,75,75,75,75,75,75,75,75,75,75,75,75,75,75,75,75,75,75,75,75,75,75,75,75,75,75,75,75,75,75,75,75,75,75,75],"card_choices":[{"not_picked":["Slice","Noxious Fumes"],"picked":"Infinite Blades","floor":1},{"not_picked":["Sucker Punch","Dagger Throw"],"picked":"Cloak And Dagger","floor":5},{"not_picked":["Dagger Spray","Backstab"],"picked":"Backflip","floor":6},{"not_picked":["Escape Plan","Deadly Poison","Terror"],"picked":"SKIP","floor":8},{"not_picked":["Crippling Poison","Caltrops"],"picked":"Acrobatics","floor":11},{"not_picked":["Tools of the Trade","Bullet Time+1"],"picked":"Phantasmal Killer+1","floor":16},{"not_picked":["Finisher","Choke"],"picked":"Cloak And Dagger+1","floor":18},{"not_picked":["Deadly Poison+1","Underhanded Strike"],"picked":"Cloak And Dagger+1","floor":19},{"not_picked":["Eviscerate","Flying Knee"],"picked":"Acrobatics+1","floor":22},{"not_picked":["Deflect+1","Catalyst+1"],"picked":"Doppelganger+1","floor":23},{"not_picked":["Poisoned Stab","Backstab","Predator"],"picked":"SKIP","floor":29},{"not_picked":["Backstab","Deadly Poison+1"],"picked":"Outmaneuver+1","floor":30},{"not_picked":["Poisoned Stab+1","Flying Knee","Quick Slash"],"picked":"SKIP","floor":31},{"not_picked":["Night Terror+1","Doppelganger+1"],"picked":"Adrenaline+1","floor":33},{"not_picked":["Deflect+1","Bane"],"picked":"Distraction+1","floor":35},{"not_picked":["Dodge and Roll+1","PiercingWail+1","All Out Attack+1"],"picked":"SKIP","floor":38},{"not_picked":["Good Instincts+1","Purity+1"],"picked":"Sadistic Nature","floor":39},{"not_picked":["Well Laid Plans","Heel Hook","Distraction+1"],"picked":"SKIP","floor":40},{"not_picked":["Acrobatics+1","Finisher"],"picked":"Backflip+1","floor":42},{"not_picked":["Slice","Backstab","Choke+1"],"picked":"SKIP","floor":45},{"not_picked":["Dagger Throw+1","Underhanded Strike+1","Bouncing Flask+1"],"picked":"SKIP","floor":46},{"not_picked":["Dagger Spray+1","Outmaneuver+1"],"picked":"Dodge and Roll+1","floor":54}],"player_experience":97648,"relics_obtained":[{"floor":6,"key":"Happy Flower"},{"floor":9,"key":"Boot"},{"floor":11,"key":"Matryoshka"},{"floor":14,"key":"Letter Opener"},{"floor":14,"key":"Toxic Egg 2"},{"floor":23,"key":"Potion Belt"},{"floor":26,"key":"MawBank"},{"floor":40,"key":"Bottled Lightning"},{"floor":43,"key":"Ginger"},{"floor":45,"key":"Thread and Needle"},{"floor":48,"key":"Snake Skull"},{"floor":54,"key":"Paper Crane"}],"event_choices":[{"damage_healed":0,"gold_gain":0,"player_choice":"Entered Light","damage_taken":14,"max_hp_gain":0,"max_hp_loss":0,"event_name":"Shining Light","floor":3,"gold_loss":0,"cards_upgraded":["Strike_G","Survivor"]},{"damage_healed":0,"gold_gain":75,"player_choice":"Gather Gold","damage_taken":11,"max_hp_gain":0,"max_hp_loss":0,"event_name":"World of Goop","floor":4,"gold_loss":0},{"damage_healed":0,"gold_gain":175,"player_choice":"AGREE","damage_taken":0,"max_hp_gain":0,"max_hp_loss":0,"event_name":"Liars Game","floor":13,"gold_loss":0,"cards_obtained":["Doubt"]},{"damage_healed":0,"gold_gain":0,"player_choice":"Inject Mutagens","damage_taken":0,"relics_obtained":["MutagenicStrength"],"max_hp_gain":0,"max_hp_loss":0,"event_name":"Drug Dealer","floor":21,"gold_loss":0},{"damage_healed":0,"gold_gain":0,"player_choice":"Ignored","damage_taken":0,"max_hp_gain":0,"max_hp_loss":0,"event_name":"Ghosts","floor":24,"gold_loss":0},{"damage_healed":0,"gold_gain":99,"player_choice":"Stole From Cult","damage_taken":0,"max_hp_gain":0,"max_hp_loss":0,"event_name":"Nest","floor":28,"gold_loss":0},{"cards_removed":["Strike_G"],"damage_healed":0,"gold_gain":0,"player_choice":"Removed Attack","damage_taken":0,"max_hp_gain":0,"max_hp_loss":0,"event_name":"Falling","floor":36,"gold_loss":0},{"damage_healed":0,"gold_gain":0,"player_choice":"Memory 1","damage_taken":0,"max_hp_gain":0,"max_hp_loss":0,"event_name":"SensoryStone","floor":39,"gold_loss":0},{"damage_healed":0,"gold_gain":0,"player_choice":"Paid","damage_taken":0,"relics_obtained":["Red Mask"],"max_hp_gain":0,"max_hp_loss":0,"event_name":"Tomb of Lord Red Mask","floor":44,"gold_loss":118}],"is_beta":false,"boss_relics":[{"not_picked":["Philosopher\u0027s Stone","Fusion Hammer"],"picked":"Empty Cage"},{"not_picked":["Cursed Key","SacredBark"],"picked":"SlaversCollar"}],"items_purged_floors":[20,25,37],"is_endless":false,"potions_floor_spawned":[1,8,11,22,29,30,38,40,42,46],"ascension_level":2}}