{"host":"hjw1ay65n7jm40lc","time":1609766158,"event":{"mods":["AchievementEnabler","BaseMod","Block Reminder","Colored Map","Colored Powertips","Curses Come First","Downfall","Googly Eyes","Hermit","Highlight Path","Jorbs\u0027s Wanderer Trilogy","Minty Spire (QoL Compilation)","Quick Restart","Relic Stats","StSLib"],"gold_per_floor":[111,122,140,140,65,97,97,115,194,223,172,187,216,228,228,329,329,340,356,256,256,256,256,289,289,313,333,333,374,299,299,299,407,407,446,471,492,492,492,492,532,532,532,566,586,604,604,604],"floor_reached":47,"playtime":3895,"items_purged":["hermit:Strike_Hermit"],"score":652,"play_id":"595cdc16-4af1-4993-9829-e486644565f6","local_time":"20210104081558","is_ascension_mode":true,"campfire_choices":[{"data":"hermit:GoldenBullet","floor":7.0,"key":"SMITH"},{"data":"hermit:Combo","floor":15.0,"key":"SMITH"},{"data":"hermit:WideOpen","floor":23.0,"key":"SMITH"},{"data":"hermit:Quickdraw","floor":25.0,"key":"SMITH"},{"data":"hermit:Scavenge","floor":28.0,"key":"SMITH"},{"floor":32.0,"key":"REST"},{"floor":40.0,"key":"REST"},{"data":"hermit:FromBeyond","floor":42.0,"key":"SMITH"}],"circlet_count":0,"master_deck":["hermit:Strike_Hermit+1","hermit:Defend_Hermit+1","hermit:Defend_Hermit+1","hermit:Defend_Hermit+1","hermit:Snapshot","hermit:Covet","hermit:GoldenBullet+1","hermit:WideOpen+1","hermit:Reprieve","hermit:BlackWind","hermit:Combo+1","hermit:Vantage","hermit:FromBeyond+1","hermit:Misfire","hermit:Snipe","hermit:NoHoldsBarred","hermit:Quickdraw+1","hermit:Scavenge+1","hermit:TakeAim+1","Decay","hermit:DeadOrAlive"],"relics":["hermit:Momento","TungstenRod","StrikeDummy","Dream Catcher","hermit:RedScarf","Sozu","Oddly Smooth Stone","Regal Pillow","Frozen Egg 2","Busted Crown","Unceasing Top","Letter Opener","Pantograph"],"acts_visited":["Exordium","TheCity","TheBeyond"],"potions_floor_usage":[44,46],"damage_taken":[{"damage":2.0,"enemies":"Small Slimes","floor":1.0,"turns":4.0},{"damage":1.0,"enemies":"Cultist","floor":2.0,"turns":3.0},{"damage":0.0,"enemies":"2 Louse","floor":3.0,"turns":2.0},{"damage":18.0,"enemies":"Gremlin Nob","floor":6.0,"turns":3.0},{"damage":6.0,"enemies":"Blue Slaver","floor":8.0,"turns":5.0},{"damage":13.0,"enemies":"3 Sentries","floor":10.0,"turns":7.0},{"damage":0.0,"enemies":"Exordium Wildlife","floor":12.0,"turns":1.0},{"damage":18.0,"enemies":"Lagavulin","floor":13.0,"turns":5.0},{"damage":0.0,"enemies":"2 Fungi Beasts","floor":14.0,"turns":1.0},{"damage":23.0,"enemies":"Hexaghost","floor":16.0,"turns":11.0},{"damage":8.0,"enemies":"3 Byrds","floor":18.0,"turns":6.0},{"damage":11.0,"enemies":"Shell Parasite","floor":19.0,"turns":4.0},{"damage":12.0,"enemies":"Gremlin Leader","floor":24.0,"turns":5.0},{"damage":10.0,"enemies":"Chosen and Byrds","floor":27.0,"turns":3.0},{"damage":20.0,"enemies":"Slavers","floor":29.0,"turns":3.0},{"damage":12.0,"enemies":"Champ","floor":33.0,"turns":8.0},{"damage":37.0,"enemies":"Orb Walker","floor":35.0,"turns":4.0},{"damage":32.0,"enemies":"3 Darklings","floor":36.0,"turns":4.0},{"damage":5.0,"enemies":"Sphere and 2 Shapes","floor":37.0,"turns":4.0},{"damage":9.0,"enemies":"Giant Head","floor":41.0,"turns":6.0},{"damage":49,"enemies":"Reptomancer","floor":44,"turns":6},{"damage":0,"enemies":"Jaw Worm Horde","floor":45,"turns":2},{"damage":6,"enemies":"Writhing Mass","floor":46,"turns":3},{"damage":4,"enemies":"Nemesis","floor":47,"turns":1}],"seed_played":"8906407745711896110","potions_obtained":[{"floor":3.0,"key":"Explosive Potion"},{"floor":4.0,"key":"Ancient Potion"},{"floor":4.0,"key":"Energy Potion"},{"floor":6.0,"key":"hermit:Eclipse"},{"floor":13.0,"key":"hermit:Eclipse"},{"floor":14.0,"key":"GamblersBrew"},{"floor":16.0,"key":"Block Potion"}],"is_trial":false,"path_per_floor":["M","M","M","?","$","E","R","M","T","E","$","M","E","M","R","B",null,"M","M","$","?","?","R","E","R","T","M","R","E","$","?","R","B",null,"M","M","M","?","?","R","E","R","T","E","M","M","E"],"character_chosen":"HERMIT","items_purchased":["hermit:Reprieve","Fire Potion","hermit:Misfire","hermit:TakeAim+1"],"campfire_rested":2,"item_purchase_floors":[5,11,20,30],"current_hp_per_floor":[80,79,79,79,79,61,61,55,55,46,46,46,32,32,32,9,82,74,63,63,63,63,63,55,55,55,45,45,25,25,25,64,60,82,49,25,24,24,24,63,54,54,54,9,9,3,0,0],"gold":604,"neow_bonus":"TEN_PERCENT_HP_BONUS","is_daily":false,"chose_seed":false,"campfire_upgraded":6,"win_rate":0.0,"timestamp":1609766158,"path_taken":["M","M","M","?","?","E","R","M","T","E","$","M","E","M","R","BOSS","M","M","$","?","?","R","E","R","T","M","R","E","$","?","R","BOSS","M","M","M","?","?","R","E","R","T","E","M","M","E"],"items_purchased_type":["Card","Potion","Card","Card"],"build_version":"2020-12-22","purchased_purges":1,"victory":false,"max_hp_per_floor":[82,82,82,82,82,82,82,82,82,82,82,82,82,82,82,82,82,82,82,82,82,82,82,82,82,82,82,82,82,82,82,82,82,82,82,82,82,82,82,82,82,82,82,82,82,82,82,82],"relic_stats":{"Sozu":5,"Dream Catcher":2,"Regal Pillow":30,"Busted Crown":18,"counters":[24,101],"Pantograph":0,"Letter Opener":[25],"obtain_stats":[{"Regal Pillow":26,"Oddly Smooth Stone":24,"Letter Opener":43,"Frozen Egg 2":29,"Sozu":17,"Dream Catcher":10,"Busted Crown":34,"Pantograph":44,"hermit:RedScarf":13,"StrikeDummy":9,"hermit:Momento":0,"TungstenRod":6,"Unceasing Top":41},{"Regal Pillow":13,"Oddly Smooth Stone":13,"Letter Opener":20,"Frozen Egg 2":15,"Sozu":10,"Dream Catcher":6,"Busted Crown":16,"Pantograph":21,"hermit:RedScarf":8,"StrikeDummy":5,"hermit:Momento":0,"TungstenRod":4,"Unceasing Top":20},{"Regal Pillow":57,"Oddly Smooth Stone":57,"Letter Opener":89,"Frozen Egg 2":63,"Sozu":42,"Dream Catcher":24,"Busted Crown":71,"Pantograph":95,"hermit:RedScarf":30,"StrikeDummy":17,"hermit:Momento":0,"TungstenRod":12,"Unceasing Top":89}],"TungstenRod":56,"Unceasing Top":[0]},"card_choices":[{"not_picked":["hermit:Misfire","hermit:Ricochet"],"picked":"hermit:GoldenBullet","floor":1.0},{"not_picked":["hermit:HighCaliber","hermit:Headshot"],"picked":"hermit:WideOpen","floor":2.0},{"not_picked":["hermit:Feint","hermit:ItchyTrigger","hermit:Snipe"],"picked":"SKIP","floor":3.0},{"not_picked":["hermit:HighNoon","hermit:TrackingShot","hermit:Vantage"],"picked":"SKIP","floor":6.0},{"not_picked":["hermit:TrackingShot","hermit:Feint","hermit:Snipe"],"picked":"SKIP","floor":8.0},{"not_picked":["hermit:Feint","hermit:Roulette","hermit:Horror"],"picked":"SKIP","floor":10.0},{"not_picked":["hermit:LowProfile","hermit:Snipe"],"picked":"hermit:BlackWind","floor":12.0},{"not_picked":["hermit:BigShot","hermit:LoneWolf"],"picked":"hermit:Combo","floor":13.0},{"not_picked":["hermit:Feint","hermit:Cheat"],"picked":"hermit:Vantage","floor":14.0},{"not_picked":["hermit:HeroicBravado","hermit:RoundhouseKick"],"picked":"hermit:FromBeyond","floor":16.0},{"not_picked":["hermit:Headshot","hermit:LuckOfTheDraw","hermit:Coalescence"],"picked":"SKIP","floor":18.0},{"not_picked":["hermit:CalledShot","hermit:Showdown","hermit:Snipe"],"picked":"SKIP","floor":19.0},{"not_picked":["hermit:Coalescence","hermit:CalledShot"],"picked":"hermit:Quickdraw","floor":24.0},{"not_picked":["hermit:CursedWeapon","hermit:Snipe"],"picked":"hermit:Scavenge","floor":27.0},{"not_picked":["hermit:FullyLoaded","hermit:Spite+1","hermit:LuckOfTheDraw"],"picked":"SKIP","floor":29.0},{"not_picked":["hermit:HeroicBravado","hermit:RoundhouseKick"],"picked":"hermit:DeadOrAlive","floor":33.0},{"not_picked":["hermit:SprayPray"],"picked":"SKIP","floor":35.0},{"not_picked":["hermit:Glare"],"picked":"SKIP","floor":36.0},{"not_picked":["hermit:CalledShot"],"picked":"SKIP","floor":37.0},{"not_picked":["hermit:Roulette"],"picked":"SKIP","floor":41.0},{"not_picked":["hermit:HighCaliber"],"picked":"SKIP","floor":44},{"not_picked":["hermit:CalledShot+1"],"picked":"SKIP","floor":45},{"not_picked":["hermit:Dive"],"picked":"SKIP","floor":46}],"player_experience":794845,"relics_obtained":[{"floor":6.0,"key":"TungstenRod"},{"floor":9.0,"key":"StrikeDummy"},{"floor":10.0,"key":"Dream Catcher"},{"floor":13.0,"key":"hermit:RedScarf"},{"floor":24.0,"key":"Oddly Smooth Stone"},{"floor":26.0,"key":"Regal Pillow"},{"floor":29.0,"key":"Frozen Egg 2"},{"floor":41.0,"key":"Unceasing Top"},{"floor":43,"key":"Letter Opener"},{"floor":44,"key":"Pantograph"}],"event_choices":[{"damage_healed":0.0,"max_hp_gain":0.0,"max_hp_loss":0.0,"gold_gain":0.0,"event_name":"Lab","player_choice":"Got Potions","floor":4.0,"gold_loss":0.0,"damage_taken":0.0},{"damage_healed":0.0,"max_hp_gain":0.0,"max_hp_loss":0.0,"gold_gain":0.0,"cards_transformed":["hermit:Strike_Hermit","hermit:Strike_Hermit"],"event_name":"Drug Dealer","player_choice":"Became Test Subject","floor":21.0,"gold_loss":0.0,"damage_taken":0.0,"cards_obtained":["hermit:Snipe","hermit:NoHoldsBarred"]},{"damage_healed":0.0,"max_hp_gain":0.0,"max_hp_loss":0.0,"gold_gain":0.0,"event_name":"Back to Basics","player_choice":"Simplicity","floor":22.0,"gold_loss":0.0,"damage_taken":0.0,"cards_upgraded":["hermit:Strike_Hermit","hermit:Defend_Hermit","hermit:Defend_Hermit","hermit:Defend_Hermit","hermit:Defend_Hermit"]},{"damage_healed":0.0,"max_hp_gain":0.0,"max_hp_loss":0.0,"gold_gain":0.0,"event_name":"Forgotten Altar","player_choice":"Smashed Altar","floor":31.0,"gold_loss":0.0,"damage_taken":0.0,"cards_obtained":["Decay"]},{"cards_removed":["hermit:Defend_Hermit"],"damage_healed":0.0,"max_hp_gain":0.0,"max_hp_loss":0.0,"gold_gain":0.0,"event_name":"Falling","player_choice":"Removed Skill","floor":38.0,"gold_loss":0.0,"damage_taken":0.0},{"damage_healed":0.0,"max_hp_gain":0.0,"max_hp_loss":0.0,"gold_gain":0.0,"event_name":"Tomb of Lord Red Mask","player_choice":"Ignored","floor":39.0,"gold_loss":0.0,"damage_taken":0.0}],"is_beta":false,"boss_relics":[{"not_picked":["hermit:DentedPlate","Empty Cage"],"picked":"Sozu"},{"not_picked":["Black Star","Velvet Choker"],"picked":"Busted Crown"}],"items_purged_floors":[20],"is_endless":false,"potions_floor_spawned":[3,6,13,14,16,24,27,33,41,44],"killed_by":"Nemesis","ascension_level":4}}