{"host":"50per11302020","time":1609745911,"event":{"mods":["AchievementEnabler","BaseMod","Colored Map","Minty Spire (QoL Compilation)","Relic Stats","StSLib"],"gold_per_floor":[14,14,34,49,59,86,116,116,116,142,142,162,162,186,186,284,284,304,304,319,319,338,370,370,404,404,404,404,404,420,436,436,538,538,556,604,30,48,58,83,83,113,413,413,440,1,0,26,26,26],"floor_reached":51,"playtime":6177,"items_purged":[],"score":1330,"play_id":"18512490-16f6-4291-b6b1-4e6e48c55e31","local_time":"20210103233831","is_ascension_mode":true,"campfire_choices":[{"data":"Skewer","floor":8.0,"key":"SMITH"},{"floor":11.0,"key":"REST"},{"data":"Noxious Fumes","floor":13.0,"key":"SMITH"},{"data":"Cloak And Dagger","floor":15.0,"key":"SMITH"},{"data":"Blade Dance","floor":24,"key":"SMITH"},{"data":"Storm of Steel","floor":27,"key":"SMITH"},{"floor":32,"key":"REST"},{"data":"A Thousand Cuts","floor":41,"key":"SMITH"},{"data":"Ghostly","floor":44,"key":"SMITH"},{"data":"Acrobatics","floor":49,"key":"SMITH"}],"circlet_count":0,"master_deck":["Strike_G","Strike_G","Strike_G","Strike_G","Defend_G","Defend_G","Defend_G","Defend_G","Defend_G","Survivor","Neutralize","Skewer+1","Dodge and Roll","Acrobatics+1","Noxious Fumes+1","Concentrate","All Out Attack","Cloak And Dagger+1","Doppelganger","Dagger Throw","Noxious Fumes+1","Dodge and Roll","Ghostly","Ghostly","Ghostly+1","Ghostly","Ghostly","Storm of Steel+1","Blade Dance+1","Well Laid Plans+1","Prepared+1","Noxious Fumes","A Thousand Cuts+1","Infinite Blades+1","Blade Dance+1","Panacea+1","Blind+1","Cloak And Dagger+1","Blade Dance+1","Calculated Gamble+1","Acrobatics+1","Footwork","Blade Dance+1","After Image","Infinite Blades+1","Blur+1","Doppelganger+1","Disarm+1"],"relics":["Ring of the Snake","Tough Bandages","Toy Ornithopter","Kunai","Ancient Tea Set","The Courier","Odd Mushroom","HoveringKite","Ginger","Mango","Toxic Egg 2","Enchiridion","Coffee Dripper","Bird Faced Urn","Shuriken","Bottled Tornado","Bottled Flame","Old Coin","Lizard Tail","Bottled Lightning","PrismaticShard","Red Mask","Pantograph"],"acts_visited":["Exordium","TheCity","TheBeyond"],"potions_floor_usage":[23,50,50],"damage_taken":[{"damage":0.0,"enemies":"Small Slimes","floor":1.0,"turns":5.0},{"damage":0.0,"enemies":"Cultist","floor":3.0,"turns":4.0},{"damage":0.0,"enemies":"Jaw Worm","floor":4.0,"turns":3.0},{"damage":0.0,"enemies":"Blue Slaver","floor":5.0,"turns":6.0},{"damage":4.0,"enemies":"Lagavulin","floor":6.0,"turns":7.0},{"damage":28.0,"enemies":"Gremlin Nob","floor":10.0,"turns":5.0},{"damage":0.0,"enemies":"Looter","floor":12.0,"turns":2.0},{"damage":0.0,"enemies":"The Mushroom Lair","floor":14.0,"turns":5.0},{"damage":21.0,"enemies":"The Guardian","floor":16.0,"turns":11.0},{"damage":8.0,"enemies":"3 Byrds","floor":18.0,"turns":5.0},{"damage":0.0,"enemies":"Chosen","floor":20.0,"turns":3.0},{"damage":0.0,"enemies":"Sentry and Sphere","floor":22.0,"turns":6.0},{"damage":9,"enemies":"Book of Stabbing","floor":23,"turns":7},{"damage":5,"enemies":"Slavers","floor":25,"turns":8},{"damage":0,"enemies":"Snake Plant","floor":30,"turns":4},{"damage":0,"enemies":"Centurion and Healer","floor":31,"turns":6},{"damage":0,"enemies":"Champ","floor":33,"turns":13},{"damage":0,"enemies":"3 Darklings","floor":35,"turns":4},{"damage":3,"enemies":"2 Orb Walkers","floor":36,"turns":6},{"damage":0,"enemies":"3 Shapes","floor":38,"turns":3},{"damage":0,"enemies":"3 Darklings","floor":39,"turns":5},{"damage":0,"enemies":"Giant Head","floor":40,"turns":4},{"damage":8,"enemies":"Nemesis","floor":42,"turns":5},{"damage":0,"enemies":"Reptomancer","floor":45,"turns":5},{"damage":1,"enemies":"Giant Head","floor":48,"turns":5},{"damage":0,"enemies":"Donu and Deca","floor":50,"turns":6}],"seed_played":"-6467706749361454522","potions_obtained":[{"floor":1.0,"key":"Energy Potion"},{"floor":4.0,"key":"Energy Potion"},{"floor":14.0,"key":"SneckoOil"},{"floor":20.0,"key":"SkillPotion"},{"floor":25,"key":"SteroidPotion"},{"floor":30,"key":"Block Potion"},{"floor":31,"key":"DistilledChaos"},{"floor":39,"key":"LiquidMemories"}],"is_trial":false,"path_per_floor":["M","?","M","M","M","E","?","R","T","E","R","M","R","?","R","B",null,"M","?","M","?","M","E","R","E","T","R","?","?","M","M","R","B",null,"M","?","$","M","M","E","R","E","T","R","E","$","?","E","R","B",null],"character_chosen":"THE_SILENT","items_purchased":["Panacea+1","Blind+1","Shuriken","Cloak And Dagger+1","Blade Dance+1","Calculated Gamble+1","Acrobatics+1","Footwork","Bottled Lightning","Doppelganger+1","PrismaticShard"],"campfire_rested":2,"item_purchase_floors":[37,37,37,37,37,37,37,37,46,46,46],"current_hp_per_floor":[63,63,63,63,63,59,59,59,59,31,52,52,52,52,52,31,60,52,52,52,35,35,26,26,35,35,35,19,12,12,12,28,28,48,48,45,45,49,54,54,54,46,46,46,54,54,54,53,53,54],"gold":26,"neow_bonus":"ONE_RARE_RELIC","is_daily":false,"chose_seed":false,"campfire_upgraded":8,"win_rate":0.0,"timestamp":1609745911,"path_taken":["M","?","?","M","M","E","?","R","T","E","R","M","R","?","R","BOSS","M","?","?","?","M","E","R","E","T","R","?","?","M","M","R","BOSS","M","?","$","M","M","E","R","E","T","R","E","$","?","E","R","BOSS"],"items_purchased_type":["Card","Card","Relic","Card","Card","Card","Card","Card","Relic","Card","Relic"],"build_version":"2020-12-18","purchased_purges":0,"victory":true,"max_hp_per_floor":[70,70,70,70,70,70,70,70,70,70,70,70,70,70,70,70,70,70,70,70,35,35,35,35,49,49,49,49,54,54,54,54,54,54,54,54,54,54,54,54,54,54,54,54,54,54,54,54,54,54],"relic_stats":{"Tough Bandages":[645],"Lizard Tail":0,"counters":[26,143],"Shuriken":[50],"Bird Faced Urn":[17],"Pantograph":1,"HoveringKite":[67],"Kunai":[104],"Ginger":[13],"obtain_stats":[{"HoveringKite":17,"Enchiridion":28,"Mango":25,"The Courier":10,"Ginger":23,"Odd Mushroom":14,"Bottled Tornado":40,"Ancient Tea Set":9,"PrismaticShard":46,"Old Coin":43,"Tough Bandages":0,"Bottled Flame":42,"Lizard Tail":45,"Shuriken":37,"Bird Faced Urn":36,"Pantograph":48,"Coffee Dripper":34,"Red Mask":47,"Kunai":7,"Bottled Lightning":46,"Toxic Egg 2":26,"Toy Ornithopter":6,"Ring of the Snake":0},{"HoveringKite":9,"Enchiridion":14,"Mango":14,"The Courier":6,"Ginger":13,"Odd Mushroom":8,"Bottled Tornado":22,"Ancient Tea Set":5,"PrismaticShard":24,"Old Coin":23,"Tough Bandages":0,"Bottled Flame":23,"Lizard Tail":24,"Shuriken":19,"Bird Faced Urn":19,"Pantograph":25,"Coffee Dripper":17,"Red Mask":24,"Kunai":5,"Bottled Lightning":24,"Toxic Egg 2":14,"Toy Ornithopter":5,"Ring of the Snake":0},{"HoveringKite":48,"Enchiridion":77,"Mango":77,"The Courier":30,"Ginger":69,"Odd Mushroom":37,"Bottled Tornado":122,"Ancient Tea Set":25,"PrismaticShard":132,"Old Coin":127,"Tough Bandages":0,"Bottled Flame":127,"Lizard Tail":132,"Shuriken":110,"Bird Faced Urn":110,"Pantograph":137,"Coffee Dripper":100,"Red Mask":132,"Kunai":25,"Bottled Lightning":132,"Toxic Egg 2":77,"Toy Ornithopter":25,"Ring of the Snake":0}],"Toy Ornithopter":0,"Ring of the Snake":[52]},"card_choices":[{"not_picked":["Eviscerate","Choke"],"picked":"Skewer","floor":1.0},{"not_picked":["Deflect","Cloak And Dagger"],"picked":"Dodge and Roll","floor":3.0},{"not_picked":["Infinite Blades","Quick Slash"],"picked":"Acrobatics","floor":4.0},{"not_picked":["Quick Slash","Bane"],"picked":"Noxious Fumes","floor":5.0},{"not_picked":["Catalyst","Backflip"],"picked":"Concentrate","floor":6.0},{"not_picked":["Die Die Die","Masterful Stab"],"picked":"All Out Attack","floor":10.0},{"not_picked":["Flying Knee","Endless Agony"],"picked":"Cloak And Dagger","floor":12.0},{"not_picked":["Bullet Time","Glass Knife"],"picked":"Doppelganger","floor":16.0},{"not_picked":["Skewer+1","PiercingWail"],"picked":"Dagger Throw","floor":18.0},{"not_picked":["Sucker Punch","Flechettes"],"picked":"Dodge and Roll","floor":20.0},{"not_picked":["Outmaneuver","Prepared"],"picked":"Storm of Steel","floor":22.0},{"not_picked":["Expertise","Quick Slash"],"picked":"Blade Dance","floor":23},{"not_picked":["Flechettes","Heel Hook"],"picked":"Well Laid Plans+1","floor":25},{"not_picked":["Dagger Spray","Eviscerate"],"picked":"Prepared+1","floor":30},{"not_picked":["Quick Slash","Expertise+1"],"picked":"Noxious Fumes","floor":31},{"not_picked":["Burst+1","Phantasmal Killer+1"],"picked":"A Thousand Cuts","floor":33},{"not_picked":["Caltrops+1","Tactician+1"],"picked":"Infinite Blades+1","floor":35},{"not_picked":["Outmaneuver+1","Quick Slash+1"],"picked":"Blade Dance+1","floor":36},{"not_picked":["Flechettes","Quick Slash"],"picked":"Blade Dance+1","floor":38},{"not_picked":["Flying Knee","Escape Plan+1"],"picked":"After Image","floor":39},{"not_picked":["Deflect+1","Quick Slash"],"picked":"Infinite Blades+1","floor":40},{"not_picked":["Blade Dance+1","Dagger Throw"],"picked":"Blur+1","floor":42},{"not_picked":["Finisher+1","Deflect+1","Flechettes+1"],"picked":"SKIP","floor":45},{"not_picked":["Perfected Strike","Anger+1"],"picked":"Disarm+1","floor":48}],"player_experience":73625,"relics_obtained":[{"floor":6.0,"key":"Toy Ornithopter"},{"floor":9.0,"key":"Ancient Tea Set"},{"floor":10.0,"key":"The Courier"},{"floor":14.0,"key":"Odd Mushroom"},{"floor":23,"key":"Ginger"},{"floor":25,"key":"Mango"},{"floor":26,"key":"Toxic Egg 2"},{"floor":28,"key":"Enchiridion"},{"floor":36,"key":"Bird Faced Urn"},{"floor":40,"key":"Bottled Tornado"},{"floor":42,"key":"Bottled Flame"},{"floor":43,"key":"Old Coin"},{"floor":45,"key":"Lizard Tail"},{"floor":48,"key":"Pantograph"}],"event_choices":[{"cards_removed":["Strike_G"],"damage_healed":0.0,"max_hp_gain":0.0,"max_hp_loss":0.0,"gold_gain":0.0,"event_name":"Wheel of Change","player_choice":"Card Removal","floor":2.0,"gold_loss":0.0,"damage_taken":0.0},{"damage_healed":0.0,"max_hp_gain":0.0,"max_hp_loss":0.0,"gold_gain":30.0,"event_name":"Dead Adventurer","player_choice":"Searched \u00273\u0027 times","floor":7.0,"gold_loss":0.0,"damage_taken":0.0,"relics_obtained":["Kunai"]},{"damage_healed":0.0,"max_hp_gain":0.0,"max_hp_loss":0.0,"gold_gain":0.0,"event_name":"Mushrooms","player_choice":"Fought Mushrooms","floor":14.0,"gold_loss":0.0,"damage_taken":0.0},{"damage_healed":0.0,"max_hp_gain":0.0,"max_hp_loss":0.0,"gold_gain":0.0,"event_name":"Duplicator","player_choice":"Copied","floor":19.0,"gold_loss":0.0,"damage_taken":0.0,"cards_obtained":["Noxious Fumes"]},{"damage_healed":0.0,"max_hp_gain":0.0,"max_hp_loss":35.0,"gold_gain":0.0,"event_name":"Ghosts","player_choice":"Became a Ghost","floor":21.0,"gold_loss":0.0,"damage_taken":0.0,"cards_obtained":["Ghostly","Ghostly","Ghostly","Ghostly","Ghostly"]},{"damage_healed":0,"gold_gain":0,"player_choice":"Obtained Book","damage_taken":16,"max_hp_gain":0,"max_hp_loss":0,"event_name":"Cursed Tome","floor":28,"gold_loss":0},{"damage_healed":0,"gold_gain":0,"player_choice":"Shed Blood","damage_taken":12,"max_hp_gain":5,"max_hp_loss":0,"event_name":"Forgotten Altar","floor":29,"gold_loss":0},{"damage_healed":0,"gold_gain":0,"player_choice":"Fight","damage_taken":0,"max_hp_gain":0,"max_hp_loss":0,"event_name":"Mysterious Sphere","floor":36,"gold_loss":0},{"damage_healed":0,"gold_gain":0,"player_choice":"Paid","damage_taken":0,"relics_obtained":["Red Mask"],"max_hp_gain":0,"max_hp_loss":0,"event_name":"Tomb of Lord Red Mask","floor":47,"gold_loss":1}],"is_beta":true,"boss_relics":[{"not_picked":["Philosopher\u0027s Stone","Busted Crown"],"picked":"HoveringKite"},{"not_picked":["Ring of the Serpent","Runic Dome"],"picked":"Coffee Dripper"}],"items_purged_floors":[],"is_endless":false,"potions_floor_spawned":[1,4,14,20,25,30,31,39,40,42,48],"ascension_level":7}}