{"host":"m6aaltr68g9tvoay","time":1609732760,"event":{"mods":["AchievementEnabler","BaseMod","Colored Map","Minty Spire (QoL Compilation)","StSLib"],"gold_per_floor":[109,109,32,44,54,54,118,118,196,196,196,144,174,184,184,261,261,271,271,290,205,205,205,205,205],"floor_reached":24,"playtime":843,"items_purged":[],"score":365,"play_id":"e7364524-b37d-4330-abe1-c439a28d8010","local_time":"20210103195920","is_ascension_mode":true,"campfire_choices":[{"data":"Body Slam","floor":6,"key":"SMITH"},{"data":"Rampage","floor":8,"key":"SMITH"},{"data":"Rage","floor":10,"key":"SMITH"},{"data":"Shockwave","floor":15,"key":"SMITH"},{"floor":23,"key":"REST"}],"circlet_count":0,"master_deck":["AscendersBane","Strike_R","Strike_R","Strike_R+1","Defend_R","Defend_R","Defend_R","Defend_R","Bash+1","Body Slam+1","Rampage+1","Rage+1","Shockwave+1","Shockwave+1","Shrug It Off+1","Exhume+1","Juggernaut","Whirlwind"],"relics":["Burning Blood","Whetstone","Toxic Egg 2","The Courier","SacredBark","Letter Opener","Nilry\u0027s Codex"],"acts_visited":["Exordium","TheCity"],"potions_floor_usage":[4,5,13,16,16,20,24],"damage_taken":[{"damage":5,"enemies":"2 Louse","floor":1,"turns":3},{"damage":2,"enemies":"Cultist","floor":4,"turns":4},{"damage":1,"enemies":"Small Slimes","floor":5,"turns":4},{"damage":12,"enemies":"3 Sentries","floor":13,"turns":8},{"damage":4,"enemies":"Blue Slaver","floor":14,"turns":3},{"damage":34,"enemies":"Hexaghost","floor":16,"turns":16},{"damage":25,"enemies":"3 Byrds","floor":18,"turns":7},{"damage":4,"enemies":"Shell Parasite","floor":20,"turns":5},{"damage":60,"enemies":"Gremlin Leader","floor":24,"turns":5}],"seed_played":"7235104385871258930","potions_obtained":[{"floor":4,"key":"EntropicBrew"},{"floor":5,"key":"SpeedPotion"},{"floor":13,"key":"HeartOfIron"},{"floor":16,"key":"HeartOfIron"},{"floor":20,"key":"DistilledChaos"}],"is_trial":false,"path_per_floor":["M","?","$","M","M","R","?","R","T","R","?","$","E","M","R","B",null,"M","?","M","?","?","R","E"],"character_chosen":"IRONCLAD","items_purchased":["Rampage","Shrug It Off+1"],"campfire_rested":1,"item_purchase_floors":[3,12],"current_hp_per_floor":[69,69,69,73,75,75,75,75,75,75,75,75,69,71,71,43,67,48,48,50,50,29,51,0,0],"gold":205,"neow_bonus":"RANDOM_COMMON_RELIC","is_daily":false,"chose_seed":false,"campfire_upgraded":4,"win_rate":0.0,"timestamp":1609732760,"path_taken":["M","?","?","M","M","R","?","R","T","R","?","$","E","M","R","BOSS","M","?","M","?","?","R","E"],"items_purchased_type":["Card","Card"],"build_version":"2020-12-22","purchased_purges":0,"victory":false,"max_hp_per_floor":[75,75,75,75,75,75,75,75,75,75,75,75,75,75,75,75,75,75,75,75,75,75,75,75,75],"card_choices":[{"not_picked":["Wild Strike","Rupture"],"picked":"Body Slam","floor":1},{"not_picked":["Iron Wave","Shrug It Off"],"picked":"Rage","floor":4},{"not_picked":["Rage","Combust"],"picked":"Shockwave","floor":5},{"not_picked":["Rampage","Clash"],"picked":"Exhume+1","floor":13},{"not_picked":["Heavy Blade","Sword Boomerang","Sever Soul"],"picked":"SKIP","floor":14},{"not_picked":["Brutality","Berserk"],"picked":"Juggernaut","floor":16},{"not_picked":["Combust","Wild Strike","Rampage"],"picked":"SKIP","floor":18},{"not_picked":["Flex+1","Shrug It Off+1"],"picked":"Whirlwind","floor":20}],"player_experience":1332421,"relics_obtained":[{"floor":9,"key":"Toxic Egg 2"},{"floor":13,"key":"The Courier"},{"floor":22,"key":"Nilry\u0027s Codex"}],"event_choices":[{"cards_removed":["Strike_R"],"damage_healed":0,"gold_gain":0,"player_choice":"Purged","damage_taken":0,"max_hp_gain":0,"max_hp_loss":0,"event_name":"Purifier","floor":2,"gold_loss":0},{"damage_healed":0,"gold_gain":64,"player_choice":"Gained Gold","damage_taken":0,"max_hp_gain":0,"max_hp_loss":0,"event_name":"Golden Wing","floor":7,"gold_loss":0},{"damage_healed":0,"gold_gain":0,"cards_transformed":["Strike_R"],"player_choice":"Change","damage_taken":0,"max_hp_gain":0,"max_hp_loss":0,"event_name":"Living Wall","floor":11,"gold_loss":0,"cards_obtained":["Shockwave"]},{"damage_healed":0,"gold_gain":0,"player_choice":"Ignored","damage_taken":0,"max_hp_gain":0,"max_hp_loss":0,"event_name":"Ghosts","floor":19,"gold_loss":0},{"damage_healed":0,"gold_gain":0,"player_choice":"Obtained Relic","damage_taken":0,"relics_obtained":["Letter Opener"],"max_hp_gain":0,"max_hp_loss":0,"event_name":"Addict","floor":21,"gold_loss":85},{"damage_healed":0,"gold_gain":0,"player_choice":"Obtained Book","damage_taken":21,"max_hp_gain":0,"max_hp_loss":0,"event_name":"Cursed Tome","floor":22,"gold_loss":0}],"is_beta":false,"boss_relics":[{"not_picked":["Pandora\u0027s Box","Mark of Pain"],"picked":"SacredBark"}],"items_purged_floors":[],"is_endless":false,"potions_floor_spawned":[4,5,13,16,20],"killed_by":"Gremlin Leader","ascension_level":18}}