{"host":"dn6kke80v5f7isus","time":1609794111,"event":{"mods":["AchievementEnabler","Act Like it!","BaseMod","Colored Powertips","Custom Start","Defuse TimeMaze Blight","Downfall","Duelist Mod","Gremlin Skip","Highlight Path","Hubris","Infinite Spire","Minty Spire (QoL Compilation)","Rare Cards Sparkle","Replay The Spire","StSLib","The Cursed","Uncapped"],"gold_per_floor":[139,139,152,110,110,136,136,150,150,93,121,121,140,140,140,237,237,250,263,188,200,200,229,229,258,258,258,258,302,333,333,333,442,442,466,466,466,491,491,525,525,560,584,594,604,388,388,388],"floor_reached":47,"playtime":1928,"items_purged":[],"score":757,"play_id":"ee3d2239-0573-41c0-aa89-89b7dfd9cb0b","local_time":"20210104160151","is_ascension_mode":true,"campfire_choices":[{"data":"theDuelist:ShallowGrave","floor":7,"key":"SMITH"},{"data":"theDuelist:PainPainter","floor":12,"key":"SMITH"},{"data":"theDuelist:PatricianDarkness","floor":15,"key":"SMITH"},{"data":"theDuelist:UniZombie","floor":24,"key":"SMITH"},{"data":"theDuelist:Wightprincess","floor":27,"key":"SMITH"},{"floor":32,"key":"REST"},{"data":"theDuelist:MonsterReborn","floor":41,"key":"SMITH"}],"circlet_count":0,"master_deck":["theDuelist:ZombieCorpse","theDuelist:ZombieCorpse","theDuelist:ZombieCorpse","theDuelist:ZombieCorpse","theDuelist:ZombieCorpse","theDuelist:ZombieCorpse","theDuelist:ArmoredZombie","theDuelist:ArmoredZombie","theDuelist:ArmoredZombie","theDuelist:ClownZombie","theDuelist:ClownZombie","theDuelist:PatricianDarkness+1","theDuelist:ShallowGrave+1","theDuelist:SkullConductor","theDuelist:TutanMask","theDuelist:VampireFraulein","theDuelist:PainPainter+1","theDuelist:GhostrickMansion","theDuelist:GhostrickMansion","theDuelist:DecayedCommander","theDuelist:FlameGhost","theDuelist:PlaguespreaderZombie+1","theDuelist:Wightprincess+1","theDuelist:UniZombie+1","theDuelist:OverpoweringEye+1","theDuelist:MonsterReborn+1","theDuelist:GhostrickMummy+1","theDuelist:RegenMummy","theDuelist:TriWight","theDuelist:MammothGraveyard"],"relics":["theDuelist:MillenniumPuzzle","theDuelist:CardPoolRelic","theDuelist:CardPoolBasicRelic","theDuelist:BoosterPackPoolRelic","theDuelist:CardPoolAddRelic","theDuelist:CardPoolMinusRelic","theDuelist:CardPoolSaveRelic","theDuelist:CardPoolOptionsRelic","theDuelist:NamelessPowerRelicA","Replay:Baseball","Omamori","Strawberry","Another Sword","Astrolabe","Blue Doll","theDuelist:MerchantNecklace","Toy Ornithopter","Red Mask","Coffee Dripper","hubris:Metronome","Replay:Bottled Steam","Smiling Mask","theDuelist:MerchantNecklace"],"acts_visited":["Exordium","TheCity","TheBeyond"],"potions_floor_usage":[6,16,19,29,29,33,38,40,42,42,42,45],"damage_taken":[{"damage":0,"enemies":"Small Slimes","floor":1,"turns":5},{"damage":0,"enemies":"Cultist","floor":3,"turns":3},{"damage":12,"enemies":"Lagavulin","floor":6,"turns":6},{"damage":0,"enemies":"Jaw Worm","floor":8,"turns":2},{"damage":11,"enemies":"Gremlin Nob","floor":11,"turns":4},{"damage":0,"enemies":"Blue Slaver","floor":13,"turns":3},{"damage":0,"enemies":"Hexaghost","floor":16,"turns":2},{"damage":0,"enemies":"Shell Parasite","floor":18,"turns":4},{"damage":0,"enemies":"3 Byrds","floor":19,"turns":3},{"damage":0,"enemies":"Snecko","floor":21,"turns":2},{"damage":0,"enemies":"Gremlin Leader","floor":23,"turns":2},{"damage":0,"enemies":"Book of Stabbing","floor":25,"turns":2},{"damage":53,"enemies":"Slavers","floor":29,"turns":5},{"damage":0,"enemies":"Masked Bandits","floor":30,"turns":2},{"damage":29,"enemies":"Collector","floor":33,"turns":6},{"damage":0,"enemies":"Orb Walker","floor":35,"turns":1},{"damage":20,"enemies":"3 Darklings","floor":38,"turns":4},{"damage":0,"enemies":"R_Hoarder","floor":40,"turns":4},{"damage":4,"enemies":"Reptomancer","floor":42,"turns":2},{"damage":39,"enemies":"4 Shapes","floor":44,"turns":1},{"damage":0,"enemies":"Writhing Mass","floor":45,"turns":2},{"damage":54,"enemies":"Nightmare","floor":47,"turns":3}],"seed_played":"-6796024733533021041","potions_obtained":[{"floor":0,"key":"SmokeBomb"},{"floor":0,"key":"theDuelist:TokenPotionB"},{"floor":0,"key":"Fire Potion"},{"floor":6,"key":"AttackPotion"},{"floor":21,"key":"theDuelist:Bonebrew"},{"floor":25,"key":"ColorlessPotion"},{"floor":30,"key":"Energy Potion"},{"floor":37,"key":"theDuelist:SealedPackD"},{"floor":37,"key":"theDuelist:MagicalCauldron"},{"floor":37,"key":"Ancient Potion"},{"floor":38,"key":"Block Potion"},{"floor":40,"key":"Block Potion"},{"floor":44,"key":"Ancient Potion"}],"is_trial":false,"path_per_floor":["M","?","M","?","T","E","R","M","T","$","E","R","M","?","R","B",null,"M","M","$","M","?","E","R","E","T","R","?","E","?","?","R","B",null,"M","?","?","M","?","E","R","E","T","M","M","?","NM"],"character_chosen":"THE_DUELIST","items_purchased":["theDuelist:GhostrickMansion","theDuelist:Wightprincess","theDuelist:VampireLady"],"campfire_rested":1,"item_purchase_floors":[10,20,20],"current_hp_per_floor":[80,80,80,80,80,68,68,68,75,75,64,64,64,64,64,64,87,87,87,87,87,87,87,87,87,87,87,87,34,34,17,44,20,92,92,92,92,72,72,77,77,86,86,47,52,52,0,0],"gold":388,"neow_bonus":"THREE_SMALL_POTIONS","is_daily":false,"chose_seed":false,"campfire_upgraded":6,"win_rate":0.0,"timestamp":1609794111,"path_taken":["M","?","?","?","?","E","R","M","T","?","E","R","?","?","R","BOSS","M","M","$","M","?","E","R","E","T","R","?","E","?","?","R","BOSS","M","?","?","?","?","E","R","E","T","?","M","?","NM"],"items_purchased_type":["Card","Card","Card"],"build_version":"2020-12-22","purchased_purges":0,"victory":false,"max_hp_per_floor":[80,80,80,80,80,80,80,80,87,87,87,87,87,87,87,87,87,87,87,87,87,87,87,87,87,87,87,87,87,87,92,92,92,92,92,92,92,91,91,90,90,90,90,90,90,90,90,90],"card_choices":[{"not_picked":["theDuelist:Miscellaneousaurus","theDuelist:CrimsonKnightVampire"],"picked":"theDuelist:VendreadHoundhorde","floor":1},{"not_picked":["theDuelist:VampireDragon","theDuelist:VampireBaby","theDuelist:YukiOnnaAbsolute","theDuelist:YukiMusume"],"picked":"theDuelist:VampireFraulein","floor":3},{"not_picked":["theDuelist:Tsukahagi","theDuelist:VendreadCore","theDuelist:ParallelWorldFusion","theDuelist:GoblinZombie"],"picked":"theDuelist:GhostrickAlucard","floor":6},{"not_picked":["theDuelist:ZombieNecronize","theDuelist:SuperPolymerization","theDuelist:Dakki","theDuelist:ParallelWorldFusion"],"picked":"theDuelist:PainPainter","floor":8},{"not_picked":["theDuelist:VampireGrimson","theDuelist:GhostrickSkeleton","theDuelist:GhostrickJiangshi","theDuelist:Yoko"],"picked":"theDuelist:VampireRedBaron","floor":11},{"not_picked":["theDuelist:GhostrickMansion"],"picked":"SKIP","floor":13},{"not_picked":["theDuelist:VendreadDaybreak","theDuelist:UltraPolymerization","theDuelist:SoulRelease","theDuelist:Scapeghost"],"picked":"theDuelist:DecayedCommander","floor":16},{"not_picked":["theDuelist:Relinkuriboh+1","theDuelist:FossilDragon","theDuelist:GhostrickSocuteboss","theDuelist:GigastoneOmega"],"picked":"theDuelist:FlameGhost","floor":18},{"not_picked":["theDuelist:CorrodingShark+1","theDuelist:ShiranuiSolitaire+1","theDuelist:OneForOne+1","theDuelist:ChangeHeart"],"picked":"theDuelist:PlaguespreaderZombie+1","floor":19},{"not_picked":["theDuelist:ZombieWarrior","theDuelist:FusionTag","theDuelist:IlBlud","theDuelist:BoneMouse"],"picked":"theDuelist:UniZombie","floor":21},{"not_picked":["theDuelist:VampireFraulein+1","theDuelist:RevendreadExecutor","theDuelist:AvendreadSavior","theDuelist:GhostrickMummy"],"picked":"theDuelist:GhostrickStein","floor":23},{"not_picked":["theDuelist:VampireGrace","theDuelist:MayakashiWinter","theDuelist:BookLife"],"picked":"SKIP","floor":25},{"not_picked":["theDuelist:VendreadStriges","theDuelist:VendreadNightmare+1","theDuelist:MayakashiWinter","theDuelist:DecayedCommander+1"],"picked":"theDuelist:OverpoweringEye+1","floor":29},{"not_picked":["theDuelist:VendreadStriges","theDuelist:UltraPolymerization","theDuelist:OverpoweringEye","theDuelist:InstantFusion"],"picked":"theDuelist:MonsterReborn","floor":33},{"not_picked":["theDuelist:VampireGrace+1","theDuelist:RobbinZombie+1","theDuelist:InstantFusion+1","theDuelist:BookLife+1"],"picked":"theDuelist:ZombieMaster","floor":35},{"not_picked":["theDuelist:GhostrickWarwolf+1","theDuelist:GhostrickStein","theDuelist:GhostrickSpecter","theDuelist:GhostrickSkeleton+1"],"picked":"theDuelist:GhostrickMummy+1","floor":38},{"not_picked":["theDuelist:GhostrickMummy+1","theDuelist:GhostrickJackfrost","theDuelist:GhostrickGhoul+1","theDuelist:GhostrickAlucard+1"],"picked":"theDuelist:GhostrickSkeleton+1","floor":40},{"not_picked":["theDuelist:GhostrickStein","theDuelist:GhostrickSkeleton","theDuelist:Dakki","theDuelist:UltraPolymerization"],"picked":"theDuelist:RegenMummy","floor":42},{"not_picked":["theDuelist:VendreadRevenants+1","theDuelist:OniTankT34+1","theDuelist:RevendreadOrigin","theDuelist:Wightmare+1"],"picked":"theDuelist:TriWight","floor":44},{"not_picked":["theDuelist:OvertexQoatlus","theDuelist:Miscellaneousaurus","theDuelist:FossilSkullknight","theDuelist:Chewbone"],"picked":"theDuelist:MammothGraveyard","floor":45}],"player_experience":519551,"relics_obtained":[{"floor":5,"key":"Replay:Baseball"},{"floor":6,"key":"Omamori"},{"floor":9,"key":"Strawberry"},{"floor":11,"key":"Another Sword"},{"floor":23,"key":"Blue Doll"},{"floor":25,"key":"CeramicFish"},{"floor":26,"key":"theDuelist:MerchantNecklace"},{"floor":29,"key":"Toy Ornithopter"},{"floor":30,"key":"Red Mask"},{"floor":40,"key":"hubris:Metronome"},{"floor":42,"key":"Replay:Bottled Steam"},{"floor":43,"key":"Smiling Mask"}],"event_choices":[{"cards_removed":["theDuelist:ZombieCorpse"],"damage_healed":0,"gold_gain":0,"player_choice":"Purged","damage_taken":0,"max_hp_gain":0,"max_hp_loss":0,"event_name":"Purifier","floor":2,"gold_loss":0},{"power_reward":2,"total_magic_score":18,"gold_gain":0,"duelist":true,"damage_taken":0,"relics_obtained":["theDuelist:NamelessPowerRelicA"],"points":2,"max_hp_gain":0,"max_hp_loss":0,"spent_points":{"magic":0,"greed":0,"war":0,"power":2,"hunger":0},"event_name":"Nameless Tomb","floor":4,"gold_loss":42,"cards_obtained":[]},{"damage_healed":0,"gold_gain":0,"player_choice":"Leave","duelist":true,"damage_taken":0,"max_hp_gain":0,"max_hp_loss":0,"event_name":"Millennium Items","floor":22,"gold_loss":0},{"damage_healed":0,"gold_gain":0,"player_choice":"Ignored","damage_taken":0,"max_hp_gain":0,"max_hp_loss":0,"event_name":"Vampires","floor":28,"gold_loss":0},{"damage_healed":0,"gold_gain":0,"player_choice":"Fought Bandits","damage_taken":0,"max_hp_gain":0,"max_hp_loss":0,"event_name":"Masked Bandits","floor":30,"gold_loss":0},{"damage_healed":0,"gold_gain":0,"player_choice":"Shed Blood","damage_taken":22,"max_hp_gain":5,"max_hp_loss":0,"event_name":"Forgotten Altar","floor":31,"gold_loss":0},{"cards_removed":["theDuelist:VendreadNights"],"damage_healed":0,"gold_gain":0,"player_choice":"Removed Attack","damage_taken":0,"max_hp_gain":0,"max_hp_loss":0,"event_name":"Falling","floor":36,"gold_loss":0},{"damage_healed":0,"gold_gain":0,"player_choice":"Got Potions","damage_taken":0,"max_hp_gain":0,"max_hp_loss":0,"event_name":"Lab","floor":37,"gold_loss":0},{"damage_healed":0,"gold_gain":0,"player_choice":"Scored: 459","duelist":true,"damage_taken":0,"max_hp_gain":0,"max_hp_loss":0,"event_name":"Visit from Anubis","floor":39,"gold_loss":0},{"damage_healed":0,"gold_gain":0,"player_choice":"Duplicated Relic - Merchant\u0027s Necklace","duelist":true,"damage_taken":0,"max_hp_gain":0,"max_hp_loss":0,"event_name":"Relic Duplicator","floor":46,"gold_loss":0}],"is_beta":false,"boss_relics":[{"not_picked":["theDuelist:HauntedRelic","Calling Bell"],"picked":"Astrolabe"},{"not_picked":["hubris:CrackedHourglass","ChewingGum"],"picked":"Coffee Dripper"}],"items_purged_floors":[],"is_endless":false,"potions_floor_spawned":[6,8,13,21,25,30,38,40,44],"killed_by":"Nightmare","ascension_level":1}}