{"host":"emut9mh212kd9b86","time":1609735500,"event":{"mods":["ATMod(°¢èªMod)","Act Like it!","BaseMod","Better Vampires","Gensokyo","KomeijiMod","Minty Spire (QoL Compilation)","MostiFishMod","Shop Mod","Spicy Shops","StSLib","TestMod","noobMod","¡¾ÒÅÎï¿¨ÅÆ¡¿REMEMod"],"gold_per_floor":[-1225,-1197,-1197,-1197,-1185,-1154,-1141,-1110,-1110,-1080,-1080,-1057,-1037,-1026,-1026,-928,-928,-913,-893,-893,-893,-493,-480,-455,-400,-400,-400,-363,-342,-319,-286,-286,-167,-167,-137,-137,-116,-116,-90,-44,-44,-5,-5,-5,20,61,88,127,127,145],"floor_reached":51,"playtime":1892,"items_purged":[],"score":1701,"play_id":"c14a38fc-4c49-4e6e-9efd-edfbdc2f08ab","local_time":"20210104124500","is_ascension_mode":true,"campfire_choices":[{"data":"DamonLordCradle_Remiria","floor":11,"key":"SMITH"},{"data":"AT_BodySlamDance","floor":15,"key":"SMITH"},{"data":"Scratch","floor":27,"key":"SMITH"},{"floor":32,"key":"RECALL"},{"data":"Defend_Remirira","floor":41,"key":"SMITH"},{"data":"Defend_Remirira","floor":49,"key":"SMITH"}],"circlet_count":0,"master_deck":["Strike_Remiria","Strike_Remiria","Strike_Remiria","Strike_Remiria","Defend_Remirira","Defend_Remirira","Defend_Remirira+1","Defend_Remirira+1","Absorbed","MostiFishMod:SpreadingSpore+1","DamonLordCradle_Remiria+1"],"relics":["ThirstyCrossSpe","ice","DaveBox","AT_ATBox","REME_ComplimentaryCards","testmod-AssaultLearning","SynthV:MejaisSoulstealer","AT_EbonyIvory","SynthV:TestCard","Gremlin Horn","Vajra","AT_RedNoBalance","AT_SunfireAegis","Orichalcum","Happy Flower","testmod-TimeTraveler","Gensokyo:MosesMiracle","Regal Pillow","testmod-Acrobat","testmod-RealStoneCalender","Centennial Puzzle","Bag of Preparation","Black Star","AT_ChloranthyRing","Gensokyo:TheCrow","CaptainsWheel","Toxic Egg 2","AT_RedTearstoneRing","Potion Belt","Singing Bowl","TungstenRod","The Courier","StrikeDummy","SynthV:C4"],"acts_visited":["Exordium","Gensokyo:Gensokyo","Gensokyo:Gensokyoer"],"potions_floor_usage":[50],"damage_taken":[{"damage":0,"enemies":"Gensokyo:3_Fairies","floor":1,"turns":3},{"damage":6,"enemies":"Gensokyo:Aya","floor":2,"turns":3},{"damage":0,"enemies":"Gensokyo:2_Kodama","floor":5,"turns":2},{"damage":0,"enemies":"Gensokyo:Mamizou","floor":6,"turns":5},{"damage":0,"enemies":"Gensokyo:Gryphon","floor":7,"turns":1},{"damage":0,"enemies":"Gensokyo:Aya","floor":8,"turns":3},{"damage":0,"enemies":"Gensokyo:Cirno","floor":10,"turns":4},{"damage":0,"enemies":"Gensokyo:3_Kodama","floor":13,"turns":1},{"damage":0,"enemies":"Gensokyo:VengefulSpirit","floor":14,"turns":2},{"damage":4,"enemies":"Gensokyo:Yukari","floor":16,"turns":5},{"damage":0,"enemies":"Gensokyo:Chomper","floor":18,"turns":1},{"damage":0,"enemies":"Gensokyo:2_Gloops","floor":19,"turns":1},{"damage":0,"enemies":"Gensokyo:Swordslinger","floor":23,"turns":1},{"damage":0,"enemies":"Gensokyo:Tenshi","floor":24,"turns":1},{"damage":0,"enemies":"Gensokyo:Reisen","floor":28,"turns":2},{"damage":0,"enemies":"Gensokyo:Chomper_and_Gloop","floor":29,"turns":2},{"damage":0,"enemies":"Gensokyo:3_Gloops","floor":30,"turns":1},{"damage":18,"enemies":"Gensokyo:Koishi","floor":31,"turns":3},{"damage":14,"enemies":"Gensokyo:Kaguya","floor":33,"turns":4},{"damage":0,"enemies":"Gensokyo:3_Boulders","floor":35,"turns":3},{"damage":0,"enemies":"Gensokyo:AncientGuardian","floor":37,"turns":1},{"damage":0,"enemies":"Gensokyo:3_Boulders","floor":39,"turns":1},{"damage":7,"enemies":"Gensokyo:Doremy","floor":40,"turns":3},{"damage":2,"enemies":"Gensokyo:Kasen","floor":42,"turns":3},{"damage":6,"enemies":"Gensokyo:Sharpion","floor":45,"turns":3},{"damage":0,"enemies":"Gensokyo:Doremy","floor":46,"turns":4},{"damage":5,"enemies":"Gensokyo:Dusk_and_Dawn","floor":47,"turns":3},{"damage":0,"enemies":"Gensokyo:Marisa","floor":48,"turns":4},{"damage":40,"enemies":"Gensokyo:Scarlet_Devils","floor":50,"turns":6}],"seed_played":"1300754866763608171","potions_obtained":[{"floor":5,"key":"SteroidPotion"},{"floor":7,"key":"FearPotion"},{"floor":46,"key":"REME_GoldPotion"},{"floor":48,"key":"AttackPotion"}],"is_trial":false,"path_per_floor":["M","?","?","?","M","E","M","E","T","E","R","T","M","M","R","B",null,"M","M","?","?","?","M","E","T","T","R","E","M","M","E","R","B",null,"M","?","M","?","M","E","R","E","T","$","M","E","M","E","R","B",null],"character_chosen":"RemiriaScarlet","items_purchased":[],"campfire_rested":0,"item_purchase_floors":[],"current_hp_per_floor":[90,84,84,84,87,93,93,96,96,80,80,80,50,53,53,61,90,90,90,90,90,90,90,90,90,90,90,93,93,93,80,80,84,96,100,100,100,100,100,93,93,94,94,94,95,104,106,108,108,74],"gold":145,"neow_bonus":"RANDOM_COMMON_RELIC","is_daily":false,"chose_seed":false,"campfire_upgraded":5,"win_rate":0.0,"timestamp":1609735500,"path_taken":["M","?","?","?","M","E","M","E","T","E","R","?","M","M","R","BOSS","M","M","?","?","?","?","E","?","T","R","E","M","M","E","R","BOSS","M","?","M","?","?","E","R","E","T","$","M","E","M","E","R","BOSS"],"items_purchased_type":[],"build_version":"2020-12-22","purchased_purges":0,"victory":true,"max_hp_per_floor":[100,100,100,100,100,100,100,100,100,100,100,100,100,100,100,100,100,100,100,100,100,100,100,100,100,100,100,100,100,100,100,100,100,100,100,100,100,100,100,100,100,100,100,100,102,104,106,108,108,108],"card_choices":[{"not_picked":["PainBurst","DoubleEdge","LifeBreak"],"picked":"SKIP","floor":1},{"not_picked":["StigmaNizer","Exsanguinate","BodyStrengthen","Cripple"],"picked":"DamonLordCradle_Remiria","floor":2},{"not_picked":["ThirstForBlood","Cripple","DemonsDinnerFork_Remiria","Paradox","TricksterDevil"],"picked":"SKIP","floor":5},{"not_picked":["RocketKickup","Reaper_Remiria","BloodCollect","FierceSweep","Warpath"],"picked":"SKIP","floor":6},{"not_picked":["DoubleEdge","Feint","LifeBreak","DamonLordCradle_Remiria","NightDance"],"picked":"SKIP","floor":7},{"not_picked":["LifeBreak","FateEnsemble","RocketKickup","BloodCollect","Septette"],"picked":"SKIP","floor":8},{"not_picked":["Tepes","NightDance","TricksterDevil","BodyStrengthen","DoubleEdge"],"picked":"SKIP","floor":10},{"not_picked":["PainBurst","DamonLordCradle_Remiria","FastHealing","YoungDemonLord","Rewrite"],"picked":"SKIP","floor":13},{"not_picked":["Cripple","FateEnsemble","FierceSweep","BloodySuit","BloodCleaner"],"picked":"SKIP","floor":14},{"not_picked":["TricksterDevil","FastHealing","BodyStrengthen+1","VampirishNight","DamonLordCradle_Remiria"],"picked":"SKIP","floor":18},{"not_picked":["DoubleEdge","LifeBreak","FastHealing","ServantFlier","BloodySuit"],"picked":"SKIP","floor":19},{"not_picked":["ThePrice","DoubleEdge","BombardNight","CruelSlaughter","BloodySuit"],"picked":"SKIP","floor":23},{"not_picked":["FateMeister","DoubleEdge","PartStrengthen","Feint","VampirishNight"],"picked":"SKIP","floor":24},{"not_picked":["RocketKickup","Feint","FierceSweep","NightDance","BloodySuit"],"picked":"SKIP","floor":28},{"not_picked":["RocketKickup","DamonLordCradle_Remiria","StigmaNizer","BloodCollect","BloodySuit"],"picked":"SKIP","floor":29},{"not_picked":["NightDance","BadLadyScramble","BloodCollect","RocketKickup","FierceSweep"],"picked":"SKIP","floor":30},{"not_picked":["Feint","MillenniumVampire","TrickFate","Septette","Rewrite"],"picked":"SKIP","floor":31},{"not_picked":["Feint","BloodCleaner+1","FateMeister","Cripple+1","BloodyMagicSquare"],"picked":"SKIP","floor":35},{"not_picked":["ServantFlier","DemonsDinnerFork_Remiria","DoubleEdge","BodyStrengthen","BloodCleaner+1"],"picked":"SKIP","floor":37},{"not_picked":["DamonLordCradle_Remiria","BloodySuit","BloodCleaner","NightDance","Exsanguinate"],"picked":"SKIP","floor":39},{"not_picked":["CurseofVladTepes","ThePrice+1","MiserableFate_Remiria","ChainGang+1","YoungDemonLord+1"],"picked":"SKIP","floor":40},{"not_picked":["BloodyMagicSquare","FateMeister","Rewrite+1","DoubleEdge+1","Warpath+1"],"picked":"SKIP","floor":42},{"not_picked":["BloodyMagicSquare","DoubleEdge","TrickFate+1","FastHealing+1","BloodCollect+1"],"picked":"Singing Bowl","floor":45},{"not_picked":["NaturallyHealing","BloodyMagicSquare+1","FateCollect+1","DemonsDinnerFork_Remiria+1","VampireClaw"],"picked":"Singing Bowl","floor":46},{"not_picked":["NaturallyHealing","Cripple","Rewrite+1","Tearing+1","CombatMeter"],"picked":"Singing Bowl","floor":47},{"not_picked":["DemonsDinnerFork_Remiria+1","RedtheNightlessCastle","RocketKickup","CurseofVladTepes+1","DoubleEdge"],"picked":"Singing Bowl","floor":48}],"player_experience":373071,"relics_obtained":[{"floor":1,"key":"SynthV:TestCard"},{"floor":2,"key":"Gremlin Horn"},{"floor":6,"key":"Vajra"},{"floor":8,"key":"AT_SilverBalance"},{"floor":9,"key":"AT_SunfireAegis"},{"floor":10,"key":"Orichalcum"},{"floor":12,"key":"Happy Flower"},{"floor":24,"key":"Regal Pillow"},{"floor":25,"key":"testmod-Acrobat"},{"floor":26,"key":"testmod-RealStoneCalender"},{"floor":28,"key":"Gensokyo:MosesMiracle"},{"floor":28,"key":"Centennial Puzzle"},{"floor":31,"key":"Bag of Preparation"},{"floor":40,"key":"CaptainsWheel"},{"floor":40,"key":"Toxic Egg 2"},{"floor":42,"key":"AT_RedTearstoneRing"},{"floor":42,"key":"Potion Belt"},{"floor":43,"key":"Singing Bowl"},{"floor":46,"key":"TungstenRod"},{"floor":46,"key":"The Courier"},{"floor":48,"key":"StrikeDummy"},{"floor":48,"key":"SynthV:C4"}],"event_choices":[{"damage_healed":0,"gold_gain":400,"player_choice":"Sell","damage_taken":0,"max_hp_gain":0,"max_hp_loss":0,"event_name":"¶÷ÂåË¹µÄÅÌ×Ó","floor":22,"relics_lost":["testmod-TestBox"],"gold_loss":0}],"is_beta":false,"boss_relics":[{"not_picked":["Astrolabe","testmod-NegativeEmotionEnhancer"],"picked":"testmod-TimeTraveler"},{"not_picked":["testmod-EnergyCheck","HaiYi:Twilight"],"picked":"Black Star"}],"items_purged_floors":[],"is_endless":false,"potions_floor_spawned":[5,7,8,14,23,29,31,37,40,46,48],"ascension_level":12}}