{"host":"02uosbn8hju1jzqf","time":1609739814,"event":{"mods":["Act Like it!","Arknights The Spire","BaseMod","Colored Powertips","Defective Defect","GifTheSpireLib","Marisa????????","Minty Spire (QoL Compilation)","Reimu??????","StSLib","The Awakened One except there are too many feathers","The Poker Player","Yakumo Yukari mod","everything is the same but u backflip on backflip","??????REMEMod"],"gold_per_floor":[119,194,194,210,229,240,258,258,258],"floor_reached":8,"playtime":753,"items_purged":[],"score":50,"play_id":"61c38f71-db89-4e6f-bfcb-d96e1cc86802","local_time":"20210103215654","is_ascension_mode":false,"campfire_choices":[],"circlet_count":0,"master_deck":["ats:Strike C","ats:Strike G","ats:Strike S","ats:Armor Crushing Shot","ats:Defend","ats:Defend","ats:Defend","ats:Defend","ats:Emotion Absorption","ats:Chain Hook","ats:Apocalypse","ats:Flame Of Heaven","ats:Revitalization","ats:Automatic Cover","ats:Sword Rain"],"relics":["ats:Sanity","REME_ComplimentaryCards","NeowsBlessing"],"acts_visited":["Exordium"],"potions_floor_usage":[8,8,8],"damage_taken":[{"damage":0,"enemies":"Small Slimes","floor":1,"turns":1},{"damage":0,"enemies":"Jaw Worm","floor":4,"turns":1},{"damage":0,"enemies":"Cultist","floor":5,"turns":1},{"damage":7,"enemies":"2 Fungi Beasts","floor":6,"turns":6},{"damage":33,"enemies":"Large Slime","floor":7,"turns":10},{"damage":72,"enemies":"Gremlin Nob","floor":8,"turns":5}],"seed_played":"-5452078459732189904","potions_obtained":[{"floor":4,"key":"SpeedPotion"},{"floor":5,"key":"SteroidPotion"},{"floor":6,"key":"ColorlessPotion"}],"is_trial":false,"path_per_floor":["M","?","?","M","M","M","M","E"],"character_chosen":"DOCTOR_CLASS","items_purchased":[],"campfire_rested":0,"item_purchase_floors":[],"current_hp_per_floor":[72,61,61,61,65,69,54,0,0],"gold":258,"neow_bonus":"THREE_ENEMY_KILL","is_daily":false,"chose_seed":false,"campfire_upgraded":0,"win_rate":0.0,"timestamp":1609739814,"path_taken":["M","?","?","M","M","M","?","E"],"items_purchased_type":[],"build_version":"2020-12-22","purchased_purges":0,"victory":false,"max_hp_per_floor":[72,72,72,72,72,72,72,72,72],"card_choices":[{"not_picked":["ats:Counter Healing Mode","ats:Curse Doll"],"picked":"ats:Apocalypse","floor":1},{"not_picked":["ats:Rapid Magazine","ats:Hammer On"],"picked":"ats:Revitalization","floor":4},{"not_picked":["ats:Revitalization","ats:Childhood Dance"],"picked":"ats:Automatic Cover","floor":5},{"not_picked":["ats:Hammer On","ats:Directed Diagnosis"],"picked":"ats:Sword Rain","floor":6},{"not_picked":["ats:LN2 Cannon","ats:Revitalization","ats:Dogmatic Field"],"picked":"SKIP","floor":7}],"player_experience":115334,"relics_obtained":[],"event_choices":[{"damage_healed":0,"gold_gain":75,"player_choice":"Gather Gold","damage_taken":11,"max_hp_gain":0,"max_hp_loss":0,"event_name":"World of Goop","floor":2,"gold_loss":0},{"damage_healed":0,"gold_gain":0,"cards_transformed":["ats:Strike V"],"player_choice":"Transformed","damage_taken":0,"max_hp_gain":0,"max_hp_loss":0,"event_name":"Transmorgrifier","floor":3,"gold_loss":0,"cards_obtained":["ats:Flame Of Heaven"]}],"is_beta":false,"boss_relics":[],"items_purged_floors":[],"is_endless":false,"potions_floor_spawned":[4,5,6],"killed_by":"Gremlin Nob","ascension_level":0}}