{"host":"640uue19m79c7wbt","time":1609803036,"event":{"mods":["BaseMod","Colored Map","Googly Eyes","Highlight Path","Minty Spire (QoL Compilation)","Quick Restart","StSLib"],"gold_per_floor":[109,109,109,34,59,95,95,113,165,186,211,211,211],"floor_reached":12,"playtime":301,"items_purged":["Strike_G"],"score":147,"play_id":"67499b93-5d23-42ab-8478-672c5ebe61d9","local_time":"20210104183036","is_ascension_mode":true,"campfire_choices":[],"circlet_count":0,"master_deck":["Strike_G","Strike_G","Strike_G","Defend_G","Defend_G","Defend_G","Defend_G","Defend_G","Survivor","Neutralize","Terror","Distraction","Choke","Dagger Spray","Riddle With Holes","Leg Sweep"],"relics":["Ring of the Snake","NeowsBlessing","Golden Idol","Tiny Chest","Omamori"],"acts_visited":["Exordium"],"potions_floor_usage":[12,12],"damage_taken":[{"damage":0,"enemies":"Jaw Worm","floor":1,"turns":1},{"damage":0,"enemies":"Small Slimes","floor":5,"turns":1},{"damage":0,"enemies":"Lagavulin","floor":6,"turns":1},{"damage":1,"enemies":"Cultist","floor":8,"turns":3},{"damage":2,"enemies":"2 Fungi Beasts","floor":10,"turns":4},{"damage":16,"enemies":"Exordium Wildlife","floor":11,"turns":4},{"damage":12,"enemies":"3 Sentries","floor":12,"turns":6}],"seed_played":"5854994892105727552","potions_obtained":[{"floor":5,"key":"SpeedPotion"},{"floor":10,"key":"FearPotion"}],"is_trial":false,"path_per_floor":["M","?","?","$","M","E","?","M","T","M","M","E"],"character_chosen":"THE_SILENT","items_purchased":[],"campfire_rested":0,"item_purchase_floors":[],"current_hp_per_floor":[63,46,39,39,39,39,32,31,31,29,13,1,1],"gold":211,"neow_bonus":"THREE_ENEMY_KILL","is_daily":false,"chose_seed":false,"campfire_upgraded":0,"win_rate":0.0,"timestamp":1609803036,"path_taken":["M","?","?","$","?","E","?","M","T","M","M","E"],"items_purchased_type":[],"build_version":"2020-12-22","purchased_purges":1,"victory":false,"max_hp_per_floor":[70,70,70,70,70,70,70,70,70,70,70,70,70],"card_choices":[{"not_picked":["PiercingWail","Dagger Spray"],"picked":"Terror","floor":1},{"not_picked":["Deadly Poison","Dodge and Roll"],"picked":"Distraction","floor":5},{"not_picked":["Sucker Punch","Finisher"],"picked":"Choke","floor":6},{"not_picked":["Expertise","Tactician"],"picked":"Dagger Spray","floor":8},{"not_picked":["Infinite Blades","Calculated Gamble"],"picked":"Riddle With Holes","floor":10},{"not_picked":["Slice","All Out Attack"],"picked":"Leg Sweep","floor":11}],"player_experience":571374,"relics_obtained":[{"floor":6,"key":"Tiny Chest"},{"floor":9,"key":"Omamori"}],"event_choices":[{"damage_healed":0,"gold_gain":0,"player_choice":"Take Damage","damage_taken":17,"relics_obtained":["Golden Idol"],"max_hp_gain":0,"max_hp_loss":0,"event_name":"Golden Idol","floor":2,"gold_loss":0},{"damage_healed":0,"gold_gain":0,"player_choice":"Damaged","damage_taken":7,"max_hp_gain":0,"max_hp_loss":0,"event_name":"Wheel of Change","floor":3,"gold_loss":0},{"cards_removed":["Strike_G"],"damage_healed":0,"gold_gain":0,"player_choice":"Card Removal","damage_taken":7,"max_hp_gain":0,"max_hp_loss":0,"event_name":"Golden Wing","floor":7,"gold_loss":0}],"is_beta":false,"boss_relics":[],"items_purged_floors":[4],"is_endless":false,"potions_floor_spawned":[5,10],"killed_by":"3 Sentries","ascension_level":8}}