{"host":"0azimyi6n3ugndj4","time":1609793332,"event":{"mods":["2.2 Compatiblity","BaseMod","Bestiary","Conspire","Curses Come First","Defuse TimeMaze Blight","Hermit","Hubris","Hyrulean Relics","Infinite Spire","Jorbs\u0027s Wanderer Trilogy","Minty Spire (QoL Compilation)","Relic Stats","Replay The Spire","StSLib","SuperFastMode","The Cursed","The Hierophant","Uncapped","¡¼?Úª?ø«¡½REMEMod"],"gold_per_floor":[148,148,148,221,221,336,336,336,336,385,49,95,273,100,100,332,332,384,384,384,442,442,560,560,669,669,718,718,718],"floor_reached":28,"playtime":533,"items_purged":[],"score":758,"play_id":"5b857619-5ee6-4719-9a4d-539bee541406","local_time":"20210105054852","daily_mods":["SealedDeck","Hoarder","Insanity","Chimera","Specialized","Vintage","ControlledChaos","Allstar","Diverse","Colorless Cards","Heirloom","Time Dilation","Flight","Elite Swarm","Lethality","Midas","Binary"],"is_ascension_mode":true,"campfire_choices":[{"floor":15,"key":"REST"}],"circlet_count":0,"master_deck":["Wraith Form v2","Echo Form","DevaForm","stsjorbsmod:ArcaneForm","stsjorbsmod:WastingForm","AscendersBane","hubris:Hubris","Bash","Survivor+1","Zap","Strike_R","Strike_G","Strike_B","Defend_G","Defend_P","hermit:Vantage+1","hierophant:Encroach","EmptyFist","hierophant:Remorse","Body Slam","Heavy Blade","TheCursedMod:Torture","stsjorbsmod:OldPocket","Havoc","Tempest","hermit:WideOpen","hierophant:Doubloon","Reinforced Body","hierophant:Doubloon","hierophant:HammerAndAnvil","TheCursedMod:CursedArmor","CutThroughFate","TheCursedMod:RapidMovement","Sucker Punch","Underhanded Strike","hierophant:Smite","REME_ShortnessOfBreath","stsjorbsmod:UnseenServant","Perfected Strike","stsjorbsmod:Mindworm","BowlingBash","hubris:ReadiedAction","Replay:ManipulateFuture","Hologram","hermit:Coalescence","hermit:Vantage","Streamline","TheCursedMod:RavingStaff","TheCursedMod:SurpriseAttack","stsjorbsmod:BlackTentacles","Quick Slash","Flying Knee","ReplayTheSpireMod:Stacked","Prepared","Searing Blow","Warcry","Hello World","stsjorbsmod:RayOfFrost","stsjorbsmod:TollTheDead","REME_DataAnalysis","Redo","hermit:Headshot","hermit:LowProfile","Protect","stsjorbsmod:FracturedMind","hermit:ItchyTrigger","hermit:ItchyTrigger","hermit:ItchyTrigger","hermit:ItchyTrigger","hermit:ItchyTrigger","hermit:ItchyTrigger","hermit:ItchyTrigger","hermit:ItchyTrigger","hermit:ItchyTrigger","hermit:ItchyTrigger","hermit:ItchyTrigger","hermit:ItchyTrigger","hermit:ItchyTrigger","hermit:ItchyTrigger","hermit:ItchyTrigger","stsjorbsmod:Inferno","stsjorbsmod:Inferno","stsjorbsmod:Inferno","Dash","Dash","Dash","Normality","Normality","Normality"],"relics":["TheCursedMod:BlackMagic101","Frozen Eye","Busted Crown","REME_ComplimentaryCards","hubris:Zylophone","Pantograph","ReplayTheSpireMod:Ring of Challenge","zeldaRelics:CourageTriforce","Toxic Egg 2","Potion Belt","hubris:OldNail","conspire:DeflatedDodgeball","ReplayTheSpireMod:Lightbulb","Lee\u0027s Waffle","Coffee Dripper","Blue Candle","hubris:Towel","Sundial","zeldaRelics:WisdomTriforce","Akabeko"],"acts_visited":["Exordium","TheCity"],"potions_floor_usage":[27,28],"damage_taken":[{"damage":10,"enemies":"Jaw Worm","floor":1,"turns":2},{"damage":11,"enemies":"Small Slimes","floor":4,"turns":2},{"damage":0,"enemies":"Lagavulin","floor":6,"turns":3},{"damage":0,"enemies":"Cultist","floor":10,"turns":2},{"damage":0,"enemies":"Exordium Wildlife","floor":12,"turns":1},{"damage":13,"enemies":"Lagavulin Event","floor":13,"turns":3},{"damage":29,"enemies":"Hexaghost","floor":16,"turns":8},{"damage":57,"enemies":"3 Byrds","floor":18,"turns":6},{"damage":6,"enemies":"Shell Parasite","floor":21,"turns":3},{"damage":36,"enemies":"Nightmare","floor":23,"turns":6},{"damage":32,"enemies":"Slavers","floor":25,"turns":3},{"damage":1,"enemies":"Centurion and Healer","floor":27,"turns":1},{"damage":11,"enemies":"Book of Stabbing","floor":28,"turns":2}],"seed_played":"-1992707200392846815","potions_obtained":[{"floor":4,"key":"TheCursedMod:DregsPotion"},{"floor":6,"key":"SmokeBomb"},{"floor":18,"key":"Adrenaline Potion"}],"is_trial":true,"path_per_floor":["M","?","?","M","?","E","?","T","T","M","$","M","?","$","R","B",null,"M","?","?","M","?","NM","R","E","T","M","E"],"character_chosen":"THE_CURSED","items_purchased":["Potion Belt","hubris:OldNail","Lee\u0027s Waffle"],"campfire_rested":1,"item_purchase_floors":[11,11,14],"current_hp_per_floor":[54,54,54,43,43,43,22,22,22,22,22,22,9,78,78,49,71,14,14,88,82,76,40,40,8,8,7,0,0],"gold":718,"neow_bonus":"","is_daily":false,"chose_seed":false,"campfire_upgraded":0,"win_rate":0.0,"timestamp":1609793332,"path_taken":["M","?","?","?","?","E","?","?","T","?","$","M","?","?","R","BOSS","M","?","?","?","?","NM","R","E","T","?","E"],"items_purchased_type":["Relic","Relic","Relic"],"build_version":"2020-12-22","purchased_purges":0,"victory":false,"max_hp_per_floor":[71,71,71,71,71,71,71,71,71,71,71,71,71,78,78,78,78,78,78,88,88,88,88,88,88,88,88,88,88],"relic_stats":{"Lee\u0027s Waffle":69,"Busted Crown":56,"counters":[13,42],"Sundial":[0],"Pantograph":0,"Blue Candle":[6],"obtain_stats":[{"Potion Belt":11,"TheCursedMod:BlackMagic101":0,"Lee\u0027s Waffle":14,"zeldaRelics:WisdomPiece":23,"Blue Candle":18,"hubris:Towel":19,"zeldaRelics:CourageTriforce":9,"zeldaRelics:WisdomTriforce":26,"Akabeko":27,"hubris:Zylophone":0,"Frozen Eye":0,"Busted Crown":0,"Sundial":21,"Pantograph":1,"zeldaRelics:CouragePiece":6,"Coffee Dripper":17,"ReplayTheSpireMod:Ring of Challenge":5,"Toxic Egg 2":10,"conspire:DeflatedDodgeball":12,"ReplayTheSpireMod:Lightbulb":13,"hubris:OldNail":11,"REME_ComplimentaryCards":0},{"Potion Belt":4,"TheCursedMod:BlackMagic101":0,"Lee\u0027s Waffle":6,"zeldaRelics:WisdomPiece":10,"Blue Candle":8,"hubris:Towel":8,"zeldaRelics:CourageTriforce":3,"zeldaRelics:WisdomTriforce":11,"Akabeko":12,"hubris:Zylophone":0,"Frozen Eye":0,"Busted Crown":0,"Sundial":9,"Pantograph":1,"zeldaRelics:CouragePiece":3,"Coffee Dripper":7,"ReplayTheSpireMod:Ring of Challenge":2,"Toxic Egg 2":4,"conspire:DeflatedDodgeball":5,"ReplayTheSpireMod:Lightbulb":6,"hubris:OldNail":4,"REME_ComplimentaryCards":0},{"Potion Belt":9,"TheCursedMod:BlackMagic101":0,"Lee\u0027s Waffle":13,"zeldaRelics:WisdomPiece":36,"Blue Candle":27,"hubris:Towel":27,"zeldaRelics:CourageTriforce":7,"zeldaRelics:WisdomTriforce":39,"Akabeko":40,"hubris:Zylophone":0,"Frozen Eye":0,"Busted Crown":0,"Sundial":30,"Pantograph":2,"zeldaRelics:CouragePiece":7,"Coffee Dripper":21,"ReplayTheSpireMod:Ring of Challenge":4,"Toxic Egg 2":9,"conspire:DeflatedDodgeball":10,"ReplayTheSpireMod:Lightbulb":13,"hubris:OldNail":9,"REME_ComplimentaryCards":0}]},"card_choices":[],"player_experience":1528305,"relics_obtained":[{"floor":1,"key":"Pantograph"},{"floor":5,"key":"ReplayTheSpireMod:Ring of Challenge"},{"floor":6,"key":"zeldaRelics:CouragePiece"},{"floor":8,"key":"zeldaRelics:CouragePiece"},{"floor":9,"key":"zeldaRelics:CouragePiece"},{"floor":10,"key":"Toxic Egg 2"},{"floor":12,"key":"conspire:DeflatedDodgeball"},{"floor":13,"key":"ReplayTheSpireMod:Lightbulb"},{"floor":18,"key":"Blue Candle"},{"floor":21,"key":"Sundial"},{"floor":23,"key":"zeldaRelics:WisdomPiece"},{"floor":25,"key":"zeldaRelics:WisdomPiece"},{"floor":26,"key":"zeldaRelics:WisdomPiece"},{"floor":27,"key":"Akabeko"}],"event_choices":[{"cards_removed":["Eruption"],"damage_healed":0,"gold_gain":0,"player_choice":"Forget","damage_taken":0,"max_hp_gain":0,"max_hp_loss":0,"event_name":"Living Wall","floor":2,"gold_loss":0},{"damage_healed":0,"gold_gain":0,"cards_transformed":["Defend_R"],"player_choice":"Transformed","damage_taken":0,"max_hp_gain":0,"max_hp_loss":0,"event_name":"Transmorgrifier","floor":3,"gold_loss":0,"cards_obtained":["Dash"]},{"damage_healed":0,"gold_gain":0,"player_choice":"Entered Light","damage_taken":21,"max_hp_gain":0,"max_hp_loss":0,"event_name":"Shining Light","floor":7,"gold_loss":0,"cards_upgraded":["hermit:Vantage","Survivor"]},{"damage_healed":0,"gold_gain":0,"player_choice":"Searched \u00272\u0027 times","damage_taken":0,"max_hp_gain":0,"max_hp_loss":0,"event_name":"Dead Adventurer","floor":13,"gold_loss":0},{"cards_removed":["Demon Form"],"damage_healed":64,"gold_gain":0,"player_choice":"Offered Rare","damage_taken":0,"max_hp_gain":10,"max_hp_loss":0,"event_name":"Bonfire Elementals","floor":20,"gold_loss":0},{"damage_healed":0,"gold_gain":0,"player_choice":"","damage_taken":6,"max_hp_gain":0,"max_hp_loss":0,"event_name":"Knowing Skull","floor":22,"potions_obtained":[],"gold_loss":0,"cards_obtained":[]}],"is_beta":false,"boss_relics":[{"not_picked":["Snecko Eye","Sozu"],"picked":"Coffee Dripper"}],"items_purged_floors":[],"is_endless":true,"potions_floor_spawned":[4,6,18],"killed_by":"Book of Stabbing","ascension_level":20}}