{"host":"skvwuvqqk8x6jusd","time":1609765835,"event":{"mods":["AchievementEnabler","BaseMod","Colored Map","Colored Powertips","Highlight Path","Minty Spire (QoL Compilation)","Relic Stats","Slay-I"],"gold_per_floor":[359,17,34,44,54,89,89,117,143,143,162,182,198,209,209,286,286,264,314,314,239,253,253,263,263,263,6,45,69,69,86,86,167,226,245,304,304,322,322,363,377,377,377,377,401,31,42,61,61,61,61],"floor_reached":52,"playtime":6183,"items_purged":["Strike_G","Strike_G","Strike_G"],"score":1957,"play_id":"2cf02051-12d8-4c75-a4c9-92d4f4322f2e","local_time":"20210104131035","is_ascension_mode":true,"campfire_choices":[{"data":"Neutralize","floor":7.0,"key":"SMITH"},{"floor":10.0,"key":"REST"},{"data":"Noxious Fumes","floor":15.0,"key":"SMITH"},{"data":"Setup","floor":23.0,"key":"SMITH"},{"data":"Bouncing Flask","floor":25.0,"key":"SMITH"},{"data":"Wraith Form v2","floor":32.0,"key":"SMITH"},{"data":"Apotheosis","floor":42.0,"key":"SMITH"},{"data":"Wraith Form v2","floor":44.0,"key":"SMITH"},{"data":"Footwork","floor":49.0,"key":"SMITH"}],"circlet_count":0,"master_deck":["AscendersBane","Strike_G","Defend_G","Defend_G","Defend_G","Defend_G","Defend_G","Survivor","Neutralize+1","Blade Dance","Noxious Fumes+1","Footwork+1","Wraith Form v2+1","Backflip","Noxious Fumes","Well Laid Plans","Wraith Form v2+1","PiercingWail","Blade Dance","Adrenaline","Bouncing Flask+1","Setup+1","Poisoned Stab","Escape Plan+1","Infinite Blades","After Image","Infinite Blades","Blade Dance","Trip","Apotheosis+1","Cloak And Dagger+1","Accuracy+1"],"relics":["Ring of the Snake","Nunchaku","TwistedFunnel","Ornamental Fan","Bag of Preparation","Dream Catcher","WristBlade","InkBottle","Toolbox","CeramicFish","Tiny House","Unceasing Top","Blood Vial","HornCleat","ClockworkSouvenir"],"acts_visited":["Exordium","TheCity","TheBeyond"],"potions_floor_usage":[50,51],"damage_taken":[{"damage":9.0,"enemies":"Jaw Worm","floor":1.0,"turns":8.0},{"damage":0.0,"enemies":"2 Louse","floor":3.0,"turns":2.0},{"damage":1.0,"enemies":"Cultist","floor":4.0,"turns":3.0},{"damage":0.0,"enemies":"2 Fungi Beasts","floor":5.0,"turns":3.0},{"damage":18.0,"enemies":"Lagavulin","floor":6.0,"turns":8.0},{"damage":1.0,"enemies":"3 Sentries","floor":8.0,"turns":8.0},{"damage":1.0,"enemies":"Red Slaver","floor":11.0,"turns":5.0},{"damage":0.0,"enemies":"Blue Slaver","floor":12.0,"turns":5.0},{"damage":1.0,"enemies":"Looter","floor":13.0,"turns":4.0},{"damage":1.0,"enemies":"Large Slime","floor":14.0,"turns":7.0},{"damage":33.0,"enemies":"Slime Boss","floor":16.0,"turns":10.0},{"damage":2.0,"enemies":"2 Thieves","floor":18.0,"turns":4.0},{"damage":1.0,"enemies":"3 Byrds","floor":22.0,"turns":3.0},{"damage":0.0,"enemies":"3 Cultists","floor":24.0,"turns":4.0},{"damage":3.0,"enemies":"Slavers","floor":28.0,"turns":4.0},{"damage":3.0,"enemies":"Cultist and Chosen","floor":29.0,"turns":6.0},{"damage":0.0,"enemies":"Sentry and Sphere","floor":31.0,"turns":6.0},{"damage":2.0,"enemies":"Automaton","floor":33.0,"turns":9.0},{"damage":0.0,"enemies":"3 Darklings","floor":35.0,"turns":4.0},{"damage":2.0,"enemies":"2 Orb Walkers","floor":36.0,"turns":5.0},{"damage":0.0,"enemies":"Giant Head","floor":40.0,"turns":6.0},{"damage":0.0,"enemies":"3 Shapes","floor":41.0,"turns":3.0},{"damage":1.0,"enemies":"Transient","floor":45.0,"turns":6.0},{"damage":0.0,"enemies":"Jaw Worm Horde","floor":47.0,"turns":2.0},{"damage":0.0,"enemies":"Spire Growth","floor":48.0,"turns":3.0},{"damage":0,"enemies":"Time Eater","floor":50,"turns":10},{"damage":38,"enemies":"Awakened One","floor":51,"turns":11}],"seed_played":"-900163033579794280","potions_obtained":[{"floor":1.0,"key":"FearPotion"},{"floor":6.0,"key":"Swift Potion"},{"floor":13.0,"key":"Ancient Potion"},{"floor":14.0,"key":"ColorlessPotion"},{"floor":16.0,"key":"LiquidBronze"},{"floor":24.0,"key":"Strength Potion"},{"floor":28.0,"key":"ColorlessPotion"},{"floor":34.0,"key":"Regen Potion"},{"floor":36.0,"key":"SkillPotion"},{"floor":45.0,"key":"FearPotion"}],"is_trial":false,"path_per_floor":["M","$","M","M","M","E","R","E","T","R","M","M","M","M","R","B",null,"M","?","?","$","M","R","M","R","T","$","E","M","?","M","R","B",null,"M","?","?","?","?","E","M","R","T","R","M","$","M","M","R","B","B",null],"character_chosen":"THE_SILENT","items_purchased":["Nunchaku","TwistedFunnel","Toolbox","ClockworkSouvenir","LiquidMemories"],"campfire_rested":1,"item_purchase_floors":[2,2,27,46,46],"current_hp_per_floor":[50,50,50,49,49,31,31,30,30,48,47,47,46,45,45,12,48,46,46,46,46,45,45,45,45,45,45,42,39,39,39,39,37,59,59,65,65,55,55,55,57,57,57,57,58,58,60,62,62,62,24],"gold":61,"neow_bonus":"TWO_FIFTY_GOLD","is_daily":false,"chose_seed":false,"campfire_upgraded":8,"win_rate":0.0,"timestamp":1609765835,"path_taken":["M","$","M","M","M","E","R","E","T","R","M","M","M","M","R","BOSS","M","?","?","$","?","R","M","R","T","$","E","M","?","?","R","BOSS","M","?","?","?","?","E","M","R","T","R","M","$","M","M","R","BOSS","BOSS"],"items_purchased_type":["Relic","Relic","Relic","Relic","Potion"],"build_version":"2020-12-22","purchased_purges":3,"victory":true,"max_hp_per_floor":[60,60,60,60,60,60,60,60,60,60,60,60,60,60,60,60,60,60,60,60,60,60,60,60,60,60,60,60,60,60,60,60,60,65,65,65,65,65,62,62,62,62,62,62,62,62,62,62,62,62,62],"relic_stats":{"Blood Vial":8,"Nunchaku":[37],"Dream Catcher":1,"counters":[27,149],"Ornamental Fan":[292],"CeramicFish":81,"Bag of Preparation":[42],"obtain_stats":[{"TwistedFunnel":2,"Tiny House":34,"CeramicFish":28,"Bag of Preparation":8,"ClockworkSouvenir":46,"Blood Vial":40,"Nunchaku":2,"Dream Catcher":9,"HornCleat":43,"WristBlade":17,"Ornamental Fan":6,"Toolbox":27,"InkBottle":26,"Unceasing Top":36,"Ring of the Snake":0},{"TwistedFunnel":1,"Tiny House":18,"CeramicFish":15,"Bag of Preparation":6,"ClockworkSouvenir":23,"Blood Vial":21,"Nunchaku":1,"Dream Catcher":6,"HornCleat":22,"WristBlade":11,"Ornamental Fan":5,"Toolbox":14,"InkBottle":14,"Unceasing Top":20,"Ring of the Snake":0},{"TwistedFunnel":8,"Tiny House":99,"CeramicFish":78,"Bag of Preparation":32,"ClockworkSouvenir":123,"Blood Vial":114,"Nunchaku":8,"Dream Catcher":32,"HornCleat":117,"WristBlade":63,"Ornamental Fan":24,"Toolbox":74,"InkBottle":74,"Unceasing Top":108,"Ring of the Snake":0}],"InkBottle":[48],"Unceasing Top":[1],"Ring of the Snake":[54]},"card_choices":[{"not_picked":["Blur","Concentrate"],"picked":"Blade Dance","floor":1.0},{"not_picked":["Poisoned Stab","PiercingWail"],"picked":"Noxious Fumes","floor":3.0},{"not_picked":["Deflect","Outmaneuver"],"picked":"Footwork","floor":4.0},{"not_picked":["Deflect","Escape Plan"],"picked":"Wraith Form v2","floor":5.0},{"not_picked":["Quick Slash","Underhanded Strike"],"picked":"Backflip","floor":6.0},{"not_picked":["Quick Slash","Skewer"],"picked":"Noxious Fumes","floor":8.0},{"not_picked":["Eviscerate","Quick Slash"],"picked":"Well Laid Plans","floor":10.0},{"not_picked":["Dodge and Roll","Bane"],"picked":"Wraith Form v2","floor":11.0},{"not_picked":["Slice","Sucker Punch","Quick Slash"],"picked":"SKIP","floor":12.0},{"not_picked":["Dagger Spray","Flying Knee"],"picked":"PiercingWail","floor":13.0},{"not_picked":["Dodge and Roll","Skewer"],"picked":"Blade Dance","floor":14.0},{"not_picked":["Grand Finale","After Image"],"picked":"Adrenaline","floor":16.0},{"not_picked":["Quick Slash","Caltrops+1"],"picked":"Bouncing Flask","floor":18.0},{"not_picked":["Well Laid Plans","Tactician"],"picked":"Poisoned Stab","floor":22.0},{"not_picked":["Prepared","Outmaneuver+1","Acrobatics"],"picked":"SKIP","floor":24.0},{"not_picked":["Riddle With Holes","Deflect"],"picked":"Escape Plan","floor":28.0},{"not_picked":["Dagger Throw","Slice"],"picked":"Infinite Blades","floor":29.0},{"not_picked":["Acrobatics","Underhanded Strike","Skewer"],"picked":"SKIP","floor":31.0},{"not_picked":["Glass Knife","Die Die Die"],"picked":"After Image","floor":33.0},{"not_picked":["Underhanded Strike","Bane"],"picked":"Infinite Blades","floor":34.0},{"not_picked":["Backflip","PiercingWail","Outmaneuver"],"picked":"SKIP","floor":35.0},{"not_picked":["Quick Slash","Leg Sweep+1"],"picked":"Blade Dance","floor":36.0},{"not_picked":["Transmutation","Deep Breath"],"picked":"Trip","floor":38.0},{"not_picked":["Secret Weapon","Master of Strategy"],"picked":"Apotheosis","floor":38.0},{"not_picked":["Poisoned Stab","Calculated Gamble"],"picked":"Cloak And Dagger+1","floor":40.0},{"not_picked":["Eviscerate","Backstab","Deflect"],"picked":"SKIP","floor":41.0},{"not_picked":["Expertise+1","Dagger Spray"],"picked":"Accuracy+1","floor":45.0},{"not_picked":["All Out Attack","Dagger Spray","Outmaneuver"],"picked":"SKIP","floor":47.0},{"not_picked":["Bouncing Flask","PiercingWail","Choke"],"picked":"SKIP","floor":48.0}],"player_experience":570966,"relics_obtained":[{"floor":6.0,"key":"Ornamental Fan"},{"floor":8.0,"key":"Bag of Preparation"},{"floor":9.0,"key":"Dream Catcher"},{"floor":26.0,"key":"InkBottle"},{"floor":28.0,"key":"CeramicFish"},{"floor":36.0,"key":"Unceasing Top"},{"floor":40.0,"key":"Blood Vial"},{"floor":43.0,"key":"HornCleat"}],"event_choices":[{"damage_healed":0.0,"max_hp_gain":0.0,"max_hp_loss":0.0,"gold_gain":50.0,"event_name":"Nest","player_choice":"Stole From Cult","floor":19.0,"gold_loss":0.0,"damage_taken":0.0},{"damage_healed":0.0,"max_hp_gain":0.0,"max_hp_loss":0.0,"gold_gain":0.0,"cards_transformed":["Strike_G"],"event_name":"Transmorgrifier","player_choice":"Transformed","floor":20.0,"gold_loss":0.0,"damage_taken":0.0,"cards_obtained":["Setup"]},{"damage_healed":0.0,"max_hp_gain":0.0,"max_hp_loss":0.0,"gold_gain":0.0,"event_name":"N\u0027loth","player_choice":"Ignored","floor":30.0,"gold_loss":0.0,"damage_taken":0.0},{"damage_healed":0.0,"max_hp_gain":0.0,"max_hp_loss":0.0,"gold_gain":0.0,"event_name":"Mysterious Sphere","player_choice":"Fight","floor":36.0,"gold_loss":0.0,"damage_taken":0.0},{"damage_healed":0.0,"max_hp_gain":0.0,"max_hp_loss":0.0,"gold_gain":0.0,"event_name":"Tomb of Lord Red Mask","player_choice":"Ignored","floor":37.0,"gold_loss":0.0,"damage_taken":0.0},{"damage_healed":0.0,"max_hp_gain":0.0,"max_hp_loss":0.0,"gold_gain":0.0,"event_name":"SensoryStone","player_choice":"Memory 3","floor":38.0,"gold_loss":0.0,"damage_taken":10.0},{"damage_healed":0.0,"max_hp_gain":0.0,"max_hp_loss":3.0,"gold_gain":0.0,"event_name":"Winding Halls","player_choice":"Max HP","floor":39.0,"gold_loss":0.0,"damage_taken":0.0}],"is_beta":false,"boss_relics":[{"not_picked":["Sozu","Ring of the Serpent"],"picked":"WristBlade"},{"not_picked":["Fusion Hammer","Snecko Eye"],"picked":"Tiny House"}],"items_purged_floors":[21,27,46],"is_endless":false,"potions_floor_spawned":[1,6,13,14,16,24,28,33,36,45],"ascension_level":20}}