{"host":"zwuytn9vh5b8tdl7","time":1609730386,"event":{"mods":["AchievementEnabler","BaseMod","Colored Powertips","GifTheSpireLib","Minty Spire (QoL Compilation)","Rare Cards Sparkle","StSLib","The Animator"],"gold_per_floor":[118,118,130,130,143,169,169,24,24,24,37,60,78,107,107,224,224,208,228,81,97,97],"floor_reached":21,"playtime":2215,"items_purged":[],"score":183,"play_id":"4e26e5ee-45de-4e43-ac70-719e7a1309e1","local_time":"20210103221946","is_ascension_mode":false,"campfire_choices":[{"floor":10.0,"key":"REST"},{"floor":15.0,"key":"REST"}],"circlet_count":0,"master_deck":["animator:Strike_Konosuba","animator:Defend_Konosuba","animator:Strike","animator:Strike","animator:Strike","animator:Defend","animator:Defend","animator:Defend","animator:Kazuma","animator:Aqua+1","animator:Assassin","animator:SayakaMiki","animator:Berserker","animator:Lancer","animator:ShinjiMatou","animator:Darkness","animator:Megumin+3","animator:YunYun","animator:Saitama","animator:EmiyaShirou","animator:Chris+1"],"relics":["animator:LivingPicture","animator:TheMissingPiece","NeowsBlessing","Letter Opener","Regal Pillow","Question Card","Black Star","Boot"],"acts_visited":["Exordium","TheCity"],"potions_floor_usage":[],"damage_taken":[{"damage":0.0,"enemies":"Cultist","floor":1.0,"turns":1.0},{"damage":0.0,"enemies":"Small Slimes","floor":3.0,"turns":1.0},{"damage":0.0,"enemies":"2 Louse","floor":5.0,"turns":1.0},{"damage":39.0,"enemies":"3 Sentries","floor":6.0,"turns":16.0},{"damage":21.0,"enemies":"Large Slime","floor":11.0,"turns":7.0},{"damage":9.0,"enemies":"Red Slaver","floor":12.0,"turns":4.0},{"damage":12.0,"enemies":"2 Fungi Beasts","floor":13.0,"turns":5.0},{"damage":18.0,"enemies":"Lots of Slimes","floor":14.0,"turns":6.0},{"damage":45.0,"enemies":"Slime Boss","floor":16.0,"turns":10.0},{"damage":39.0,"enemies":"2 Thieves","floor":18.0,"turns":5.0},{"damage":19,"enemies":"3 Byrds","floor":19,"turns":3},{"damage":40,"enemies":"Centurion and Healer","floor":21,"turns":12}],"seed_played":"4230237568432910585","potions_obtained":[{"floor":1.0,"key":"PowerPotion"},{"floor":11.0,"key":"animator:FalseLifePotion"},{"floor":12.0,"key":"Swift Potion"},{"floor":13.0,"key":"Fire Potion"},{"floor":14.0,"key":"FairyPotion"},{"floor":16.0,"key":"SpeedPotion"}],"is_trial":false,"path_per_floor":["M","?","M","?","M","E","?","$","T","R","M","M","M","M","R","B",null,"M","M","$","M"],"character_chosen":"THE_ANIMATOR","items_purchased":["Regal Pillow","Boot"],"campfire_rested":2,"item_purchase_floors":[8,20],"current_hp_per_floor":[66,66,66,66,66,30,30,30,30,64,45,39,31,16,51,9,67,28,13,13,0,0],"gold":97,"neow_bonus":"THREE_ENEMY_KILL","is_daily":false,"chose_seed":false,"campfire_upgraded":0,"win_rate":0.0,"timestamp":1609730386,"path_taken":["M","?","?","?","M","E","?","$","T","R","M","M","M","?","R","BOSS","M","M","$","?"],"items_purchased_type":["Relic","Relic"],"build_version":"2020-12-22","purchased_purges":0,"victory":false,"max_hp_per_floor":[66,66,66,66,66,66,66,66,66,66,66,66,67,67,67,67,67,67,68,68,68,68],"card_choices":[{"not_picked":["animator:Yuuichirou","animator:ElricEdward"],"picked":"animator:Assassin","floor":1.0},{"not_picked":["animator:MaesHughes","animator:DwarfShaman"],"picked":"animator:SayakaMiki","floor":3.0},{"not_picked":["animator:MumenRider","animator:Aqua"],"picked":"animator:Berserker","floor":5.0},{"not_picked":["animator:Berserker","animator:Caster"],"picked":"animator:Lancer","floor":6.0},{"not_picked":["animator:LizardPriest","animator:KyokoSakura","animator:Ara"],"picked":"animator:ShinjiMatou","floor":11.0},{"not_picked":["animator:Ara","animator:SayakaMiki","animator:EmiyaShirou"],"picked":"animator:Darkness","floor":12.0},{"not_picked":["animator:Sloth","animator:Archer","animator:Shigure"],"picked":"animator:Megumin","floor":13.0},{"not_picked":["animator:Verdia","animator:Megumin","animator:Aqua"],"picked":"animator:YunYun","floor":14.0},{"not_picked":["animator:Father","animator:GoblinSlayer","animator:MadokaKaname"],"picked":"animator:Saitama","floor":16.0},{"not_picked":["animator:LizardPriest","animator:Gluttony","animator:Add"],"picked":"animator:EmiyaShirou","floor":18.0},{"not_picked":["animator:SilverFang","animator:Ara","animator:ShinjiMatou"],"picked":"animator:Chris+1","floor":19}],"player_experience":311546,"relics_obtained":[{"floor":6.0,"key":"Letter Opener"},{"floor":9.0,"key":"Question Card"}],"event_choices":[{"damage_healed":0.0,"max_hp_gain":0.0,"max_hp_loss":0.0,"gold_gain":0.0,"event_name":"Upgrade Shrine","player_choice":"Upgraded","floor":2.0,"gold_loss":0.0,"damage_taken":0.0,"cards_upgraded":["animator:Aqua"]},{"damage_healed":0.0,"max_hp_gain":0.0,"max_hp_loss":0.0,"gold_gain":0.0,"event_name":"The Cleric","player_choice":"Leave","floor":4.0,"gold_loss":0.0,"damage_taken":0.0},{"damage_healed":0.0,"max_hp_gain":0.0,"max_hp_loss":0.0,"gold_gain":0.0,"event_name":"NoteForYourself","player_choice":"Ignored","floor":7.0,"gold_loss":0.0,"damage_taken":0.0}],"is_beta":false,"boss_relics":[{"not_picked":["Coffee Dripper","Empty Cage"],"picked":"Black Star"}],"items_purged_floors":[],"is_endless":false,"potions_floor_spawned":[1,11,12,13,14,16],"killed_by":"Centurion and Healer","ascension_level":0}}