{"host":"hzhtv7n0nkrnil9f","time":1609748184,"event":{"mods":["AchievementEnabler","BaseMod","Colored Map","Minty Spire (QoL Compilation)","Permanent Neow","Quick Restart"],"gold_per_floor":[361,361,371,321,332,367,442,442,489,515,533,533,533,547,547,651,651,633,633,633,633],"floor_reached":20,"playtime":1727,"items_purged":[],"score":211,"play_id":"5d5d7a33-d094-477c-99b1-d7b49c33ccd0","local_time":"20210104091624","is_ascension_mode":true,"campfire_choices":[{"floor":8,"key":"REST"},{"floor":15,"key":"REST"}],"circlet_count":0,"master_deck":["Strike_B","Strike_B","Strike_B","Defend_B+1","Defend_B","Defend_B","Defend_B+1","Zap","Dualcast","Auto Shields","Creative AI","Turbo","Conserve Battery","All For One","Conserve Battery","Seek","Stack"],"relics":["FrozenCore","War Paint","Calipers","Happy Flower","Tiny Chest"],"acts_visited":["Exordium","TheCity"],"potions_floor_usage":[13,18,18],"damage_taken":[{"damage":2,"enemies":"Jaw Worm","floor":1,"turns":3},{"damage":3,"enemies":"Small Slimes","floor":3,"turns":3},{"damage":0,"enemies":"2 Louse","floor":5,"turns":3},{"damage":5,"enemies":"Lagavulin","floor":6,"turns":8},{"damage":25,"enemies":"3 Sentries","floor":10,"turns":10},{"damage":1,"enemies":"Red Slaver","floor":11,"turns":4},{"damage":3,"enemies":"Gremlin Nob","floor":13,"turns":3},{"damage":0,"enemies":"3 Louse","floor":14,"turns":3},{"damage":16,"enemies":"Hexaghost","floor":16,"turns":12},{"damage":1,"enemies":"2 Thieves","floor":18,"turns":5},{"damage":0,"enemies":"3 Byrds","floor":20,"turns":5}],"seed_played":"-5554251313241221709","potions_obtained":[{"floor":1,"key":"SmokeBomb"},{"floor":10,"key":"GamblersBrew"},{"floor":14,"key":"Block Potion"}],"is_trial":false,"path_per_floor":["M","?","M","?","M","E","?","R","T","E","M","T","E","M","R","B",null,"M","?","M"],"character_chosen":"DEFECT","items_purchased":[],"campfire_rested":2,"item_purchase_floors":[],"current_hp_per_floor":[52,27,24,24,24,19,8,30,30,5,4,4,1,1,23,7,75,74,74,74,74],"gold":633,"neow_bonus":"TWO_FIFTY_GOLD","is_daily":false,"chose_seed":false,"campfire_upgraded":0,"win_rate":0.0,"timestamp":1609748184,"path_taken":["M","?","M","?","M","E","?","R","T","E","M","?","E","M","R","BOSS","M","?","M"],"items_purchased_type":[],"build_version":"2020-12-22","purchased_purges":0,"victory":false,"max_hp_per_floor":[75,75,75,75,75,75,75,75,75,75,75,75,75,75,75,75,75,75,75,75,75],"card_choices":[{"not_picked":["Rebound","Ball Lightning"],"picked":"Auto Shields","floor":1},{"not_picked":["Sweeping Beam","Gash","Steam"],"picked":"SKIP","floor":3},{"not_picked":["Conserve Battery","Blizzard"],"picked":"Creative AI","floor":5},{"not_picked":["Rebound","Recycle"],"picked":"Turbo","floor":6},{"not_picked":["Recycle","Steam"],"picked":"Conserve Battery","floor":10},{"not_picked":["Compile Driver","Barrage"],"picked":"All For One","floor":11},{"not_picked":["Beam Cell","Streamline"],"picked":"Conserve Battery","floor":14},{"not_picked":["Reboot","Buffer"],"picked":"Seek","floor":16},{"not_picked":["Go for the Eyes+1","Tempest"],"picked":"Stack","floor":18}],"player_experience":253015,"relics_obtained":[{"floor":6,"key":"Calipers"},{"floor":9,"key":"Happy Flower"},{"floor":10,"key":"Tiny Chest"}],"event_choices":[{"damage_healed":0,"gold_gain":0,"player_choice":"Success","damage_taken":25,"relics_obtained":["War Paint"],"max_hp_gain":0,"max_hp_loss":0,"event_name":"Scrap Ooze","floor":2,"gold_loss":0},{"cards_removed":["Strike_B"],"damage_healed":0,"gold_gain":0,"player_choice":"Card Removal","damage_taken":0,"max_hp_gain":0,"max_hp_loss":0,"event_name":"The Cleric","floor":4,"gold_loss":50},{"damage_healed":0,"gold_gain":75,"player_choice":"Gather Gold","damage_taken":11,"max_hp_gain":0,"max_hp_loss":0,"event_name":"World of Goop","floor":7,"gold_loss":0},{"damage_healed":0,"gold_gain":0,"player_choice":"Ignored","damage_taken":0,"max_hp_gain":0,"max_hp_loss":0,"event_name":"Ghosts","floor":19,"gold_loss":0}],"is_beta":false,"boss_relics":[{"not_picked":["Black Star","Philosopher\u0027s Stone"],"picked":"FrozenCore"}],"items_purged_floors":[],"is_endless":false,"potions_floor_spawned":[1,10,14],"killed_by":"3 Byrds","ascension_level":2}}