{"host":"cv77zuuuekizn3ic","time":1609745512,"event":{"mods":["AchievementEnabler","BaseMod","Marisa£®ÏF”Í°°ƒß¿Ì…≥£©","Minty Spire (QoL Compilation)","StSLib","Waifu the Spire","everything is the same but u backflip on backflip","slay the spire mod where everything is the same but ironclad has a cowboy hat"],"gold_per_floor":[111,111,13,32,48,82,96,126,126,138,173,191,208,220,220,220,220],"floor_reached":16,"playtime":678,"items_purged":["Strike_B"],"score":183,"play_id":"4220f211-9090-4082-a4d4-42b9e85e6ffc","local_time":"20210104153152","is_ascension_mode":true,"campfire_choices":[{"data":"Heatsinks","floor":15,"key":"SMITH"}],"circlet_count":0,"master_deck":["Strike_B","Defend_B","Defend_B+1","Defend_B","Defend_B+1","Zap","Dualcast","Melter","Multi-Cast","Cold Snap+1","Hyperbeam+1","Cold Snap","Heatsinks+1","Defragment","Glacier","Sunder","White Noise","Ball Lightning"],"relics":["Cracked Core","War Paint","Nunchaku","Whetstone","Darkstone Periapt"],"acts_visited":["Exordium"],"potions_floor_usage":[10],"damage_taken":[{"damage":4.0,"enemies":"2 Louse","floor":1.0,"turns":2.0},{"damage":0.0,"enemies":"Cultist","floor":4.0,"turns":2.0},{"damage":0.0,"enemies":"Jaw Worm","floor":5.0,"turns":4.0},{"damage":27.0,"enemies":"3 Sentries","floor":6.0,"turns":4.0},{"damage":1.0,"enemies":"2 Fungi Beasts","floor":7.0,"turns":2.0},{"damage":1.0,"enemies":"Lagavulin","floor":8.0,"turns":10.0},{"damage":5,"enemies":"Exordium Thugs","floor":10,"turns":5},{"damage":7,"enemies":"Gremlin Nob","floor":11,"turns":4},{"damage":6,"enemies":"Gremlin Gang","floor":12,"turns":3},{"damage":0,"enemies":"Large Slime","floor":13,"turns":5},{"damage":11,"enemies":"Lots of Slimes","floor":14,"turns":3},{"damage":6,"enemies":"Hexaghost","floor":16,"turns":7}],"seed_played":"704991504688913638","potions_obtained":[{"floor":6.0,"key":"Fire Potion"},{"floor":7.0,"key":"DistilledChaos"},{"floor":8.0,"key":"LiquidBronze"},{"floor":10,"key":"Fruit Juice"},{"floor":11,"key":"SkillPotion"}],"is_trial":false,"path_per_floor":["M","?","$","M","M","E","M","E","T","M","E","M","M","M","R","B"],"character_chosen":"DEFECT","items_purchased":["Cold Snap"],"campfire_rested":0,"item_purchase_floors":[3],"current_hp_per_floor":[64,64,64,64,64,37,36,35,35,30,23,17,17,6,6,0,0],"gold":220,"neow_bonus":"TRANSFORM_TWO_CARDS","is_daily":false,"chose_seed":false,"campfire_upgraded":1,"win_rate":0.0,"timestamp":1609745512,"path_taken":["M","?","?","M","M","E","M","E","T","M","E","M","M","?","R","BOSS"],"items_purchased_type":["Card"],"build_version":"2020-12-22","purchased_purges":1,"victory":false,"max_hp_per_floor":[68,68,68,68,68,68,68,68,68,68,68,68,68,68,68,68,68],"card_choices":[{"not_picked":["Rebound","Auto Shields"],"picked":"Cold Snap","floor":1.0},{"not_picked":["Steam","Double Energy"],"picked":"Heatsinks","floor":4.0},{"not_picked":["Blizzard","Sunder"],"picked":"Defragment","floor":5.0},{"not_picked":["Cold Snap","Steam","Ball Lightning"],"picked":"SKIP","floor":6.0},{"not_picked":["Meteor Strike","Auto Shields"],"picked":"Glacier","floor":7.0},{"not_picked":["Cold Snap","Stack"],"picked":"Sunder","floor":8.0},{"not_picked":["Gash","Stack","Scrape"],"picked":"SKIP","floor":10},{"not_picked":["Compile Driver","Barrage"],"picked":"White Noise","floor":11},{"not_picked":["Rebound","Compile Driver","Conserve Battery"],"picked":"SKIP","floor":12},{"not_picked":["Rebound","Compile Driver","Conserve Battery"],"picked":"SKIP","floor":12},{"not_picked":["Beam Cell","Lockon","Compile Driver"],"picked":"SKIP","floor":13},{"not_picked":["Doom and Gloom","Genetic Algorithm"],"picked":"Ball Lightning","floor":14}],"player_experience":705945,"relics_obtained":[{"floor":6.0,"key":"War Paint"},{"floor":8.0,"key":"Nunchaku"},{"floor":9.0,"key":"Whetstone"},{"floor":11,"key":"Darkstone Periapt"}],"event_choices":[{"damage_healed":0.0,"max_hp_gain":0.0,"max_hp_loss":0.0,"gold_gain":0.0,"event_name":"Match and Keep!","player_choice":"1 cards matched","floor":2.0,"gold_loss":0.0,"damage_taken":0.0,"cards_obtained":["Hyperbeam"]}],"is_beta":false,"boss_relics":[],"items_purged_floors":[3],"is_endless":false,"potions_floor_spawned":[6,7,8,10,11,14],"killed_by":"Hexaghost","ascension_level":9}}