{"host":"g01l53quoe6lrer0","time":1609788464,"event":{"mods":["2.2 Compatiblity","AchievementEnabler","BaseMod","Colored Map","Highlight Path","Keyboard Shortcuts","Minty Spire (QoL Compilation)","Permanent Neow","Quick Restart","StSLib","SuperFastMode","everything is the same but u backflip on backflip"],"gold_per_floor":[113,113,132,132,52,52,68,96,96,126,126,126,139,157,157,286,286,302,302,302,31,50,50,73,92,117,17,41,41,61,84,84,209,209,225,135,156,172,172,172,195,195,250,275,319,319,161,181,181,181],"floor_reached":51,"playtime":1702,"items_purged":["Strike_B","Strike_B","Defend_B"],"score":807,"play_id":"411ce394-3f15-47ab-9902-ba3727ebb18c","local_time":"20210105042744","is_ascension_mode":true,"campfire_choices":[{"data":"Zap","floor":6.0,"key":"SMITH"},{"data":"Electrodynamics","floor":11.0,"key":"SMITH"},{"floor":15.0,"key":"REST"},{"data":"Apotheosis","floor":23.0,"key":"SMITH"},{"floor":29.0,"key":"REST"},{"floor":32.0,"key":"REST"},{"data":"Strike_B","floor":40.0,"key":"PURGE"},{"data":"Defend_B","floor":49.0,"key":"PURGE"}],"circlet_count":0,"master_deck":["Defend_B","Defend_B","Zap+1","Dualcast","Auto Shields","Blizzard","Hologram","Electrodynamics+1","Capacitor","Buffer","CurseOfTheBell","Loop","Cold Snap","Apotheosis+1","Consume","Hologram+1","Rebound","Thunder Strike","Capacitor","Cold Snap+1","Defragment","Leap+1","Glacier","Writhe","Fusion+1","Glacier"],"relics":["Cracked Core","Omamori","Toy Ornithopter","Pear","Du-Vu Doll","Peace Pipe","Prayer Wheel","Golden Idol","Calling Bell","Darkstone Periapt","Art of War","Mango","Lantern","DataDisk","Fusion Hammer","Ancient Tea Set","The Courier"],"acts_visited":["Exordium","TheCity","TheBeyond"],"potions_floor_usage":[50],"damage_taken":[{"damage":7.0,"enemies":"Small Slimes","floor":1.0,"turns":3.0},{"damage":2.0,"enemies":"Jaw Worm","floor":3.0,"turns":3.0},{"damage":0.0,"enemies":"Cultist","floor":7.0,"turns":3.0},{"damage":26.0,"enemies":"Lagavulin","floor":8.0,"turns":9.0},{"damage":29.0,"enemies":"3 Sentries","floor":10.0,"turns":9.0},{"damage":5.0,"enemies":"Gremlin Gang","floor":13.0,"turns":3.0},{"damage":25.0,"enemies":"Exordium Thugs","floor":14.0,"turns":3.0},{"damage":27.0,"enemies":"Slime Boss","floor":16.0,"turns":8.0},{"damage":9.0,"enemies":"Chosen","floor":18.0,"turns":5.0},{"damage":0.0,"enemies":"3 Byrds","floor":20.0,"turns":1.0},{"damage":28.0,"enemies":"Cultist and Chosen","floor":22.0,"turns":6.0},{"damage":32.0,"enemies":"3 Cultists","floor":24.0,"turns":5.0},{"damage":34.0,"enemies":"Centurion and Healer","floor":25.0,"turns":6.0},{"damage":23.0,"enemies":"Snake Plant","floor":28.0,"turns":5.0},{"damage":10.0,"enemies":"Cultist and Chosen","floor":30.0,"turns":6.0},{"damage":28.0,"enemies":"Centurion and Healer","floor":31.0,"turns":5.0},{"damage":62.0,"enemies":"Automaton","floor":33.0,"turns":7.0},{"damage":16.0,"enemies":"3 Shapes","floor":35.0,"turns":3.0},{"damage":7.0,"enemies":"3 Darklings","floor":37.0,"turns":4.0},{"damage":15.0,"enemies":"Writhing Mass","floor":38.0,"turns":7.0},{"damage":18.0,"enemies":"Sphere and 2 Shapes","floor":41.0,"turns":6.0},{"damage":34.0,"enemies":"Jaw Worm Horde","floor":44.0,"turns":4.0},{"damage":36.0,"enemies":"Reptomancer","floor":45.0,"turns":7.0},{"damage":0.0,"enemies":"Maw","floor":48.0,"turns":8.0},{"damage":19,"enemies":"Time Eater","floor":50,"turns":19}],"seed_played":"8061807981722910616","potions_obtained":[{"floor":1.0,"key":"Fruit Juice"},{"floor":3.0,"key":"Fruit Juice"},{"floor":10.0,"key":"PowerPotion"},{"floor":14.0,"key":"SmokeBomb"},{"floor":22.0,"key":"SpeedPotion"},{"floor":24.0,"key":"EntropicBrew"},{"floor":28.0,"key":"GamblersBrew"},{"floor":33.0,"key":"Explosive Potion"},{"floor":38.0,"key":"AttackPotion"},{"floor":41.0,"key":"Weak Potion"},{"floor":45.0,"key":"FairyPotion"}],"is_trial":false,"path_per_floor":["M","?","M","T","$","R","M","E","T","E","R","?","M","M","R","B",null,"M","?","M","$","M","R","M","M","T","$","M","R","M","M","R","B",null,"M","?","M","M","?","R","M","?","T","M","E","?","$","M","R","B",null],"character_chosen":"DEFECT","items_purchased":["Blizzard","Apotheosis","DuplicationPotion"],"campfire_rested":3,"item_purchase_floors":[5,21,47],"current_hp_per_floor":[73,73,81,91,91,91,91,65,65,36,36,36,31,18,46,26,109,100,100,105,105,87,87,65,38,38,38,27,59,61,43,75,28,109,93,93,86,71,71,71,58,91,91,57,31,101,101,101,101,82],"gold":181,"neow_bonus":"RANDOM_COMMON_RELIC","is_daily":false,"chose_seed":false,"campfire_upgraded":3,"win_rate":0.0,"timestamp":1609788464,"path_taken":["M","?","M","?","?","R","M","E","T","E","R","?","M","?","R","BOSS","M","?","M","$","?","R","?","M","T","?","M","R","M","M","R","BOSS","M","?","?","?","?","R","M","?","T","M","E","?","$","M","R","BOSS"],"items_purchased_type":["Card","Card","Potion"],"build_version":"2020-12-22","purchased_purges":3,"victory":true,"max_hp_per_floor":[80,80,85,95,95,95,95,95,95,95,95,95,95,95,95,95,109,109,109,109,109,109,109,109,109,109,109,109,109,109,109,109,109,109,109,109,109,109,109,109,109,115,115,115,115,101,101,101,101,101],"card_choices":[{"not_picked":["Undo","Stack","Lockon"],"picked":"SKIP","floor":1.0},{"not_picked":["Beam Cell","Genetic Algorithm"],"picked":"Auto Shields","floor":3.0},{"not_picked":["Go for the Eyes","Stack"],"picked":"Hologram","floor":7.0},{"not_picked":["Rip and Tear","Sweeping Beam"],"picked":"Rebound","floor":8.0},{"not_picked":["Redo","Leap"],"picked":"Electrodynamics","floor":10.0},{"not_picked":["Hologram","Sweeping Beam"],"picked":"Self Repair","floor":13.0},{"not_picked":["Leap","Capacitor","Static Discharge"],"picked":"SKIP","floor":13.0},{"not_picked":["Leap","Static Discharge"],"picked":"Capacitor","floor":13.0},{"not_picked":["Fusion","Reinforced Body","Ball Lightning"],"picked":"SKIP","floor":14.0},{"not_picked":["Rebound","Redo","Self Repair"],"picked":"SKIP","floor":14.0},{"not_picked":["Multi-Cast","Hyperbeam"],"picked":"Buffer","floor":16.0},{"not_picked":["Barrage","Sweeping Beam"],"picked":"Loop","floor":18.0},{"not_picked":["Static Discharge","BootSequence"],"picked":"Cold Snap","floor":18.0},{"not_picked":["Sunder","Go for the Eyes"],"picked":"Consume","floor":22.0},{"not_picked":["Steam","Stack","Compile Driver"],"picked":"SKIP","floor":22.0},{"not_picked":["Rip and Tear","Ball Lightning","Aggregate"],"picked":"SKIP","floor":24.0},{"not_picked":["Hyperbeam","Coolheaded","Auto Shields"],"picked":"SKIP","floor":24.0},{"not_picked":["Hello World","Redo+1"],"picked":"Hologram+1","floor":25.0},{"not_picked":["Skim","Ball Lightning","Gash+1"],"picked":"SKIP","floor":25.0},{"not_picked":["Stack","Hologram"],"picked":"Rebound","floor":28.0},{"not_picked":["Go for the Eyes+1","Cold Snap","Rip and Tear"],"picked":"SKIP","floor":28.0},{"not_picked":["Streamline","Consume"],"picked":"Thunder Strike","floor":30.0},{"not_picked":["Streamline","Ball Lightning","Capacitor"],"picked":"SKIP","floor":30.0},{"not_picked":["Streamline","Ball Lightning"],"picked":"Capacitor","floor":30.0},{"not_picked":["Undo","Gash","Redo"],"picked":"SKIP","floor":31.0},{"not_picked":["Go for the Eyes","Turbo+1","Barrage"],"picked":"SKIP","floor":31.0},{"not_picked":["Steam+1","Gash+1","Force Field+1"],"picked":"SKIP","floor":35.0},{"not_picked":["Blizzard+1","Sweeping Beam+1","Ball Lightning"],"picked":"SKIP","floor":35.0},{"not_picked":["Streamline","Hologram"],"picked":"Cold Snap+1","floor":37.0},{"not_picked":["Blizzard+1","Streamline","Stack+1"],"picked":"SKIP","floor":37.0},{"not_picked":["Blizzard+1","Leap"],"picked":"Defragment","floor":38.0},{"not_picked":["Conserve Battery","Redo"],"picked":"Leap+1","floor":38.0},{"not_picked":["Creative AI","Fusion+1"],"picked":"Glacier","floor":41.0},{"not_picked":["Redo+1","Scrape+1","Beam Cell+1"],"picked":"SKIP","floor":41.0},{"not_picked":["Sunder+1","Streamline"],"picked":"Fusion+1","floor":44.0},{"not_picked":["Redo+1","Steam+1","Doom and Gloom"],"picked":"SKIP","floor":44.0},{"not_picked":["Machine Learning","Coolheaded+1"],"picked":"Glacier","floor":45.0},{"not_picked":["Coolheaded","Go for the Eyes","Turbo+1"],"picked":"SKIP","floor":48.0},{"not_picked":["Darkness+1","Leap","Redo+1"],"picked":"SKIP","floor":48.0}],"player_experience":62785,"relics_obtained":[{"floor":4.0,"key":"Pear"},{"floor":8.0,"key":"Du-Vu Doll"},{"floor":9.0,"key":"Peace Pipe"},{"floor":10.0,"key":"Prayer Wheel"},{"floor":17.0,"key":"Darkstone Periapt"},{"floor":17.0,"key":"Art of War"},{"floor":17.0,"key":"Mango"},{"floor":26.0,"key":"DataDisk"},{"floor":43.0,"key":"Ancient Tea Set"},{"floor":45.0,"key":"The Courier"}],"event_choices":[{"damage_healed":0.0,"max_hp_gain":0.0,"max_hp_loss":0.0,"gold_gain":0.0,"event_name":"Big Fish","player_choice":"Box","floor":2.0,"gold_loss":0.0,"damage_taken":0.0,"relics_obtained":["Toy Ornithopter"],"cards_obtained":["Regret"]},{"damage_healed":0.0,"max_hp_gain":0.0,"max_hp_loss":0.0,"gold_gain":0.0,"event_name":"Golden Idol","player_choice":"Take Wound","floor":12.0,"gold_loss":0.0,"damage_taken":0.0,"relics_obtained":["Golden Idol"],"cards_obtained":["Injury"]},{"cards_removed":["Rebound"],"damage_healed":0.0,"max_hp_gain":0.0,"max_hp_loss":0.0,"gold_gain":0.0,"event_name":"WeMeetAgain","player_choice":"Gave Card","floor":19.0,"gold_loss":0.0,"damage_taken":0.0,"relics_obtained":["Lantern"]},{"cards_removed":["Self Repair"],"damage_healed":0.0,"max_hp_gain":0.0,"max_hp_loss":0.0,"gold_gain":0.0,"event_name":"Designer","player_choice":"Upgrade and Remove","floor":36.0,"gold_loss":90.0,"damage_taken":0.0,"cards_upgraded":["Strike_B"]},{"cards_removed":["Strike_B"],"damage_healed":0.0,"max_hp_gain":0.0,"max_hp_loss":0.0,"gold_gain":0.0,"event_name":"Falling","player_choice":"Removed Attack","floor":39.0,"gold_loss":0.0,"damage_taken":0.0},{"damage_healed":27.0,"max_hp_gain":0.0,"max_hp_loss":0.0,"gold_gain":0.0,"event_name":"Winding Halls","player_choice":"Writhe","floor":42.0,"gold_loss":0.0,"damage_taken":0.0,"cards_obtained":["Writhe"]},{"damage_healed":101.0,"max_hp_gain":0.0,"max_hp_loss":14.0,"gold_gain":0.0,"event_name":"The Moai Head","player_choice":"Heal","floor":46.0,"gold_loss":0.0,"damage_taken":0.0}],"is_beta":false,"boss_relics":[{"not_picked":["Velvet Choker","Sozu"],"picked":"Calling Bell"},{"not_picked":["Philosopher\u0027s Stone","SacredBark"],"picked":"Fusion Hammer"}],"items_purged_floors":[21,27,47],"is_endless":false,"potions_floor_spawned":[1,3,10,14,22,24,28,33,38,41,45],"ascension_level":2}}