{"host":"lxihx0b6awoz2w1j","time":1609777521,"event":{"mods":["Aspiration","BaseMod","Better Third Choice","CapriCore","Colored Powertips","Downfall","Hermit","HololiveMod","Hubris","Infinite Spire","JesterMod","Luminous","Marisa????????","Melee Mod","Minty Spire (QoL Compilation)","Prisma Mod","Relic Stats","Shade Mod","Spicy Shops","StSLib","The Alterego","The Blue Laboratory","The Cursed","The Disciple","The Forsaken","The Immortal","The Jungle","The Runesmith","The Senshi","The Servant 0.9.4","Waifu the Spire"],"gold_per_floor":[116,128,142,152,227,259,9,9,9,9,21,21,46,46,46,149,149,164,180,191,191,290,318,318,318,318,318,343,343,363,382,382,477,477,496,87,100,120,120,120,195,195,195,195,213,213,213,229,229,229],"floor_reached":51,"playtime":2950,"items_purged":[],"score":800,"play_id":"293c58f5-a3a4-4406-94e5-f0df4b2c660f","local_time":"20210104172521","is_ascension_mode":false,"campfire_choices":[{"floor":8.0,"key":"REST"},{"data":"alterego_mod:BigMeatyClaws","floor":10.0,"key":"SMITH"},{"floor":12.0,"key":"REST"},{"data":"alterego_mod:Birthday","floor":15.0,"key":"SMITH"},{"floor":25.0,"key":"REST"},{"data":"alterego_mod:RingBreak","floor":27.0,"key":"SMITH"},{"floor":29.0,"key":"REST"},{"floor":32.0,"key":"REST"},{"data":"alterego_mod:BrynhildrsRune","floor":40,"key":"SMITH"},{"floor":42,"key":"REST"},{"data":"1","floor":44,"key":"LIFT"},{"data":"2","floor":46,"key":"LIFT"},{"data":"3","floor":49,"key":"LIFT"}],"circlet_count":0,"master_deck":["alterego_mod:Strike","alterego_mod:Strike","alterego_mod:Strike","alterego_mod:Strike","alterego_mod:Defend","alterego_mod:Defend","alterego_mod:Defend","alterego_mod:Defend","alterego_mod:Impale+1","alterego_mod:BigMeatyClaws+1","alterego_mod:BrynhildrsRune+1","alterego_mod:GoddessCore","alterego_mod:ClassAdvantage","alterego_mod:Undulate","alterego_mod:Birthday+1","alterego_mod:1TonWallop","alterego_mod:Exercise","alterego_mod:Support","alterego_mod:Bounce","alterego_mod:GoddessCore+1","alterego_mod:RingBreak+1","alterego_mod:Bounce+1","alterego_mod:DiscoLights+1","alterego_mod:Support","alterego_mod:DeftHands+1","alterego_mod:DiscoLights+1","alterego_mod:Birthday+1","alterego_mod:Pet+1","alterego_mod:Palingenesis+1","Defy+1","Unruled+1","alterego_mod:PresenceConcealment","alterego_mod:Maid+1","alterego_mod:Support+1"],"relics":["alterego_mod:MasochisticConstitution","Omamori","Kunai","theForsaken:Gavel","theForsaken:HumbleEgg","aspiration:MobileForge","hubris:Towel","StoneCalendar","Matryoshka","Hololive_LightStick","aspiration:ServantSkillbook","hubris:MobiusCoin","theForsaken:ScaryMask","Runesmith:Nanobots","Pear","Girya"],"acts_visited":["Exordium","TheCity","TheBeyond"],"potions_floor_usage":[41],"damage_taken":[{"damage":4.0,"enemies":"Small Slimes","floor":1.0,"turns":4.0},{"damage":6.0,"enemies":"Cultist","floor":2.0,"turns":3.0},{"damage":8.0,"enemies":"Jaw Worm","floor":3.0,"turns":6.0},{"damage":14.0,"enemies":"3 Louse","floor":4.0,"turns":7.0},{"damage":31.0,"enemies":"3 Sentries","floor":6.0,"turns":8.0},{"damage":9.0,"enemies":"Looter","floor":11.0,"turns":4.0},{"damage":17.0,"enemies":"Lagavulin","floor":13.0,"turns":7.0},{"damage":15.0,"enemies":"Slime Boss","floor":16.0,"turns":6.0},{"damage":4.0,"enemies":"2 Thieves","floor":18.0,"turns":4.0},{"damage":1.0,"enemies":"Spheric Guardian","floor":19.0,"turns":5.0},{"damage":26.0,"enemies":"Snake Plant","floor":20.0,"turns":7.0},{"damage":38.0,"enemies":"Gremlin Leader","floor":23.0,"turns":9.0},{"damage":54.0,"enemies":"Slavers","floor":28.0,"turns":4.0},{"damage":0.0,"enemies":"Snecko","floor":30.0,"turns":5.0},{"damage":16.0,"enemies":"Centurion and Healer","floor":31.0,"turns":5.0},{"damage":0.0,"enemies":"Automaton","floor":33.0,"turns":7.0},{"damage":30.0,"enemies":"3 Shapes","floor":35.0,"turns":4.0},{"damage":0.0,"enemies":"Orb Walker","floor":37.0,"turns":3.0},{"damage":13,"enemies":"Writhing Mass","floor":38,"turns":8},{"damage":35,"enemies":"Reptomancer","floor":41,"turns":9},{"damage":0,"enemies":"Transient","floor":45,"turns":5},{"damage":6,"enemies":"Spire Growth","floor":48,"turns":6},{"damage":23,"enemies":"Donu and Deca","floor":50,"turns":9}],"seed_played":"5617975866276868138","potions_obtained":[{"floor":1.0,"key":"SkillPotion"},{"floor":2.0,"key":"blueLaboratory:PhilterOfMotion"},{"floor":3.0,"key":"Strength Potion"},{"floor":6.0,"key":"blueLaboratory:PolymorphPotion"},{"floor":13.0,"key":"ColorlessPotion"},{"floor":18.0,"key":"champ:CounterPotion"},{"floor":20.0,"key":"PowerPotion"},{"floor":33.0,"key":"SpeedPotion"},{"floor":37.0,"key":"BlessingOfTheForge"}],"is_trial":false,"path_per_floor":["M","M","M","M","?","E","$","R","T","R","M","R","E","?","R","B",null,"M","M","M","?","?","E","?","R","T","R","E","R","M","M","R","B",null,"M","$","M","M","?","R","E","R","T","R","M","R","?","M","R","B",null],"character_chosen":"The_Alterego","items_purchased":["Kunai","alterego_mod:Exercise","alterego_mod:Support","hubris:MobiusCoin","theForsaken:ScaryMask","Unruled+1"],"campfire_rested":6,"item_purchase_floors":[7,7,7,36,36,36],"current_hp_per_floor":[74,69,69,70,59,38,38,62,62,62,56,80,73,73,73,62,85,85,86,64,64,64,51,51,77,77,77,27,54,61,52,79,85,91,68,68,74,68,68,68,40,68,78,78,84,84,74,75,75,59],"gold":229,"neow_bonus":"TEN_PERCENT_HP_BONUS","is_daily":false,"chose_seed":false,"campfire_upgraded":4,"win_rate":0.0,"timestamp":1609777521,"path_taken":["M","M","M","M","?","E","$","R","T","R","M","R","E","?","R","BOSS","M","M","M","?","?","E","?","R","T","R","E","R","M","M","R","BOSS","M","$","M","M","?","R","E","R","T","R","?","R","?","M","R","BOSS"],"items_purchased_type":["Relic","Card","Card","Relic","Relic","Card"],"build_version":"2020-12-22","purchased_purges":0,"victory":true,"max_hp_per_floor":[78,79,80,81,81,82,82,82,82,82,83,83,84,84,84,85,85,86,87,88,88,88,89,89,89,89,89,90,90,90,91,91,91,91,92,92,92,93,93,93,94,94,104,104,104,104,104,105,105,106],"relic_stats":{"counters":[23,135],"StoneCalendar":[136],"Kunai":[107],"obtain_stats":[{"hubris:MobiusCoin":36,"Girya":43,"alterego_mod:MasochisticConstitution":0,"theForsaken:ScaryMask":36,"Runesmith:Nanobots":41,"Pear":43,"StoneCalendar":23,"Omamori":6,"hubris:Towel":21,"theForsaken:Gavel":9,"theForsaken:HumbleEgg":13,"Hololive_LightStick":28,"Matryoshka":26,"aspiration:MobileForge":17,"aspiration:ServantSkillbook":34,"Kunai":7},{"hubris:MobiusCoin":17,"Girya":20,"alterego_mod:MasochisticConstitution":0,"theForsaken:ScaryMask":17,"Runesmith:Nanobots":20,"Pear":20,"StoneCalendar":12,"Omamori":5,"hubris:Towel":11,"theForsaken:Gavel":5,"theForsaken:HumbleEgg":7,"Hololive_LightStick":13,"Matryoshka":12,"aspiration:MobileForge":8,"aspiration:ServantSkillbook":16,"Kunai":5},{"hubris:MobiusCoin":95,"Girya":115,"alterego_mod:MasochisticConstitution":0,"theForsaken:ScaryMask":95,"Runesmith:Nanobots":115,"Pear":115,"StoneCalendar":70,"Omamori":28,"hubris:Towel":61,"theForsaken:Gavel":28,"theForsaken:HumbleEgg":39,"Hololive_LightStick":74,"Matryoshka":70,"aspiration:MobileForge":45,"aspiration:ServantSkillbook":91,"Kunai":28}]},"card_choices":[{"not_picked":["alterego_mod:TrashNCrash","alterego_mod:Cooking"],"picked":"alterego_mod:GoddessCore","floor":1.0},{"not_picked":["alterego_mod:TrashNCrash","alterego_mod:Maid"],"picked":"alterego_mod:ClassAdvantage","floor":2.0},{"not_picked":["alterego_mod:BusterCard","alterego_mod:PurpleHair"],"picked":"alterego_mod:Undulate","floor":3.0},{"not_picked":["alterego_mod:Santa","alterego_mod:DustData"],"picked":"alterego_mod:Birthday","floor":4.0},{"not_picked":["alterego_mod:Tantrum","alterego_mod:Antipathy"],"picked":"alterego_mod:1TonWallop","floor":6.0},{"not_picked":["alterego_mod:Cooking","alterego_mod:Jiggle"],"picked":"alterego_mod:Bounce","floor":11.0},{"not_picked":["alterego_mod:BusterCard","alterego_mod:1TonWallop+1"],"picked":"alterego_mod:GoddessCore+1","floor":13.0},{"not_picked":["alterego_mod:AlterEgo","alterego_mod:IdEs"],"picked":"alterego_mod:RingBreak","floor":16.0},{"not_picked":["alterego_mod:Maid+1","alterego_mod:PerceptionDisorder+1"],"picked":"alterego_mod:Bounce+1","floor":18.0},{"not_picked":["alterego_mod:Cooking+1","alterego_mod:STier"],"picked":"alterego_mod:DiscoLights+1","floor":19.0},{"not_picked":["alterego_mod:Cooking+1","alterego_mod:GachaTicket"],"picked":"alterego_mod:Support","floor":20.0},{"not_picked":["alterego_mod:Skirt+1","alterego_mod:SakuraFive+1"],"picked":"alterego_mod:DeftHands+1","floor":23.0},{"not_picked":["alterego_mod:Punishment+1","alterego_mod:Cycle+1"],"picked":"alterego_mod:DiscoLights+1","floor":28.0},{"not_picked":["alterego_mod:Belle+1","alterego_mod:TrashNCrash+1"],"picked":"alterego_mod:Birthday+1","floor":30.0},{"not_picked":["alterego_mod:RidiculouslyBig","alterego_mod:Skirt+1"],"picked":"alterego_mod:Pet+1","floor":31.0},{"not_picked":["alterego_mod:Venus","alterego_mod:AlterEgo"],"picked":"alterego_mod:Palingenesis","floor":33.0},{"not_picked":["alterego_mod:GoddessCore+1","ShatteredReality+1","Rearm+1"],"picked":"Defy+1","floor":35.0},{"not_picked":["alterego_mod:TrashNCrash+1","alterego_mod:HighServant+1","alterego_mod:Lingerie"],"picked":"alterego_mod:PresenceConcealment","floor":37.0},{"not_picked":["Snipe","alterego_mod:Santa","ShiftingGears+1"],"picked":"alterego_mod:Maid+1","floor":38},{"not_picked":["DoubleEdge+1","alterego_mod:Jiggle+1","ReturningBlade+1"],"picked":"alterego_mod:Support+1","floor":41},{"not_picked":["TimeWarp+1","Starlight+1","alterego_mod:Pet+1","alterego_mod:GoddessCore+1"],"picked":"SKIP","floor":45},{"not_picked":["FlawlessForm","alterego_mod:Collar+1","alterego_mod:Nekomimi+1","Revamp+1"],"picked":"SKIP","floor":48}],"player_experience":524925,"relics_obtained":[{"floor":6.0,"key":"Omamori"},{"floor":9.0,"key":"theForsaken:Gavel"},{"floor":13.0,"key":"theForsaken:HumbleEgg"},{"floor":23.0,"key":"StoneCalendar"},{"floor":26.0,"key":"Matryoshka"},{"floor":28.0,"key":"Hololive_LightStick"},{"floor":41,"key":"Runesmith:Nanobots"},{"floor":43,"key":"Pear"},{"floor":43,"key":"Girya"}],"event_choices":[{"damage_healed":0.0,"max_hp_gain":0.0,"max_hp_loss":0.0,"gold_gain":75.0,"event_name":"betterThird:BetterGoop","player_choice":"Gold","floor":5.0,"gold_loss":0.0,"damage_taken":11.0},{"damage_healed":0.0,"max_hp_gain":0.0,"max_hp_loss":0.0,"gold_gain":0.0,"event_name":"Accursed Blacksmith","player_choice":"Forge","floor":14.0,"gold_loss":0.0,"damage_taken":0.0,"cards_upgraded":["alterego_mod:Impale"]},{"damage_healed":0.0,"max_hp_gain":0.0,"max_hp_loss":0.0,"gold_gain":99.0,"event_name":"betterThird:BetterNest","player_choice":"Steal","floor":22.0,"gold_loss":0.0,"damage_taken":0.0},{"damage_healed":0,"gold_gain":0,"player_choice":"Upgraded","damage_taken":0,"max_hp_gain":0,"max_hp_loss":0,"event_name":"Upgrade Shrine","floor":39,"gold_loss":0,"cards_upgraded":["alterego_mod:Palingenesis"]},{"damage_healed":0,"gold_gain":0,"player_choice":"Damaged","damage_taken":10,"max_hp_gain":0,"max_hp_loss":0,"event_name":"Wheel of Change","floor":47,"gold_loss":0}],"is_beta":false,"boss_relics":[{"not_picked":["hubris:RunicObelisk","theForsaken:PaleLantern"],"picked":"aspiration:MobileForge"},{"not_picked":["aspiration:RunicSpoon","Hololive_ChaosS"],"picked":"aspiration:ServantSkillbook"}],"items_purged_floors":[],"is_endless":false,"potions_floor_spawned":[1,2,3,6,13,18,20,33,37,38],"ascension_level":0}}