{"host":"r428wgyz1934czl7","time":1609762511,"event":{"mods":["100% Spire Juice","Act Like it!","Aspiration","BaseMod","Bestiary","Better Altar","Better Match","Better Note","Better Sensory Stone","Better Skull","Better Third Choice","CCEM","CapriCore","Conspire","Displayed Cursed Tome","Downfall","Duelist Mod","Elementarium","Gensokyo","GifTheSpireLib","Hubris","Infinite Spire","Jedi Mod","Jorbs\u0027s Wanderer Trilogy","Menagerie","Minty Spire (QoL Compilation)","MostiFishMod","Prisma Mod","Replay The Spire","Robot Space Explorer","Spicy Shops","StSLib","Stuff the Spire","The Alterego","The Animator","The Dragon Tamer","The Gatherer","The Immortal","The Marked","The Poker Player","WarShipGirlsR/??¤Ö¤kR mod","vexMod"],"gold_per_floor":[297,317,331,331,192,192,192,117,144,144,144],"floor_reached":9,"playtime":358,"items_purged":[],"score":59,"play_id":"cfdb6ae6-5fd6-4b1c-aa99-ca9a82d04a43","local_time":"20210104201511","is_ascension_mode":false,"campfire_choices":[{"floor":6,"key":"RECALL"},{"data":"infinitespire:NeuralNetwork","floor":8,"key":"SMITH"}],"circlet_count":0,"master_deck":["hexamod:Strike","hexamod:Strike","hexamod:Strike","hexamod:Strike","hexamod:Defend","hexamod:Defend","hexamod:Defend","hexamod:Defend","hexamod:Sear","hexamod:Float","hexamod:HauntingEcho","hexamod:BurningTouch","infinitespire:NeuralNetwork+1","hexamod:WildfireWeapon","hexamod:ThermalTransfer","hexamod:ExtraCrispy","hexamod:ShieldOfDarkness"],"relics":["hexamod:SpiritBrand","DaveBox","Bottled Flame","downfall:HeartBlessingRed","Thread and Needle"],"acts_visited":["Exordium"],"potions_floor_usage":[],"damage_taken":[{"damage":0,"enemies":"Cultist","floor":2,"turns":3},{"damage":5,"enemies":"Jaw Worm","floor":3,"turns":2},{"damage":4,"enemies":"downfall:FleeingMerchant","floor":5,"turns":4},{"damage":28,"enemies":"3 Sentries","floor":9,"turns":7}],"seed_played":"-8460764219461315851","potions_obtained":[{"floor":3,"key":"Adrenaline Potion"},{"floor":9,"key":"Dexterity Potion"}],"is_trial":false,"path_per_floor":["R","M","M","?","$","R","T","R","E"],"character_chosen":"THE_SPIRIT","items_purchased":["hexamod:ThermalTransfer","hexamod:ExtraCrispy"],"campfire_rested":0,"item_purchase_floors":[5,5],"current_hp_per_floor":[70,70,65,47,43,43,43,43,15,15,15],"gold":144,"neow_bonus":"HUNDRED_GOLD","is_daily":false,"chose_seed":false,"campfire_upgraded":1,"win_rate":0.0,"timestamp":1609762511,"path_taken":["R","M","?","?","$","R","T","R","E"],"items_purchased_type":["Card","Card"],"build_version":"2020-12-22","purchased_purges":0,"victory":false,"max_hp_per_floor":[70,70,70,70,70,70,70,70,70,70,70],"card_choices":[{"not_picked":["hexamod:SpectralSpark","hexamod:FastForward"],"picked":"hexamod:HauntingEcho","floor":2},{"not_picked":["hexamod:InspiringFlames","hexamod:GhostShield"],"picked":"hexamod:BurningTouch","floor":3},{"not_picked":["infinitespire:Execution","hubris:InfiniteBlow"],"picked":"infinitespire:NeuralNetwork","floor":4},{"not_picked":["hexamod:AdvancingGuard","hexamod:NightmareStrike"],"picked":"hexamod:WildfireWeapon","floor":5},{"not_picked":["hexamod:Hexaguard","hexamod:BacktrackSmack"],"picked":"hexamod:ShieldOfDarkness","floor":9}],"player_experience":218375,"relics_obtained":[{"floor":7,"key":"Bottled Flame"},{"floor":9,"key":"Thread and Needle"}],"event_choices":[],"is_beta":false,"boss_relics":[],"items_purged_floors":[],"is_endless":false,"potions_floor_spawned":[3,9],"killed_by":"3 Sentries","ascension_level":0}}