{"host":"e52c7hvho6xny3hd","time":1609777972,"event":{"mods":["AchievementEnabler","BaseMod","Colored Map","DeckTracker","Minty Spire (QoL Compilation)","Permanent Neow","StSLib"],"gold_per_floor":[119,134,150,168,168,168,193,193,193,209,84,106,118,128,128,128,128],"floor_reached":16,"playtime":686,"items_purged":["Strike_B"],"score":147,"play_id":"c289f155-389b-4760-925b-4bc8bd4122ac","local_time":"20210105013252","is_ascension_mode":true,"campfire_choices":[{"data":"Coolheaded","floor":6,"key":"SMITH"},{"data":"Chaos","floor":8,"key":"SMITH"},{"floor":15,"key":"REST"}],"circlet_count":0,"master_deck":["AscendersBane","Strike_B","Strike_B","Strike_B","Defend_B","Defend_B","Defend_B","Defend_B","Zap","Dualcast","Chaos+1","Gash","FTL","Steam","Coolheaded+1","Leap","Gash","Coolheaded","All For One"],"relics":["Cracked Core","CeramicFish","Strawberry"],"acts_visited":["Exordium"],"potions_floor_usage":[],"damage_taken":[{"damage":14,"enemies":"Jaw Worm","floor":1,"turns":5},{"damage":6,"enemies":"Cultist","floor":2,"turns":3},{"damage":4,"enemies":"2 Louse","floor":3,"turns":3},{"damage":18,"enemies":"Exordium Wildlife","floor":4,"turns":6},{"damage":4,"enemies":"Red Slaver","floor":7,"turns":4},{"damage":5,"enemies":"Large Slime","floor":10,"turns":6},{"damage":0,"enemies":"Exordium Wildlife","floor":12,"turns":2},{"damage":8,"enemies":"3 Louse","floor":13,"turns":2},{"damage":0,"enemies":"Large Slime","floor":14,"turns":4},{"damage":20,"enemies":"The Guardian","floor":16,"turns":9}],"seed_played":"-8236834674493582329","potions_obtained":[{"floor":1,"key":"Strength Potion"},{"floor":2,"key":"Block Potion"},{"floor":7,"key":"SmokeBomb"},{"floor":13,"key":"Energy Potion"}],"is_trial":false,"path_per_floor":["M","M","M","M","?","R","M","R","T","M","$","M","M","M","R","B"],"character_chosen":"DEFECT","items_purchased":["Gash","Coolheaded"],"campfire_rested":1,"item_purchase_floors":[11,11],"current_hp_per_floor":[54,48,44,26,26,26,22,22,29,24,24,24,16,16,40,20,20],"gold":128,"neow_bonus":"THREE_CARDS","is_daily":false,"chose_seed":false,"campfire_upgraded":2,"win_rate":0.0,"timestamp":1609777972,"path_taken":["M","M","M","M","?","R","M","R","T","M","$","?","M","M","R","BOSS"],"items_purchased_type":["Card","Card"],"build_version":"2020-12-22","purchased_purges":1,"victory":false,"max_hp_per_floor":[75,75,75,75,75,75,75,75,82,82,82,82,82,82,82,82,82],"card_choices":[{"not_picked":["Go for the Eyes","Tempest"],"picked":"Chaos","floor":0},{"not_picked":["Chill","Tempest"],"picked":"Gash","floor":1},{"not_picked":["Hologram","Beam Cell"],"picked":"FTL","floor":2},{"not_picked":["Rebound","Force Field"],"picked":"Steam","floor":3},{"not_picked":["Barrage","Skim"],"picked":"Coolheaded","floor":4},{"not_picked":["White Noise","Steam"],"picked":"Leap","floor":7},{"not_picked":["Turbo","Leap","Reinforced Body"],"picked":"SKIP","floor":10},{"not_picked":["Undo","Turbo"],"picked":"All For One","floor":12},{"not_picked":["Double Energy","Coolheaded","Hologram"],"picked":"SKIP","floor":13},{"not_picked":["Barrage","Storm","Melter"],"picked":"SKIP","floor":14}],"player_experience":627575,"relics_obtained":[{"floor":9,"key":"Strawberry"}],"event_choices":[{"damage_healed":0,"gold_gain":0,"player_choice":"Gave Potion","damage_taken":0,"relics_obtained":["CeramicFish"],"max_hp_gain":0,"max_hp_loss":0,"event_name":"WeMeetAgain","floor":5,"gold_loss":0}],"is_beta":false,"boss_relics":[],"items_purged_floors":[11],"is_endless":false,"potions_floor_spawned":[1,2,7,13],"killed_by":"The Guardian","ascension_level":10}}