{"host":"Sumable","time":1609739164,"event":{"mods":["AchievementEnabler","BaseMod","Better Note","BetterRewards","Googly Eyes","Hermit","Minty Spire (QoL Compilation)","Quick Restart","Shop Mod","StSLib","The Cursed","everything is the same but u backflip on backflip","slay the spire mod where everything is the same but ironclad has a cowboy hat"],"gold_per_floor":[10,10,10,33,7,7,47,67,67,67,108,131,131,131,131,257,257,257],"floor_reached":17,"playtime":1430,"items_purged":[],"score":222,"play_id":"ea3280ef-23a4-493d-9330-6a56afc5c560","local_time":"20210103224604","is_ascension_mode":true,"campfire_choices":[{"data":"MentalFortress","floor":6,"key":"SMITH"},{"data":"Eruption","floor":10,"key":"SMITH"},{"data":"ClearTheMind","floor":13,"key":"SMITH"},{"data":"EmptyFist","floor":15,"key":"SMITH"}],"circlet_count":0,"master_deck":["Strike_P","Strike_P","Strike_P","Strike_P","Defend_P","Defend_P","Defend_P","Defend_P","Eruption+1","Vigilance","MentalFortress+1","Injury","ClearTheMind+1","EmptyFist+1","Tantrum","LessonLearned"],"relics":["PureWater","Golden Idol","Eternal Feather","Letter Opener","PreservedInsect","GremlinMask","Black Star"],"acts_visited":["Exordium","TheCity"],"potions_floor_usage":[4],"damage_taken":[{"damage":2,"enemies":"Small Slimes","floor":1,"turns":4},{"damage":0,"enemies":"Cultist","floor":4,"turns":4},{"damage":15,"enemies":"Lagavulin","floor":7,"turns":8},{"damage":0,"enemies":"2 Louse","floor":8,"turns":3},{"damage":12,"enemies":"Gremlin Nob","floor":11,"turns":5},{"damage":0,"enemies":"Slime Boss","floor":16,"turns":6}],"seed_played":"1693011748338922331","potions_obtained":[{"floor":1,"key":"Fire Potion"},{"floor":7,"key":"SpeedPotion"}],"is_trial":false,"path_per_floor":["M","?","?","M","$","R","E","M","T","R","E","T","R","?","R","B",null],"character_chosen":"WATCHER","items_purchased":["EmptyFist"],"campfire_rested":0,"item_purchase_floors":[5],"current_hp_per_floor":[84,84,84,84,84,84,69,69,69,78,66,66,75,75,84,84,86,86],"gold":257,"neow_bonus":"TWENTY_PERCENT_HP_BONUS","is_daily":false,"chose_seed":false,"campfire_upgraded":4,"win_rate":0.0,"timestamp":1609739164,"path_taken":["M","?","?","?","$","R","E","M","T","R","E","?","R","?","R","BOSS"],"items_purchased_type":["Card"],"build_version":"2020-12-18","purchased_purges":0,"victory":false,"max_hp_per_floor":[86,86,86,86,86,86,86,86,86,86,86,86,86,86,86,86,86,86],"card_choices":[{"not_picked":["Protect","BowlingBash"],"picked":"MentalFortress","floor":1},{"not_picked":["ForeignInfluence","PathToVictory"],"picked":"ClearTheMind","floor":4},{"not_picked":["EmptyFist","Wallop"],"picked":"Tantrum","floor":7},{"not_picked":["Nirvana","Prostrate","JustLucky"],"picked":"SKIP","floor":8},{"not_picked":["CutThroughFate","Fasting2","WheelKick"],"picked":"SKIP","floor":11},{"not_picked":["Establishment","DevaForm"],"picked":"LessonLearned","floor":16}],"player_experience":1045720,"relics_obtained":[{"floor":7,"key":"Eternal Feather"},{"floor":9,"key":"Letter Opener"},{"floor":11,"key":"PreservedInsect"}],"event_choices":[{"damage_healed":0,"gold_gain":0,"player_choice":"Take Wound","damage_taken":0,"relics_obtained":["Golden Idol"],"max_hp_gain":0,"max_hp_loss":0,"event_name":"Golden Idol","floor":2,"gold_loss":0,"cards_obtained":["Injury"]},{"damage_healed":0,"gold_gain":0,"player_choice":"Ignored","damage_taken":0,"max_hp_gain":0,"max_hp_loss":0,"event_name":"betterNote:BetterNote","floor":3,"gold_loss":0,"cards_obtained":["hermit:DeadOrAlive"]},{"damage_healed":0,"gold_gain":0,"player_choice":"Trade","damage_taken":0,"relics_obtained":["GremlinMask"],"max_hp_gain":0,"max_hp_loss":0,"event_name":"FaceTrader","floor":14,"gold_loss":0}],"is_beta":true,"boss_relics":[{"not_picked":["SacredBark","Ectoplasm"],"picked":"Black Star"}],"items_purged_floors":[],"is_endless":false,"potions_floor_spawned":[1,7],"ascension_level":1}}