{"host":"msmkw03x1o7nq45i","time":1609740910,"event":{"mods":["BaseMod","Bestiary","Colored Powertips","GifTheSpireLib","Highlight Path","Minty Spire (QoL Compilation)","Random Character Button","StSLib","everything is the same but u backflip on backflip"],"gold_per_floor":[109,47,60,71,86,117,117,127,127,127,143,293,328,253,253,328,328,345,357,357,357],"floor_reached":20,"playtime":1451,"items_purged":[],"score":326,"play_id":"aebd075e-fecc-4d6a-ba23-8cbf5a04196b","local_time":"20210104081510","is_ascension_mode":true,"campfire_choices":[{"data":"Bash","floor":7,"key":"SMITH"},{"floor":10,"key":"REST"},{"floor":15,"key":"REST"}],"circlet_count":0,"master_deck":["AscendersBane","Strike_R","Strike_R","Strike_R","Strike_R","Strike_R","Defend_R","Defend_R","Defend_R","Defend_R","Bash+1","Sword Boomerang","Pummel+1","Clothesline+1","Demon Form","Shrug It Off"],"relics":["Philosopher\u0027s Stone","Molten Egg 2","Singing Bowl","Ginger","TungstenRod","Cursed Key"],"acts_visited":["Exordium","TheCity"],"potions_floor_usage":[6,13,13,16,19],"damage_taken":[{"damage":6,"enemies":"Jaw Worm","floor":1,"turns":4},{"damage":0,"enemies":"Cultist","floor":3,"turns":3},{"damage":8,"enemies":"Small Slimes","floor":4,"turns":3},{"damage":15,"enemies":"3 Louse","floor":5,"turns":5},{"damage":12,"enemies":"Gremlin Nob","floor":6,"turns":3},{"damage":8,"enemies":"Red Slaver","floor":8,"turns":3},{"damage":4,"enemies":"Looter","floor":11,"turns":3},{"damage":55,"enemies":"3 Sentries","floor":13,"turns":8},{"damage":12,"enemies":"The Guardian","floor":16,"turns":9},{"damage":17,"enemies":"3 Byrds","floor":18,"turns":7},{"damage":14,"enemies":"Shell Parasite","floor":19,"turns":3},{"damage":38,"enemies":"Sentry and Sphere","floor":20,"turns":5}],"seed_played":"6969794351441019259","potions_obtained":[{"floor":1,"key":"SteroidPotion"},{"floor":3,"key":"BloodPotion"},{"floor":11,"key":"BlessingOfTheForge"},{"floor":13,"key":"AttackPotion"},{"floor":16,"key":"Fire Potion"},{"floor":18,"key":"Energy Potion"},{"floor":19,"key":"Explosive Potion"}],"is_trial":false,"path_per_floor":["M","?","M","M","M","E","R","M","T","R","M","?","E","?","R","B",null,"M","M","M"],"character_chosen":"IRONCLAD","items_purchased":[],"campfire_rested":2,"item_purchase_floors":[],"current_hp_per_floor":[62,62,62,54,39,29,29,23,23,46,42,42,4,4,28,18,67,50,38,0,0],"gold":357,"neow_bonus":"BOSS_RELIC","is_daily":false,"chose_seed":false,"campfire_upgraded":1,"win_rate":0.0,"timestamp":1609740910,"path_taken":["M","?","M","?","M","E","R","M","T","R","M","?","E","?","R","BOSS","M","M","M"],"items_purchased_type":[],"build_version":"2020-12-22","purchased_purges":0,"victory":false,"max_hp_per_floor":[75,75,75,75,75,77,77,79,79,79,79,79,81,81,81,83,83,83,85,85,85],"card_choices":[{"not_picked":["Metallicize","Evolve"],"picked":"Sword Boomerang","floor":1},{"not_picked":["Perfected Strike+1","Hemokinesis+1"],"picked":"Pummel+1","floor":3},{"not_picked":["Reckless Charge+1","Metallicize"],"picked":"Clothesline+1","floor":4},{"not_picked":["Sword Boomerang+1","Fire Breathing","Dark Embrace"],"picked":"SKIP","floor":5},{"not_picked":["Clash+1","Feel No Pain","Headbutt+1"],"picked":"Singing Bowl","floor":6},{"not_picked":["Armaments","Flex","Clothesline+1"],"picked":"Singing Bowl","floor":8},{"not_picked":["Clash+1","Sword Boomerang+1"],"picked":"Demon Form","floor":11},{"not_picked":["Sever Soul+1","Inflame","Evolve"],"picked":"Singing Bowl","floor":13},{"not_picked":["Juggernaut","Barricade","Demon Form"],"picked":"Singing Bowl","floor":16},{"not_picked":["Power Through","Havoc+1"],"picked":"Shrug It Off","floor":18},{"not_picked":["Pommel Strike+1","Reckless Charge+1","Power Through"],"picked":"Singing Bowl","floor":19}],"player_experience":336578,"relics_obtained":[{"floor":6,"key":"Singing Bowl"},{"floor":9,"key":"Ginger"},{"floor":13,"key":"TungstenRod"}],"event_choices":[{"damage_healed":0,"gold_gain":0,"player_choice":"Paid Gold","damage_taken":0,"relics_obtained":["Molten Egg 2"],"max_hp_gain":0,"max_hp_loss":0,"event_name":"WeMeetAgain","floor":2,"gold_loss":62},{"damage_healed":0,"gold_gain":150,"player_choice":"AGREE","damage_taken":0,"max_hp_gain":0,"max_hp_loss":0,"event_name":"Liars Game","floor":12,"gold_loss":0,"cards_obtained":["Doubt"]},{"cards_removed":["Doubt"],"damage_healed":0,"gold_gain":0,"player_choice":"Card Removal","damage_taken":0,"max_hp_gain":0,"max_hp_loss":0,"event_name":"The Cleric","floor":14,"gold_loss":75}],"is_beta":false,"boss_relics":[{"not_picked":["Empty Cage","Fusion Hammer"],"picked":"Cursed Key"}],"items_purged_floors":[],"is_endless":false,"potions_floor_spawned":[1,3,11,13,16,18,19],"killed_by":"Sentry and Sphere","ascension_level":15}}