{"host":"8kweeulvvasqx820","time":1609791456,"event":{"mods":["Aspiration","BaseMod","Better Altar","Better Match","Better Note","Better Sensory Stone","Better Skull","Better Third Choice","BetterRewards","Colored Map","Conspire","Displayed Cursed Tome","Downfall","Hubris","Infinite Spire","Jorbs\u0027s Wanderer Trilogy","Minty Spire (QoL Compilation)","Relic Stats","Replay The Spire","Spicy Shops","StSLib","SuperFastMode","Swap Starting Deck Mod","The Construct","The Marked","The Servant 0.9.4","everything is the same but u backflip on backflip","slay the spire mod where everything is the same but ironclad has a cowboy hat"],"gold_per_floor":[115,115,130,19,19,19,48,48,94,94,125,138,138,163,163,267,267,283,41,53,71,81,81,115,126,126,96,107,107,117,149,149,263,263,299,299,337,379,31,68,104,116,128,140,27,27,47,84,84,84],"floor_reached":51,"playtime":3180,"items_purged":["Pain","conspire:GhostlyStrike","hubris:Lust","conspire:GhostlyStrike"],"score":1087,"play_id":"6e6dc517-1a1f-4514-8387-7d764dbaf03c","local_time":"20210104151736","is_ascension_mode":true,"campfire_choices":[{"data":"Inflame","floor":6,"key":"SMITH"},{"data":"Bash","floor":10,"key":"SMITH"},{"data":"Flame Barrier","floor":15,"key":"SMITH"},{"data":"Flame Barrier","floor":23,"key":"SMITH"},{"data":"True Grit","floor":32,"key":"SMITH"},{"floor":42,"key":"REST"},{"data":"Inflame","floor":44,"key":"SMITH"},{"data":"conspire:HitWhereItHurts","floor":46,"key":"SMITH"},{"data":"Limit Break","floor":49,"key":"SMITH"}],"circlet_count":0,"master_deck":["conspire:GhostlyStrike","conspire:GhostlyStrike","conspire:GhostlyStrike","conspire:GhostlyDefend","conspire:GhostlyDefend","conspire:GhostlyDefend","conspire:GhostlyDefend","Bash+1","Headbutt","Intimidate","Inflame+1","conspire:HitWhereItHurts+1","Flame Barrier+1","hubris:ReadiedAction","Flame Barrier+1","Limit Break+1","Ghostly Armor+1","Inflame+1","ReplayTheSpireMod:Stacked","Battle Trance","True Grit+1","Pommel Strike","Shrug It Off+1","Twin Strike+1","Flame Barrier+1","Limit Break+1","Life Link","ReplayTheSpireMod:Private Reserves","Shrug It Off+1"],"relics":["Burning Blood","aspiration:Nostalgia","Uniform","WarpedTongs","Replay:WaspNest","hubris:PeanutButter","Happy Flower","infinitespire:PuzzleCube","hubris:Metronome","Matryoshka","hubris:ChampionShield","Replay:Mystery Machine","infinitespire:WardingShard","conspire:SlowCooker","Orrery","Mummified Hand","infinitespire:EvilPickle","Painkiller Herb","Orichalcum","MealTicket","infinitespire:Beetle Shell","Replay:Rubber Ducky","War Paint","ReplayTheSpireMod:CursedCoin","MawBank","PreservedInsect","Mercury Hourglass","aspiration:ChemicalBlood"],"acts_visited":["Exordium","TheCity","TheBeyond"],"potions_floor_usage":[7,14,24,28,28,33,40,47,50],"damage_taken":[{"damage":12,"enemies":"Small Slimes","floor":1,"turns":3},{"damage":8,"enemies":"Cultist","floor":3,"turns":3},{"damage":23,"enemies":"3 Sentries","floor":7,"turns":8},{"damage":15,"enemies":"Lagavulin","floor":11,"turns":6},{"damage":0,"enemies":"2 Louse","floor":12,"turns":2},{"damage":8,"enemies":"Gremlin Nob","floor":14,"turns":4},{"damage":16,"enemies":"Slime Boss","floor":16,"turns":12},{"damage":0,"enemies":"3 Byrds","floor":18,"turns":5},{"damage":2,"enemies":"Chosen","floor":20,"turns":4},{"damage":30,"enemies":"3 Cultists","floor":21,"turns":6},{"damage":21,"enemies":"Cultist and Chosen","floor":22,"turns":7},{"damage":11,"enemies":"Slavers","floor":24,"turns":6},{"damage":0,"enemies":"Chosen and Byrds","floor":25,"turns":7},{"damage":11,"enemies":"Shelled Parasite and Fungi","floor":28,"turns":4},{"damage":0,"enemies":"Snecko","floor":30,"turns":5},{"damage":13,"enemies":"Book of Stabbing","floor":31,"turns":5},{"damage":16,"enemies":"Pondfish","floor":33,"turns":5},{"damage":0,"enemies":"Orb Walker","floor":35,"turns":4},{"damage":9,"enemies":"3 Darklings","floor":37,"turns":5},{"damage":0,"enemies":"Jaw Worm Horde","floor":38,"turns":6},{"damage":19,"enemies":"R_Hoarder","floor":40,"turns":7},{"damage":0,"enemies":"Transient","floor":41,"turns":5},{"damage":0,"enemies":"Maw","floor":47,"turns":6},{"damage":28,"enemies":"Reptomancer","floor":48,"turns":6},{"damage":22,"enemies":"hubris:GrandSnecko","floor":50,"turns":6}],"seed_played":"9108855969950859470","potions_obtained":[{"floor":3,"key":"hexamod:EctoCoolerPotion"},{"floor":12,"key":"champ:CounterPotion"},{"floor":13,"key":"Toxic Potion"},{"floor":13,"key":"infinitespire:BlackPotion"},{"floor":16,"key":"ColorlessPotion"},{"floor":21,"key":"Block Potion"},{"floor":22,"key":"Toxic Potion"},{"floor":24,"key":"Block Potion"},{"floor":27,"key":"Toxic Potion"},{"floor":38,"key":"Adrenaline Potion"},{"floor":48,"key":"SkillPotion"}],"is_trial":false,"path_per_floor":["M","?","M","$","?","R","E","T","T","R","E","M","?","E","R","B",null,"M","$","M","M","M","R","E","M","T","?","M","AVR","M","E","R","B",null,"?","?","?","?","T","E","?","T","T","T","T","T","?","E","T","B",null],"character_chosen":"IRONCLAD","items_purchased":["Inflame","Matryoshka","Replay:Rubber Ducky","Life Link","War Paint","ReplayTheSpireMod:CursedCoin","ReplayTheSpireMod:Private Reserves"],"campfire_rested":1,"item_purchase_floors":[4,19,39,39,39,39,39],"current_hp_per_floor":[74,74,72,72,72,72,55,55,55,55,46,52,52,50,50,40,80,80,80,80,56,41,41,36,42,42,42,37,37,43,36,36,26,80,80,19,16,22,37,34,40,64,64,64,79,79,80,58,58,47],"gold":84,"neow_bonus":"NOSTALGIA","is_daily":false,"chose_seed":false,"campfire_upgraded":8,"win_rate":0.0,"timestamp":1609791456,"path_taken":["M","?","?","$","?","R","E","?","T","R","E","M","?","E","R","BOSS","M","$","?","M","M","R","E","M","T","?","M","AVR","?","E","R","BOSS","?","?","?","?","T","E","?","T","T","T","T","T","?","E","T","BOSS"],"items_purchased_type":["Card","Relic","Relic","Card","Relic","Relic","Card"],"build_version":"2020-12-22","purchased_purges":4,"victory":true,"max_hp_per_floor":[80,80,80,80,80,80,80,80,80,80,80,80,80,80,80,80,80,80,80,80,80,80,80,80,80,80,80,80,80,80,80,80,80,80,80,80,80,80,80,80,80,80,80,80,80,80,80,80,80,85],"relic_stats":{"Happy Flower":[41],"counters":[25,136],"Mummified Hand":[25],"MealTicket":30,"PreservedInsect":60,"Orichalcum":[36],"War Paint":["Ghostly Armor","Limit Break"],"MawBank":60,"obtain_stats":[{"hubris:Metronome":14,"Painkiller Herb":34,"Uniform":0,"Replay:Mystery Machine":26,"Burning Blood":0,"Replay:Rubber Ducky":39,"Matryoshka":19,"Mummified Hand":31,"MealTicket":36,"hubris:ChampionShield":24,"aspiration:ChemicalBlood":48,"Happy Flower":9,"aspiration:Nostalgia":0,"ReplayTheSpireMod:CursedCoin":39,"Replay:WaspNest":7,"conspire:SlowCooker":29,"infinitespire:Beetle Shell":36,"PreservedInsect":43,"Orichalcum":36,"War Paint":39,"MawBank":40,"WarpedTongs":2,"Mercury Hourglass":43,"infinitespire:EvilPickle":33,"infinitespire:WardingShard":26,"Orrery":29,"hubris:PeanutButter":8,"infinitespire:PuzzleCube":11},{"hubris:Metronome":6,"Painkiller Herb":17,"Uniform":0,"Replay:Mystery Machine":13,"Burning Blood":0,"Replay:Rubber Ducky":20,"Matryoshka":8,"Mummified Hand":16,"MealTicket":18,"hubris:ChampionShield":12,"aspiration:ChemicalBlood":24,"Happy Flower":3,"aspiration:Nostalgia":0,"ReplayTheSpireMod:CursedCoin":20,"Replay:WaspNest":3,"conspire:SlowCooker":14,"infinitespire:Beetle Shell":18,"PreservedInsect":22,"Orichalcum":18,"War Paint":20,"MawBank":21,"WarpedTongs":1,"Mercury Hourglass":22,"infinitespire:EvilPickle":17,"infinitespire:WardingShard":13,"Orrery":14,"hubris:PeanutButter":3,"infinitespire:PuzzleCube":4},{"hubris:Metronome":26,"Painkiller Herb":92,"Uniform":0,"Replay:Mystery Machine":73,"Burning Blood":0,"Replay:Rubber Ducky":107,"Matryoshka":43,"Mummified Hand":87,"MealTicket":96,"hubris:ChampionShield":66,"aspiration:ChemicalBlood":130,"Happy Flower":14,"aspiration:Nostalgia":0,"ReplayTheSpireMod:CursedCoin":107,"Replay:WaspNest":14,"conspire:SlowCooker":77,"infinitespire:Beetle Shell":96,"PreservedInsect":119,"Orichalcum":96,"War Paint":107,"MawBank":114,"WarpedTongs":3,"Mercury Hourglass":119,"infinitespire:EvilPickle":92,"infinitespire:WardingShard":73,"Orrery":77,"hubris:PeanutButter":14,"infinitespire:PuzzleCube":20}],"Burning Blood":129,"WarpedTongs":[126],"Mercury Hourglass":[83]},"card_choices":[{"not_picked":["Dropkick","Clothesline"],"picked":"Headbutt","floor":1},{"not_picked":["Replay:Undeath\u0027s Touch","Ghostly Armor"],"picked":"Intimidate","floor":3},{"not_picked":["Cleave","Battle Trance"],"picked":"conspire:HitWhereItHurts","floor":7},{"not_picked":["Abandon","Combust"],"picked":"Flame Barrier","floor":11},{"not_picked":["Flex","Perfected Strike"],"picked":"hubris:ReadiedAction","floor":12},{"not_picked":["Armaments","Bludgeon"],"picked":"Flame Barrier","floor":14},{"not_picked":["Offering","Demonic Infusion"],"picked":"Limit Break","floor":16},{"not_picked":["Warcry","Combust+1","Clothesline"],"picked":"SKIP","floor":18},{"not_picked":["Replay:Undeath\u0027s Touch","Armaments"],"picked":"Ghostly Armor","floor":20},{"not_picked":["Life Link","ReplayTheSpireMod:Muscle Training"],"picked":"Inflame","floor":21},{"not_picked":["Sword Boomerang","Headbutt","Anger+1"],"picked":"SKIP","floor":22},{"not_picked":["Clash","ReplayTheSpireMod:Limb From Limb"],"picked":"ReplayTheSpireMod:Stacked","floor":24},{"not_picked":["Armaments+1","Cleave"],"picked":"Battle Trance","floor":25},{"not_picked":["Fiend Fire","Blood for Blood","Body Slam"],"picked":"SKIP","floor":28},{"not_picked":["conspire:Charge","Clothesline"],"picked":"True Grit","floor":29},{"not_picked":["Flex","Burning Pact"],"picked":"Pommel Strike","floor":29},{"not_picked":["Dropkick","Twin Strike"],"picked":"Shrug It Off+1","floor":29},{"not_picked":["Replay:Undeath\u0027s Touch+1","Anger"],"picked":"Twin Strike+1","floor":29},{"not_picked":["Life Link","Burning Pact"],"picked":"Flame Barrier+1","floor":30},{"not_picked":["Massacre","Armaments","Iron Wave"],"picked":"SKIP","floor":31},{"not_picked":["Double Tap","Barricade"],"picked":"Limit Break","floor":33},{"not_picked":["Run Through","Ghostly Armor+1","Anger"],"picked":"SKIP","floor":35},{"not_picked":["Headbutt","Clothesline","Battle Trance+1"],"picked":"SKIP","floor":37},{"not_picked":["Flex+1","Combust","infinitespire:OneForAll"],"picked":"SKIP","floor":38},{"not_picked":["Rampage","Run Through+1"],"picked":"Shrug It Off+1","floor":40},{"not_picked":["Thunderclap+1","infinitespire:OneForAll+1","Anger"],"picked":"SKIP","floor":41},{"not_picked":["Shrug It Off+1","Anger","ReplayTheSpireMod:Stacked"],"picked":"SKIP","floor":47},{"not_picked":["Body Slam","Anger+1","Hemokinesis"],"picked":"SKIP","floor":48}],"player_experience":65034,"relics_obtained":[{"floor":7,"key":"Replay:WaspNest"},{"floor":8,"key":"hubris:PeanutButter"},{"floor":9,"key":"Happy Flower"},{"floor":11,"key":"infinitespire:PuzzleCube"},{"floor":14,"key":"hubris:Metronome"},{"floor":24,"key":"hubris:ChampionShield"},{"floor":26,"key":"Replay:Mystery Machine"},{"floor":26,"key":"infinitespire:WardingShard"},{"floor":31,"key":"Mummified Hand"},{"floor":40,"key":"MawBank"},{"floor":43,"key":"PreservedInsect"},{"floor":43,"key":"Mercury Hourglass"},{"floor":48,"key":"aspiration:ChemicalBlood"}],"event_choices":[{"damage_healed":0,"gold_gain":0,"player_choice":"Rummage","damage_taken":0,"relics_obtained":["WarpedTongs"],"max_hp_gain":0,"max_hp_loss":0,"event_name":"Accursed Blacksmith","floor":2,"gold_loss":0,"cards_obtained":["Pain"]},{"damage_healed":0,"gold_gain":0,"player_choice":"Agree","damage_taken":0,"max_hp_gain":0,"max_hp_loss":0,"event_name":"conspire:LoneGhost","floor":5,"gold_loss":0},{"damage_healed":0,"gold_gain":0,"player_choice":"Got Potions","damage_taken":0,"max_hp_gain":0,"max_hp_loss":0,"event_name":"Lab","floor":13,"gold_loss":0},{"damage_healed":0,"gold_gain":0,"player_choice":"Bought 2 Potions","damage_taken":0,"max_hp_gain":0,"max_hp_loss":0,"event_name":"The Woman in Blue","floor":27,"gold_loss":0},{"damage_healed":0,"gold_gain":0,"player_choice":"RE RE RE ","damage_taken":67,"relics_obtained":["Orichalcum","MealTicket","infinitespire:Beetle Shell"],"max_hp_gain":0,"max_hp_loss":0,"event_name":"betterSkull:BetterSkull","floor":36,"gold_loss":0,"cards_upgraded":[]}],"is_beta":false,"boss_relics":[{"not_picked":[]},{"not_picked":["Kintsugi","Velvet Choker"],"picked":"Painkiller Herb"}],"items_purged_floors":[4,29,39,45],"is_endless":false,"potions_floor_spawned":[3,12,16,21,22,24,38,48],"ascension_level":1}}