{"host":"xcuflocadasoaqda","time":1609744618,"event":{"mods":["BaseMod","Bestiary","Filter the Spire","Minty Spire (QoL Compilation)","Relic Stats"],"gold_per_floor":[116,166,179,190,5,37,37,37,37],"floor_reached":8,"playtime":512,"items_purged":[],"score":112,"play_id":"db354cca-b033-4d55-b517-117d3e6fc7b8","local_time":"20210104011658","is_ascension_mode":true,"campfire_choices":[],"circlet_count":0,"master_deck":["AscendersBane","Zap","Dualcast","Undo","Rip and Tear","Multi-Cast","Defragment","Cold Snap","Rip and Tear","Undo","Auto Shields","Conserve Battery","Sunder","Turbo"],"relics":["Pandora\u0027s Box","DataDisk","Bottled Tornado"],"acts_visited":["Exordium"],"potions_floor_usage":[],"damage_taken":[{"damage":12.0,"enemies":"2 Louse","floor":1.0,"turns":2.0},{"damage":0,"enemies":"Cultist","floor":3,"turns":3},{"damage":0,"enemies":"Jaw Worm","floor":4,"turns":3},{"damage":3,"enemies":"Lagavulin","floor":6,"turns":7},{"damage":64,"enemies":"Gremlin Nob","floor":8,"turns":4}],"seed_played":"-1773812677871796709","potions_obtained":[],"is_trial":false,"path_per_floor":["M","?","M","M","$","E","?","E"],"character_chosen":"DEFECT","items_purchased":["DataDisk","Turbo"],"campfire_rested":0,"item_purchase_floors":[5,5],"current_hp_per_floor":[52,45,45,45,45,42,42,0,0],"gold":37,"neow_bonus":"BOSS_RELIC","is_daily":false,"chose_seed":false,"campfire_upgraded":0,"win_rate":0.0,"timestamp":1609744618,"path_taken":["M","?","M","?","?","E","?","E"],"items_purchased_type":["Relic","Card"],"build_version":"2020-12-22","purchased_purges":0,"victory":false,"max_hp_per_floor":[71,71,71,71,71,71,71,71,71],"relic_stats":{"counters":[5,19],"Pandora\u0027s Box":["Undo","Rip and Tear","Multi-Cast","Defragment","Cold Snap","Rip and Tear","Undo","Auto Shields"],"obtain_stats":[{"DataDisk":5,"Pandora\u0027s Box":0,"Bottled Tornado":6,"Cracked Core":0},{"DataDisk":3,"Pandora\u0027s Box":0,"Bottled Tornado":4,"Cracked Core":0},{"DataDisk":8,"Pandora\u0027s Box":0,"Bottled Tornado":15,"Cracked Core":0}]},"card_choices":[{"not_picked":["Streamline","Go for the Eyes"],"picked":"Conserve Battery","floor":1.0},{"not_picked":["Go for the Eyes","Leap"],"picked":"Sunder","floor":3},{"not_picked":["Fusion","Stack","Gash"],"picked":"SKIP","floor":4},{"not_picked":["Meteor Strike","Gash","Aggregate"],"picked":"SKIP","floor":6}],"player_experience":1880020,"relics_obtained":[{"floor":6,"key":"Bottled Tornado"}],"event_choices":[{"damage_healed":0,"gold_gain":50,"player_choice":"Touch","damage_taken":7,"max_hp_gain":0,"max_hp_loss":0,"event_name":"FaceTrader","floor":2,"gold_loss":0},{"damage_healed":0,"gold_gain":0,"player_choice":"Ignored","damage_taken":0,"max_hp_gain":0,"max_hp_loss":0,"event_name":"Liars Game","floor":7,"gold_loss":0}],"is_beta":false,"boss_relics":[],"items_purged_floors":[],"is_endless":false,"potions_floor_spawned":[],"killed_by":"Gremlin Nob","ascension_level":20}}