{"host":"x3lqeik2a5qeoft8","time":1609726887,"event":{"mods":["AchievementEnabler","BaseMod","Minty Spire (QoL Compilation)","SuperFastMode"],"gold_per_floor":[115,38,38,56,66,66,94,104,130,146,160,175,175,207,207,309,309,321,331,430,56,71,100,15,44,44,44,144,157,157,190,190,292,292,311,326,80,99,99,130,175,175,175,191,220,59,59,70,70,70],"floor_reached":51,"playtime":1388,"items_purged":["Strike_R","Strike_R","Defend_R"],"score":972,"play_id":"ab5d89dc-ec6c-497b-b564-ab9e05bb8448","local_time":"20210104032127","is_ascension_mode":true,"campfire_choices":[{"data":"Inflame","floor":6,"key":"SMITH"},{"floor":15,"key":"REST"},{"data":"Demon Form","floor":27,"key":"SMITH"},{"floor":30,"key":"REST"},{"floor":32,"key":"REST"},{"floor":47,"key":"REST"},{"floor":49,"key":"REST"}],"circlet_count":0,"master_deck":["Strike_R","Strike_R","Strike_R","Defend_R","Defend_R","Defend_R","Bash","Clothesline","Inflame","Heavy Blade","Inflame+1","Cleave","Thunderclap","Reaper","Heavy Blade","Heavy Blade","Headbutt","Demon Form+1","Cleave+1","Searing Blow+2","Sword Boomerang+1","Wild Strike+1","Clash+1","Thunderclap","Reaper","Pommel Strike","Reckless Charge+1","Heavy Blade+1","Transmutation","Headbutt","Warcry+1","Uppercut"],"relics":["Runic Dome","Strawberry","Toy Ornithopter","Blood Vial","Sozu","Vajra","Lee\u0027s Waffle","PreservedInsect","Oddly Smooth Stone","Charon\u0027s Ashes","Pear","StoneCalendar","Paper Frog","Bronze Scales","Black Star","Brimstone","Unceasing Top","Ginger","Du-Vu Doll","Whetstone","Lizard Tail","Gambling Chip"],"acts_visited":["Exordium","TheCity","TheBeyond"],"potions_floor_usage":[14,25,33],"damage_taken":[{"damage":0,"enemies":"Cultist","floor":1,"turns":2},{"damage":8,"enemies":"Jaw Worm","floor":4,"turns":3},{"damage":0,"enemies":"Small Slimes","floor":5,"turns":2},{"damage":28,"enemies":"Lagavulin","floor":7,"turns":4},{"damage":0,"enemies":"3 Louse","floor":8,"turns":2},{"damage":16,"enemies":"Large Slime","floor":10,"turns":4},{"damage":11,"enemies":"Looter","floor":11,"turns":2},{"damage":6,"enemies":"3 Louse","floor":12,"turns":2},{"damage":20,"enemies":"3 Sentries","floor":14,"turns":4},{"damage":10,"enemies":"Slime Boss","floor":16,"turns":6},{"damage":19,"enemies":"Shell Parasite","floor":18,"turns":3},{"damage":17,"enemies":"2 Thieves","floor":19,"turns":2},{"damage":12,"enemies":"Centurion and Healer","floor":22,"turns":4},{"damage":39,"enemies":"Book of Stabbing","floor":23,"turns":4},{"damage":6,"enemies":"Gremlin Leader","floor":25,"turns":4},{"damage":23,"enemies":"Colosseum Slavers","floor":28,"turns":4},{"damage":21,"enemies":"Colosseum Nobs","floor":28,"turns":3},{"damage":12,"enemies":"Cultist and Chosen","floor":29,"turns":4},{"damage":32,"enemies":"Book of Stabbing","floor":31,"turns":3},{"damage":48,"enemies":"Champ","floor":33,"turns":5},{"damage":6,"enemies":"Orb Walker","floor":35,"turns":2},{"damage":25,"enemies":"3 Shapes","floor":36,"turns":2},{"damage":1,"enemies":"Maw","floor":38,"turns":4},{"damage":29,"enemies":"Nemesis","floor":40,"turns":3},{"damage":30,"enemies":"2 Orb Walkers","floor":41,"turns":3},{"damage":1,"enemies":"Sphere and 2 Shapes","floor":44,"turns":3},{"damage":36,"enemies":"Reptomancer","floor":45,"turns":3},{"damage":46,"enemies":"4 Shapes","floor":48,"turns":2},{"damage":125,"enemies":"Donu and Deca","floor":50,"turns":5}],"seed_played":"-7296240705560242311","potions_obtained":[{"floor":4,"key":"CultistPotion"},{"floor":5,"key":"Fire Potion"},{"floor":10,"key":"Dexterity Potion"},{"floor":11,"key":"DuplicationPotion"},{"floor":14,"key":"BloodPotion"}],"is_trial":false,"path_per_floor":["M","$","?","M","M","R","E","M","T","M","M","M","?","E","R","B",null,"M","M","?","$","M","E","?","E","T","R","?","M","R","E","R","B",null,"M","M","$","M","?","E","?","?","T","M","E","$","R","M","R","B",null],"character_chosen":"IRONCLAD","items_purchased":["Inflame","Vajra","Lee\u0027s Waffle","Brimstone","Uppercut"],"campfire_rested":5,"item_purchase_floors":[2,21,21,37,46],"current_hp_per_floor":[80,80,87,79,79,79,51,51,51,35,29,23,16,36,62,54,87,68,53,53,94,94,65,65,94,104,104,72,62,93,68,99,58,104,98,87,87,88,88,62,48,38,38,59,46,46,77,61,92,3],"gold":70,"neow_bonus":"BOSS_RELIC","is_daily":false,"chose_seed":false,"campfire_upgraded":2,"win_rate":0.0,"timestamp":1609726887,"path_taken":["M","?","?","M","M","R","E","M","T","M","M","M","?","E","R","BOSS","M","M","?","$","M","E","?","E","T","R","?","M","R","E","R","BOSS","M","M","$","M","?","E","?","?","T","M","E","$","R","?","R","BOSS"],"items_purchased_type":["Card","Relic","Relic","Relic","Card"],"build_version":"2020-12-22","purchased_purges":3,"victory":true,"max_hp_per_floor":[80,80,87,87,87,87,87,87,87,87,87,87,87,87,87,87,87,87,87,87,94,94,94,94,94,104,104,104,104,104,104,104,104,104,104,104,104,104,104,104,104,104,104,104,104,104,104,104,104,104],"card_choices":[{"not_picked":["Body Slam","Twin Strike"],"picked":"Clothesline","floor":1},{"not_picked":["Perfected Strike","Power Through"],"picked":"Heavy Blade","floor":4},{"not_picked":["Battle Trance","Perfected Strike"],"picked":"Inflame","floor":5},{"not_picked":["Sword Boomerang","Inflame"],"picked":"Cleave","floor":7},{"not_picked":["Sword Boomerang","True Grit"],"picked":"Thunderclap","floor":8},{"not_picked":["Clash","Clothesline"],"picked":"Reaper","floor":10},{"not_picked":["Bloodletting","Metallicize"],"picked":"Heavy Blade","floor":11},{"not_picked":["Dropkick","Body Slam"],"picked":"Heavy Blade","floor":12},{"not_picked":["Body Slam","Warcry"],"picked":"Headbutt","floor":14},{"not_picked":["Double Tap","Corruption"],"picked":"Demon Form","floor":16},{"not_picked":["Flame Barrier+1","Headbutt"],"picked":"Cleave+1","floor":18},{"not_picked":["Shockwave","Armaments","Anger"],"picked":"SKIP","floor":19},{"not_picked":["Body Slam","Dual Wield+1"],"picked":"Searing Blow+1","floor":22},{"not_picked":["Cleave","Thunderclap+1"],"picked":"Sword Boomerang+1","floor":23},{"not_picked":["Berserk","Clash"],"picked":"Wild Strike+1","floor":25},{"not_picked":["True Grit","Clothesline"],"picked":"Clash","floor":28},{"not_picked":["Flame Barrier","Havoc"],"picked":"Thunderclap","floor":29},{"not_picked":["Armaments","Dual Wield","Brutality"],"picked":"SKIP","floor":31},{"not_picked":["Berserk","Barricade"],"picked":"Reaper","floor":33},{"not_picked":["Disarm","Havoc"],"picked":"Pommel Strike","floor":35},{"not_picked":["Rage","Feel No Pain+1"],"picked":"Reckless Charge+1","floor":36},{"not_picked":["Armaments","Flame Barrier"],"picked":"Heavy Blade+1","floor":38},{"not_picked":["Dramatic Entrance","Dark Shackles"],"picked":"Transmutation","floor":39},{"not_picked":["Cleave","Anger"],"picked":"Headbutt","floor":40},{"not_picked":["Sentinel+1","Flex+1"],"picked":"Warcry+1","floor":41},{"not_picked":["Dark Embrace","Flex+1","Warcry"],"picked":"SKIP","floor":44},{"not_picked":["Shrug It Off+1","Warcry","Armaments"],"picked":"SKIP","floor":45},{"not_picked":["Disarm+1","Entrench+1","Rupture+1"],"picked":"SKIP","floor":48}],"player_experience":110870,"relics_obtained":[{"floor":7,"key":"Toy Ornithopter"},{"floor":14,"key":"Blood Vial"},{"floor":23,"key":"PreservedInsect"},{"floor":25,"key":"Charon\u0027s Ashes"},{"floor":26,"key":"Pear"},{"floor":28,"key":"StoneCalendar"},{"floor":28,"key":"Paper Frog"},{"floor":31,"key":"Bronze Scales"},{"floor":40,"key":"Unceasing Top"},{"floor":40,"key":"Ginger"},{"floor":41,"key":"Du-Vu Doll"},{"floor":43,"key":"Whetstone"},{"floor":45,"key":"Lizard Tail"},{"floor":45,"key":"Gambling Chip"}],"event_choices":[{"damage_healed":0,"gold_gain":0,"player_choice":"Box","damage_taken":0,"relics_obtained":["Strawberry"],"max_hp_gain":0,"max_hp_loss":0,"event_name":"Big Fish","floor":3,"gold_loss":0,"cards_obtained":["Regret"]},{"cards_removed":["Regret"],"damage_healed":0,"gold_gain":0,"player_choice":"Card Removal","damage_taken":7,"max_hp_gain":0,"max_hp_loss":0,"event_name":"Golden Wing","floor":13,"gold_loss":0},{"damage_healed":0,"gold_gain":99,"player_choice":"Stole From Cult","damage_taken":0,"max_hp_gain":0,"max_hp_loss":0,"event_name":"Nest","floor":20,"gold_loss":0},{"damage_healed":0,"gold_gain":0,"player_choice":"Obtained Relic","damage_taken":0,"relics_obtained":["Oddly Smooth Stone"],"max_hp_gain":0,"max_hp_loss":0,"event_name":"Addict","floor":24,"gold_loss":85},{"damage_healed":0,"gold_gain":0,"player_choice":"Fight","damage_taken":0,"max_hp_gain":0,"max_hp_loss":0,"event_name":"Colosseum","floor":28,"gold_loss":0},{"damage_healed":0,"gold_gain":0,"player_choice":"Fought Nobs","damage_taken":0,"max_hp_gain":0,"max_hp_loss":0,"event_name":"Colosseum","floor":28,"gold_loss":0},{"damage_healed":0,"gold_gain":0,"player_choice":"Memory 1","damage_taken":0,"max_hp_gain":0,"max_hp_loss":0,"event_name":"SensoryStone","floor":39,"gold_loss":0},{"damage_healed":0,"gold_gain":0,"player_choice":"Fight","damage_taken":0,"max_hp_gain":0,"max_hp_loss":0,"event_name":"Mysterious Sphere","floor":41,"gold_loss":0},{"damage_healed":0,"gold_gain":0,"player_choice":"Damaged","damage_taken":10,"max_hp_gain":0,"max_hp_loss":0,"event_name":"Wheel of Change","floor":42,"gold_loss":0}],"is_beta":false,"boss_relics":[{"not_picked":["Cursed Key","Mark of Pain"],"picked":"Sozu"},{"not_picked":["SlaversCollar","Philosopher\u0027s Stone"],"picked":"Black Star"}],"items_purged_floors":[21,37,46],"is_endless":false,"potions_floor_spawned":[4,5,10,11,14,19,22,28,29,31,35,36,41,45],"ascension_level":4}}