{"host":"mcdusr64esz012l0","time":1609750488,"event":{"mods":["BaseMod","Minty Spire (QoL Compilation)","Relic Stats"],"gold_per_floor":[119,119,132,132,57,82,99,99,99],"floor_reached":8,"playtime":190,"items_purged":["Decay"],"score":162,"play_id":"bd14496d-6d72-44ab-92df-4bfd020648d5","local_time":"20210104035448","is_ascension_mode":true,"campfire_choices":[],"circlet_count":0,"master_deck":["AscendersBane","Strike_P","Strike_P","Strike_P","Strike_P","Defend_P","Defend_P","Defend_P","Defend_P","Eruption","Vigilance","CrushJoints","Protect"],"relics":["PureWater","NeowsBlessing","Damaru"],"acts_visited":["Exordium"],"potions_floor_usage":[8,8],"damage_taken":[{"damage":0,"enemies":"Jaw Worm","floor":1,"turns":1},{"damage":0,"enemies":"Cultist","floor":3,"turns":1},{"damage":0,"enemies":"3 Sentries","floor":6,"turns":1},{"damage":14,"enemies":"2 Louse","floor":7,"turns":2},{"damage":34,"enemies":"Lagavulin","floor":8,"turns":10}],"seed_played":"2441181073260035816","potions_obtained":[{"floor":1,"key":"BottledMiracle"},{"floor":7,"key":"Energy Potion"}],"is_trial":false,"path_per_floor":["M","?","M","?","$","E","M","E"],"character_chosen":"WATCHER","items_purchased":[],"campfire_rested":0,"item_purchase_floors":[],"current_hp_per_floor":[61,66,66,66,66,66,52,18,18],"gold":99,"neow_bonus":"THREE_ENEMY_KILL","is_daily":false,"chose_seed":false,"campfire_upgraded":0,"win_rate":0.0,"timestamp":1609750488,"path_taken":["M","?","M","?","$","E","?","E"],"items_purchased_type":[],"build_version":"2020-12-22","purchased_purges":1,"victory":false,"max_hp_per_floor":[68,73,73,73,73,73,73,73,73],"relic_stats":{"counters":[5,15],"obtain_stats":[{"NeowsBlessing":0,"Damaru":6,"PureWater":0},{"NeowsBlessing":0,"Damaru":3,"PureWater":0},{"NeowsBlessing":0,"Damaru":3,"PureWater":0}]},"card_choices":[{"not_picked":["SashWhip","FlyingSleeves","ThirdEye"],"picked":"SKIP","floor":1},{"not_picked":["JustLucky","Evaluate"],"picked":"CrushJoints","floor":3},{"not_picked":["ClearTheMind","SignatureMove"],"picked":"Protect","floor":6},{"not_picked":["ClearTheMind","Wireheading","EmptyBody"],"picked":"SKIP","floor":7}],"player_experience":1036865,"relics_obtained":[{"floor":6,"key":"Damaru"}],"event_choices":[{"damage_healed":0,"gold_gain":0,"player_choice":"Donut","damage_taken":0,"max_hp_gain":5,"max_hp_loss":0,"event_name":"Big Fish","floor":2,"gold_loss":0},{"damage_healed":0,"gold_gain":0,"player_choice":"Cursed","damage_taken":0,"max_hp_gain":0,"max_hp_loss":0,"event_name":"Wheel of Change","floor":4,"gold_loss":0,"cards_obtained":["Decay"]}],"is_beta":false,"boss_relics":[],"items_purged_floors":[5],"is_endless":false,"potions_floor_spawned":[1,7],"killed_by":"Lagavulin","ascension_level":20}}