{"host":"g7xvyycavwkoojg3","time":1609804177,"event":{"mods":["BaseMod","Challenge The Spire","Exacting","GifTheSpireLib","HexUI Lib","Minty Spire (QoL Compilation)","Replay The Spire","Shop Mod","StSLib","The Hierophant"],"gold_per_floor":[117,117,144,185,211,244,257,257,257,257,257,317,317],"floor_reached":12,"playtime":1270,"items_purged":[],"score":109,"play_id":"121de4fe-279c-474b-987f-b9b23e806078","local_time":"20210104184937","daily_mods":["Draft","Allstar","Heirloom","Flight","DeadlyEvents","challengethespire:Bronze Difficulty"],"is_ascension_mode":true,"campfire_choices":[{"floor":10,"key":"REST"},{"floor":11,"key":"REST"}],"circlet_count":0,"master_deck":["hierophant:Doubloon","hierophant:Dazzle","hierophant:Doubloon","hierophant:Embezzle","hierophant:Chorus","hierophant:Endure","hierophant:FieryStrike","hierophant:Flagellation","hierophant:Chorus","hierophant:Doubloon","hierophant:PassingBell","hierophant:Doubloon","hierophant:Remorse","hierophant:Embezzle","hierophant:ThreeLashes","hierophant:Chorus","hierophant:Encroach","hierophant:Doubloon","hierophant:Remorse","hierophant:Invocation","hierophant:RepressedViolence","hierophant:Invocation","hierophant:Smite","CommonCold"],"relics":["hierophant:PropheticMaskRelic","Pondfish Scales","Ancient Tea Set","PrismaticShard","Bird Faced Urn"],"acts_visited":["Exordium"],"potions_floor_usage":[12],"damage_taken":[{"damage":0,"enemies":"Cultist","floor":1,"turns":3},{"damage":0,"enemies":"2 Louse","floor":3,"turns":3},{"damage":5,"enemies":"Small Slimes","floor":4,"turns":4},{"damage":0,"enemies":"2 Fungi Beasts","floor":5,"turns":3},{"damage":60,"enemies":"Lagavulin","floor":6,"turns":5},{"damage":2,"enemies":"Large Slime","floor":7,"turns":6},{"damage":66,"enemies":"Gremlin Nob","floor":12,"turns":4}],"seed_played":"7444696268040699120","potions_obtained":[{"floor":1,"key":"SteroidPotion"},{"floor":3,"key":"FearPotion"},{"floor":7,"key":"SpeedPotion"}],"is_trial":true,"path_per_floor":["M","WH","M","M","M","E","M","?","T","R","R","E"],"character_chosen":"HIEROPHANT","items_purchased":[],"campfire_rested":2,"item_purchase_floors":[],"current_hp_per_floor":[75,82,82,77,77,17,15,15,15,39,63,0,0],"gold":317,"neow_bonus":"TEN_PERCENT_HP_BONUS","is_daily":false,"chose_seed":false,"campfire_upgraded":0,"win_rate":0.0,"timestamp":1609804177,"path_taken":["?","WH","M","M","M","E","M","?","T","R","R","E"],"items_purchased_type":[],"build_version":"2020-12-22","purchased_purges":0,"victory":false,"max_hp_per_floor":[75,82,82,82,82,82,82,82,82,82,82,82,82],"card_choices":[{"not_picked":["hierophant:Rebuild","hierophant:RecallFunds"],"picked":"hierophant:Dazzle","floor":0},{"not_picked":["hierophant:Purify","hierophant:SealAway"],"picked":"hierophant:Doubloon","floor":0},{"not_picked":["hierophant:Smite","hierophant:Shelter"],"picked":"hierophant:Embezzle","floor":0},{"not_picked":["hierophant:AuricBeam","hierophant:ThreeLashes"],"picked":"hierophant:Chorus","floor":0},{"not_picked":["hierophant:Rebuild","hierophant:RustyCrate"],"picked":"hierophant:Endure","floor":0},{"not_picked":["hierophant:Zeal","hierophant:FaithHealing"],"picked":"hierophant:FieryStrike","floor":0},{"not_picked":["hierophant:HammerAndAnvil","hierophant:DisplayOfPower"],"picked":"hierophant:Flagellation","floor":0},{"not_picked":["hierophant:Bribe","hierophant:RecallFunds"],"picked":"hierophant:Chorus","floor":0},{"not_picked":["hierophant:FlamingChariot","hierophant:MorningPrayer"],"picked":"hierophant:Doubloon","floor":0},{"not_picked":["hierophant:Alms","hierophant:Bribe"],"picked":"hierophant:PassingBell","floor":0},{"not_picked":["hierophant:PassingBell","hierophant:Encroach"],"picked":"hierophant:Remorse","floor":0},{"not_picked":["hierophant:Doubloon","hierophant:AuricBeam"],"picked":"hierophant:Embezzle","floor":0},{"not_picked":["hierophant:SealAway","hierophant:HammerAndAnvil"],"picked":"hierophant:ThreeLashes","floor":0},{"not_picked":["hierophant:FlamingChariot","hierophant:Rebuild"],"picked":"hierophant:Chorus","floor":0},{"not_picked":["hierophant:FlamingChariot","hierophant:RustyCrate"],"picked":"hierophant:Encroach","floor":0},{"not_picked":["hierophant:DisplayOfPower","hierophant:ThreeLashes"],"picked":"hierophant:Remorse","floor":1},{"not_picked":["hierophant:MorningPrayer","hierophant:SealAway","hierophant:Encroach"],"picked":"SKIP","floor":3},{"not_picked":["hierophant:Zeal","hierophant:OrnateJavelin"],"picked":"hierophant:Invocation","floor":4},{"not_picked":["hierophant:Remorse","hierophant:Smite"],"picked":"hierophant:RepressedViolence","floor":5},{"not_picked":["hierophant:Chorus","hierophant:Mercenaries"],"picked":"hierophant:Invocation","floor":6},{"not_picked":["hierophant:ThreeLashes","hierophant:RustyCrate"],"picked":"hierophant:Smite","floor":7}],"player_experience":101686,"relics_obtained":[{"floor":6,"key":"Ancient Tea Set"},{"floor":9,"key":"Bird Faced Urn"}],"event_choices":[],"is_beta":false,"boss_relics":[],"items_purged_floors":[],"is_endless":false,"potions_floor_spawned":[1,3,7],"killed_by":"Gremlin Nob","ascension_level":1}}