{"host":"yuhy0i501zzmn1iz","time":1609739163,"event":{"mods":["AchievementEnabler","AlwaysNeverKeys","BaseMod","Bestiary","Better Match","Better Third Choice","Curses Come First","Downfall","Minty Spire (QoL Compilation)","StSLib","The Blue Laboratory","slay the spire mod where everything is the same but ironclad has a cowboy hat"],"gold_per_floor":[114,114,114,132,199,233,233,81,108,122,141,171,171,181,181,277,277,292,292,36,36,56,56,69,69,123,139,164,263,289,300,300,300,300],"floor_reached":33,"playtime":1347,"items_purged":[],"score":350,"play_id":"8d9c3906-bd66-408c-a18d-fa4f71eab0b6","local_time":"20210104004603","is_ascension_mode":true,"campfire_choices":[{"floor":7,"key":"REST"},{"floor":13,"key":"REST"},{"floor":15,"key":"REST"},{"floor":25,"key":"REST"},{"floor":32,"key":"REST"}],"circlet_count":0,"master_deck":["Strike_P+1","Strike_P+1","Strike_P+1","Strike_P+1","Defend_P+1","Defend_P+1","Defend_P+1","Eruption","Vigilance","Devotion","Conclude","SashWhip","DevaForm","EmptyBody","Consecrate","Study","TalkToTheHand","Brilliance","Protect+1","JustLucky","Halt","EmptyMind","Wallop","CrushJoints","Indignation"],"relics":["PureWater","Toy Ornithopter","Lantern","Tiny Chest","Centennial Puzzle","Philosopher\u0027s Stone","Mummified Hand","Pear","Damaru","PreservedInsect","Ancient Tea Set"],"acts_visited":["Exordium","TheCity"],"potions_floor_usage":[10,11,16,22,31,31],"damage_taken":[{"damage":8,"enemies":"Small Slimes","floor":1,"turns":3},{"damage":0,"enemies":"2 Louse","floor":4,"turns":1},{"damage":66,"enemies":"Gremlin Nob","floor":6,"turns":7},{"damage":7,"enemies":"Jaw Worm","floor":10,"turns":3},{"damage":6,"enemies":"Looter","floor":11,"turns":4},{"damage":6,"enemies":"Lagavulin","floor":12,"turns":6},{"damage":0,"enemies":"3 Louse","floor":14,"turns":2},{"damage":3,"enemies":"Slime Boss","floor":16,"turns":5},{"damage":22,"enemies":"Shell Parasite","floor":18,"turns":5},{"damage":23,"enemies":"3 Byrds","floor":22,"turns":4},{"damage":25,"enemies":"Snake Plant","floor":24,"turns":4},{"damage":4,"enemies":"Snecko","floor":27,"turns":4},{"damage":16,"enemies":"Book of Stabbing","floor":28,"turns":5},{"damage":22,"enemies":"Slavers","floor":30,"turns":2},{"damage":10,"enemies":"Centurion and Healer","floor":31,"turns":5},{"damage":35,"enemies":"Collector","floor":33,"turns":2}],"seed_played":"5818107010675851830","potions_obtained":[{"floor":1,"key":"blueLaboratory:HorrorPotion"},{"floor":4,"key":"FearPotion"},{"floor":10,"key":"blueLaboratory:EpiphanyPotion"},{"floor":14,"key":"ColorlessPotion"},{"floor":18,"key":"blueLaboratory:BottleOfRum"},{"floor":24,"key":"CultistPotion"},{"floor":30,"key":"Explosive Potion"}],"is_trial":false,"path_per_floor":["M","?","?","M","?","E","R","$","T","M","M","E","R","M","R","B",null,"M","?","$","?","M","T","M","R","T","M","E","?","E","M","R","B"],"character_chosen":"WATCHER","items_purchased":["Lantern","Mummified Hand"],"campfire_rested":5,"item_purchase_floors":[8,20],"current_hp_per_floor":[64,64,69,69,69,3,26,26,26,24,23,17,40,40,63,65,77,55,55,55,55,37,47,22,48,48,44,28,28,6,6,32,0,0],"gold":300,"neow_bonus":"ONE_RANDOM_RARE_CARD","is_daily":false,"chose_seed":false,"campfire_upgraded":0,"win_rate":0.0,"timestamp":1609739163,"path_taken":["M","?","?","M","?","E","R","?","T","M","M","E","R","M","R","BOSS","M","?","$","?","?","?","M","R","T","M","E","?","E","M","R","BOSS"],"items_purchased_type":["Relic","Relic"],"build_version":"2020-12-22","purchased_purges":0,"victory":false,"max_hp_per_floor":[72,72,77,77,77,77,77,77,77,77,77,77,77,77,77,77,77,77,77,77,77,77,87,87,87,87,87,87,87,87,87,87,87,87],"card_choices":[{"not_picked":["FlyingSleeves","CutThroughFate"],"picked":"Conclude","floor":1},{"not_picked":["ThirdEye","Crescendo"],"picked":"SashWhip","floor":4},{"not_picked":["Vengeance","EmptyBody"],"picked":"DevaForm","floor":6},{"not_picked":["Prostrate","ClearTheMind"],"picked":"EmptyBody","floor":10},{"not_picked":["CutThroughFate","MasterReality"],"picked":"Consecrate","floor":11},{"not_picked":["ClearTheMind","Meditate"],"picked":"Study","floor":12},{"not_picked":["SashWhip","Meditate"],"picked":"TalkToTheHand","floor":14},{"not_picked":["Wish","Blasphemy"],"picked":"Brilliance","floor":16},{"not_picked":["Evaluate","ClearTheMind"],"picked":"Protect+1","floor":18},{"not_picked":["ThirdEye","Evaluate"],"picked":"Halt","floor":22},{"not_picked":["PathToVictory","Study","Evaluate"],"picked":"SKIP","floor":24},{"not_picked":["WaveOfTheHand","Prostrate"],"picked":"EmptyMind","floor":27},{"not_picked":["Sanctity","Nirvana"],"picked":"Wallop","floor":28},{"not_picked":["Crescendo","Perseverance"],"picked":"CrushJoints","floor":30},{"not_picked":["EmptyFist","Nirvana"],"picked":"Indignation","floor":31}],"player_experience":261655,"relics_obtained":[{"floor":6,"key":"Toy Ornithopter"},{"floor":9,"key":"Tiny Chest"},{"floor":12,"key":"Centennial Puzzle"},{"floor":23,"key":"Pear"},{"floor":26,"key":"Damaru"},{"floor":28,"key":"PreservedInsect"},{"floor":30,"key":"Ancient Tea Set"}],"event_choices":[{"damage_healed":0,"gold_gain":0,"player_choice":"Leave","damage_taken":0,"max_hp_gain":0,"max_hp_loss":0,"event_name":"The Cleric","floor":2,"gold_loss":0},{"damage_healed":0,"gold_gain":0,"player_choice":"Donut","damage_taken":0,"max_hp_gain":5,"max_hp_loss":0,"event_name":"Big Fish","floor":3,"gold_loss":0},{"damage_healed":0,"gold_gain":67,"player_choice":"Gained Gold","damage_taken":0,"max_hp_gain":0,"max_hp_loss":0,"event_name":"Golden Wing","floor":5,"gold_loss":0},{"damage_healed":0,"gold_gain":0,"player_choice":"Simplicity","damage_taken":0,"max_hp_gain":0,"max_hp_loss":8,"event_name":"betterThird:BetterWriting","floor":19,"gold_loss":0},{"damage_healed":0,"gold_gain":0,"cards_transformed":["Defend_P"],"player_choice":"Transformed","damage_taken":0,"max_hp_gain":0,"max_hp_loss":0,"event_name":"Transmorgrifier","floor":21,"gold_loss":0,"cards_obtained":["JustLucky"]},{"damage_healed":0,"gold_gain":99,"player_choice":"Steal","damage_taken":0,"max_hp_gain":0,"max_hp_loss":0,"event_name":"betterThird:BetterNest","floor":29,"gold_loss":0}],"is_beta":false,"boss_relics":[{"not_picked":["Empty Cage","Coffee Dripper"],"picked":"Philosopher\u0027s Stone"}],"items_purged_floors":[],"is_endless":false,"potions_floor_spawned":[1,4,10,14,18,24,30],"killed_by":"Collector","ascension_level":2}}