{"host":"kev6uqotw4tlyx8l","time":1609738698,"event":{"mods":["Act Like it!","Aspiration","BaseMod","Colored Powertips","Dota2Spire","Downfall","Hallownest","Infinite Spire","Marisa????????","Minty Spire (QoL Compilation)","Quick Restart","Remilia??????","Replay The Spire","StSLib","The Cursed","The Jungle","The Marked","The Mystic","The Servant 0.9.4"],"gold_per_floor":[99,99,99,99,109,109,109,127,141,151,184,25,58,58,77,77,77],"floor_reached":16,"playtime":496,"items_purged":[],"score":135,"play_id":"ba017fc1-f82d-4223-ac14-dcb5dc716d1d","local_time":"20210104123818","is_ascension_mode":false,"campfire_choices":[{"floor":1,"key":"RECALL"}],"circlet_count":0,"master_deck":["sneckomod:Strike","sneckomod:Strike+1","sneckomod:Strike","sneckomod:Defend","sneckomod:Defend","sneckomod:TailWhip","sneckomod:SnekBite","sneckomod:Unknown","sneckomod:Unknown","sneckomod:UnknownX","sneckomod:Unknown1Cost","sneckomod:UnknownVulnerable","sneckomod:UnknownCommonSkill","sneckomod:ImprovisedAttack+1","sneckomod:UnknownClassMARKED_PURPLE_COLOR","sneckomod:UnknownVulnerable","sneckomod:UnknownBlock","sneckomod:UnknownRareSkill","sneckomod:DiceCrush","sneckomod:UnknownCommonSkill","sneckomod:UnknownUncommonAttack","sneckomod:DiceCrush","Decay","sneckomod:UnknownUncommonAttack"],"relics":["sneckomod:SneckoSoul","downfall:HeartsMalice","Dota2Spire:Satanic","infinitespire:Broken Mirror","Whetstone"],"acts_visited":["Exordium"],"potions_floor_usage":[10,11,11,13,16],"damage_taken":[{"damage":0,"enemies":"Jaw Worm","floor":2,"turns":1},{"damage":0,"enemies":"Cultist","floor":3,"turns":1},{"damage":0,"enemies":"Small Slimes","floor":4,"turns":1},{"damage":0,"enemies":"3 Louse","floor":5,"turns":2},{"damage":19,"enemies":"Blue Slaver","floor":8,"turns":3},{"damage":19,"enemies":"Red Slaver","floor":9,"turns":6},{"damage":8,"enemies":"Large Slime","floor":10,"turns":2},{"damage":24,"enemies":"3 Sentries","floor":11,"turns":4},{"damage":3,"enemies":"downfall:FleeingMerchant","floor":12,"turns":4},{"damage":17,"enemies":"Gremlin Nob","floor":13,"turns":4},{"damage":11,"enemies":"Lots of Slimes","floor":15,"turns":2},{"damage":40,"enemies":"downfall:Ironclad","floor":16,"turns":5}],"seed_played":"-4564365973481636980","potions_obtained":[{"floor":5,"key":"Strength Potion"},{"floor":8,"key":"Swift Potion"},{"floor":9,"key":"CultistPotion"},{"floor":11,"key":"Fruit Juice"},{"floor":13,"key":"Weak Potion"},{"floor":15,"key":"SmokeBomb"}],"is_trial":false,"path_per_floor":["R","M","M","M","M","?","T","M","M","M","E","$","E","?","M","B"],"character_chosen":"THE_SNECKO","items_purchased":["sneckomod:DiceCrush","sneckomod:UnknownCommonSkill","sneckomod:UnknownUncommonAttack"],"campfire_rested":0,"item_purchase_floors":[12,12,12],"current_hp_per_floor":[90,91,92,93,94,94,94,75,57,52,56,56,39,39,29,0,0],"gold":77,"neow_bonus":"THREE_ENEMY_KILL","is_daily":false,"chose_seed":false,"campfire_upgraded":0,"win_rate":0.0,"timestamp":1609738698,"path_taken":["R","M","M","M","M","?","T","?","M","M","E","$","E","?","M","BOSS"],"items_purchased_type":["Card","Card","Card"],"build_version":"2020-12-22","purchased_purges":0,"victory":false,"max_hp_per_floor":[90,91,92,93,94,94,94,94,95,96,102,105,105,105,106,106,106],"card_choices":[{"not_picked":["sneckomod:Nope","sneckomod:MasterEye"],"picked":"sneckomod:UnknownX","floor":2},{"not_picked":["sneckomod:SoulRoll","sneckomod:QuickBite"],"picked":"sneckomod:Unknown1Cost","floor":3},{"not_picked":["sneckomod:Unknown2Cost","sneckomod:Unknown1Cost"],"picked":"sneckomod:UnknownVulnerable","floor":4},{"not_picked":["sneckomod:ImprovisedGuard","sneckomod:SoulRoll"],"picked":"sneckomod:UnknownCommonSkill","floor":5},{"not_picked":["sneckomod:UnknownClassGREEN","sneckomod:SoulDraw"],"picked":"sneckomod:ImprovisedAttack","floor":8},{"not_picked":["sneckomod:MasterEye","sneckomod:Unknown2Cost"],"picked":"sneckomod:UnknownClassMARKED_PURPLE_COLOR","floor":9},{"not_picked":["sneckomod:TrashToTreasure","sneckomod:SoulDraw"],"picked":"sneckomod:UnknownVulnerable","floor":10},{"not_picked":["sneckomod:DiceCrush","sneckomod:DiceBlock"],"picked":"sneckomod:UnknownBlock","floor":11},{"not_picked":["sneckomod:DiceBlock","sneckomod:UnlimitedRolls"],"picked":"sneckomod:UnknownRareSkill","floor":12},{"not_picked":["sneckomod:WideSting","sneckomod:UnknownCommonSkill"],"picked":"sneckomod:DiceCrush","floor":13},{"not_picked":["sneckomod:SoulDraw","sneckomod:DiceBlock"],"picked":"sneckomod:UnknownUncommonAttack","floor":15}],"player_experience":92309,"relics_obtained":[{"floor":7,"key":"Dota2Spire:Satanic"},{"floor":11,"key":"infinitespire:Broken Mirror"},{"floor":13,"key":"Whetstone"}],"event_choices":[{"cards_removed":["sneckomod:Defend"],"damage_healed":0,"gold_gain":0,"player_choice":"Offered Basic","damage_taken":0,"max_hp_gain":0,"max_hp_loss":0,"event_name":"Bonfire Elementals","floor":6,"gold_loss":0},{"damage_healed":0,"gold_gain":0,"player_choice":"Cursed","damage_taken":0,"max_hp_gain":0,"max_hp_loss":0,"event_name":"Wheel of Change","floor":14,"gold_loss":0,"cards_obtained":["Decay"]}],"is_beta":false,"boss_relics":[],"items_purged_floors":[],"is_endless":false,"potions_floor_spawned":[5,8,9,11,13,15],"killed_by":"downfall:Ironclad","ascension_level":0}}