{"host":"3b5lda25ezqra65h","time":1609765350,"event":{"mods":["BaseMod","BetterRewards","Colored Map","Minty Spire (QoL Compilation)","The Disciple"],"gold_per_floor":[113,113,113,113,138,170,182,220,256,285,153,153,178,192,192,295,295,310,225,225,241,241,241,44,59,127,127,145,160,160,190,190,190,190],"floor_reached":33,"playtime":1416,"items_purged":[],"score":397,"play_id":"8f2cb664-5c86-402f-9abd-a4e8c0df9193","local_time":"20210104140230","is_ascension_mode":true,"campfire_choices":[{"floor":7,"key":"RECALL"},{"data":"Backstab","floor":12,"key":"SMITH"},{"data":"Crippling Poison","floor":15,"key":"SMITH"},{"data":"Writhe","floor":23,"key":"PURGE"},{"floor":30,"key":"REST"},{"floor":32,"key":"REST"}],"circlet_count":0,"master_deck":["Strike_G","Strike_G","Strike_G","Strike_G","Strike_G+1","Defend_G","Defend_G","Defend_G","Defend_G","Defend_G","Survivor","Neutralize+1","Terror+1","Backstab+1","Crippling Poison+1","Envenom"],"relics":["Ring of the Serpent","NeowsBlessing","MawBank","Whetstone","Bronze Scales","Snake Skull","Anchor","Peace Pipe","Ancient Tea Set","Tiny Chest","Singing Bowl","Nilry\u0027s Codex","Bag of Marbles"],"acts_visited":["Exordium","TheCity"],"potions_floor_usage":[13,25,25,31,31,33],"damage_taken":[{"damage":0,"enemies":"Jaw Worm","floor":1,"turns":1},{"damage":0,"enemies":"Gremlin Nob","floor":6,"turns":1},{"damage":0,"enemies":"Lagavulin","floor":8,"turns":1},{"damage":0,"enemies":"2 Louse","floor":10,"turns":2},{"damage":1,"enemies":"Gremlin Nob","floor":13,"turns":3},{"damage":0,"enemies":"Small Slimes","floor":14,"turns":3},{"damage":31,"enemies":"The Guardian","floor":16,"turns":12},{"damage":0,"enemies":"Shell Parasite","floor":18,"turns":6},{"damage":20,"enemies":"2 Thieves","floor":21,"turns":4},{"damage":2,"enemies":"Centurion and Healer","floor":25,"turns":3},{"damage":12,"enemies":"Snake Plant","floor":28,"turns":4},{"damage":0,"enemies":"Cultist and Chosen","floor":29,"turns":4},{"damage":5,"enemies":"Gremlin Leader","floor":31,"turns":4},{"damage":72,"enemies":"Automaton","floor":33,"turns":8}],"seed_played":"-3587750634907591622","potions_obtained":[{"floor":1,"key":"BlessingOfTheForge"},{"floor":14,"key":"Swift Potion"},{"floor":16,"key":"Weak Potion"},{"floor":25,"key":"LiquidBronze"},{"floor":29,"key":"DistilledChaos"}],"is_trial":false,"path_per_floor":["M","$","?","?","T","E","R","E","T","M","$","R","E","M","R","B",null,"M","?","?","M","?","R","$","M","T","?","M","M","R","E","R","B"],"character_chosen":"THE_SILENT","items_purchased":["Snake Skull","Tiny Chest","Strength Potion"],"campfire_rested":2,"item_purchase_floors":[11,24,24],"current_hp_per_floor":[70,70,70,70,70,70,70,70,70,70,70,70,69,69,69,38,70,70,70,70,50,50,50,50,48,48,32,22,24,46,43,65,0,0],"gold":190,"neow_bonus":"THREE_ENEMY_KILL","is_daily":false,"chose_seed":false,"campfire_upgraded":2,"win_rate":0.0,"timestamp":1609765350,"path_taken":["M","$","?","?","?","E","R","E","T","M","?","R","E","M","R","BOSS","M","?","?","M","?","R","$","M","T","?","M","?","R","E","R","BOSS"],"items_purchased_type":["Relic","Relic","Potion"],"build_version":"2020-12-22","purchased_purges":0,"victory":false,"max_hp_per_floor":[70,70,70,70,70,70,70,70,70,70,70,70,70,70,70,70,70,70,70,70,70,70,70,70,70,70,70,72,74,74,76,76,76,76],"card_choices":[{"not_picked":["Blade Dance","Deflect"],"picked":"Terror","floor":1},{"not_picked":["Endless Agony","Quick Slash","Masterful Stab"],"picked":"SKIP","floor":6},{"not_picked":["Poisoned Stab","Slice"],"picked":"Backstab","floor":8},{"not_picked":["Underhanded Strike","Prepared","Deadly Poison"],"picked":"SKIP","floor":10},{"not_picked":["Predator","PiercingWail"],"picked":"Crippling Poison","floor":13},{"not_picked":["Prepared","Terror","Escape Plan"],"picked":"SKIP","floor":14},{"not_picked":["Bullet Time","Night Terror"],"picked":"Envenom","floor":16},{"not_picked":["Slice","Dodge and Roll","Predator"],"picked":"SKIP","floor":18},{"not_picked":["Quick Slash","Underhanded Strike","Infinite Blades"],"picked":"SKIP","floor":21},{"not_picked":["Riddle With Holes+1","Deflect+1","Quick Slash"],"picked":"SKIP","floor":25},{"not_picked":["Acrobatics","Calculated Gamble","Flying Knee"],"picked":"Singing Bowl","floor":28},{"not_picked":["Cloak And Dagger","Poisoned Stab","Prepared"],"picked":"Singing Bowl","floor":29},{"not_picked":["Blade Dance+1","Doppelganger","Dagger Spray"],"picked":"Singing Bowl","floor":31}],"player_experience":221618,"relics_obtained":[{"floor":6,"key":"MawBank"},{"floor":8,"key":"Whetstone"},{"floor":9,"key":"Bronze Scales"},{"floor":13,"key":"Anchor"},{"floor":26,"key":"Singing Bowl"},{"floor":27,"key":"Nilry\u0027s Codex"},{"floor":31,"key":"Bag of Marbles"}],"event_choices":[{"damage_healed":0,"gold_gain":0,"player_choice":"Ignored","damage_taken":0,"max_hp_gain":0,"max_hp_loss":0,"event_name":"Golden Wing","floor":3,"gold_loss":0},{"damage_healed":0,"gold_gain":0,"player_choice":"Grow","damage_taken":0,"max_hp_gain":0,"max_hp_loss":0,"event_name":"Living Wall","floor":4,"gold_loss":0,"cards_upgraded":["Terror"]},{"damage_healed":0,"gold_gain":0,"player_choice":"Obtained Relic","damage_taken":0,"relics_obtained":["Peace Pipe"],"max_hp_gain":0,"max_hp_loss":0,"event_name":"Addict","floor":19,"gold_loss":85},{"damage_healed":0,"gold_gain":0,"player_choice":"Opened","damage_taken":0,"relics_obtained":["Ancient Tea Set"],"max_hp_gain":0,"max_hp_loss":0,"event_name":"The Mausoleum","floor":20,"gold_loss":0,"cards_obtained":["Writhe"]},{"damage_healed":0,"gold_gain":0,"player_choice":"Ignored","damage_taken":0,"max_hp_gain":0,"max_hp_loss":0,"event_name":"Beggar","floor":22,"gold_loss":0},{"damage_healed":0,"gold_gain":0,"player_choice":"Obtained Book","damage_taken":16,"max_hp_gain":0,"max_hp_loss":0,"event_name":"Cursed Tome","floor":27,"gold_loss":0}],"is_beta":false,"boss_relics":[{"not_picked":["Ectoplasm","Cursed Key"],"picked":"Ring of the Serpent"}],"items_purged_floors":[],"is_endless":false,"potions_floor_spawned":[1,14,16,25,29],"killed_by":"Automaton","ascension_level":4}}