{"host":"os9owiyb0rak6c8n","time":1609782450,"event":{"mods":["AchievementEnabler","Astrologer","BaseMod","Beaked The Cultist","Better Third Choice","Block Reminder","Colored Map","Colored Powertips","Dio Mod","Minty Spire (QoL Compilation)","Robot Space Explorer","Spicy Shops","StSLib","The Death Knight","The Necromancer"],"gold_per_floor":[119,137,212,224,239,264,264,264,264,282,292,87,87,115,115,210,210,224,47,58,8,27,27,45,77,77,77,77,77,108,9,9,105,155,166,183,183,199,16,16,36,0,23,32,32,32,63,74,74,74,74],"floor_reached":50,"playtime":2603,"items_purged":["Defend_W","Strike_W"],"score":652,"play_id":"41c7db62-addb-4282-b131-0409b9642a45","local_time":"20210104184730","is_ascension_mode":true,"campfire_choices":[{"data":"Negative_Energy_Shield","floor":7,"key":"SMITH"},{"data":"Chill_Blood","floor":15,"key":"SMITH"},{"data":"Spectral_Walk","floor":23,"key":"SMITH"},{"data":"Toxic_Smoke_Screen","floor":27,"key":"SMITH"},{"floor":32,"key":"DIG"},{"floor":40,"key":"DIG"},{"floor":46,"key":"DIG"},{"data":"1","floor":49,"key":"LIFT"}],"circlet_count":0,"master_deck":["Strike_W+1","Strike_W+1","Strike_W+1","Defend_W+1","Defend_W+1","Negative_Energy_Arrows+1","Bone_Wall+1","Negative_Energy_Javelin+1","Bone_Shift+1","Negative_Energy_Shield+1","Negative_Energy_Burst+1","Acid_Javelin+1","Siphon_Strength+1","Spectral_Walk+1","Toxic_Smoke_Screen+1","Chill_Blood+1","Detonate_Bones+1","Epidemic+1","Acid_Javelin+1","Corrupt+1","Stop_Heart+1","Bone_Armory+1","Cloudkill+1","Strike_from_Beyond+1","Writhe"],"relics":["Coffee Dripper","Boot","Sundial","Dead Branch","Pantograph","Busted Crown","The Courier","Juzu Bracelet","Bottled Lightning","Shovel","Question Card","Tiny House","Membership Card","War Paint","Bottled Flame","Red Mask","CeramicFish","Mark of the Bloom","HornCleat","Girya"],"acts_visited":["Exordium","TheCity","TheBeyond"],"potions_floor_usage":[6,14,14,18,25,30,33,33,38,50,50],"damage_taken":[{"damage":0,"enemies":"Cultist","floor":1,"turns":3},{"damage":1,"enemies":"Small Slimes","floor":2,"turns":3},{"damage":3,"enemies":"Jaw Worm","floor":4,"turns":3},{"damage":2,"enemies":"Gremlin Gang","floor":5,"turns":6},{"damage":14,"enemies":"Lagavulin","floor":6,"turns":8},{"damage":0,"enemies":"3 Louse","floor":10,"turns":2},{"damage":0,"enemies":"Large Slime","floor":11,"turns":3},{"damage":0,"enemies":"Gremlin Nob","floor":14,"turns":3},{"damage":9,"enemies":"The Guardian","floor":16,"turns":12},{"damage":0,"enemies":"3 Byrds","floor":18,"turns":3},{"damage":6,"enemies":"Shell Parasite","floor":20,"turns":4},{"damage":11,"enemies":"Snake Plant","floor":22,"turns":4},{"damage":2,"enemies":"Chosen and Byrds","floor":24,"turns":5},{"damage":19,"enemies":"Slavers","floor":25,"turns":6},{"damage":11,"enemies":"Gremlin Leader","floor":30,"turns":5},{"damage":25,"enemies":"StardustCrusaders","floor":33,"turns":6},{"damage":9,"enemies":"Orb Walker","floor":35,"turns":4},{"damage":30,"enemies":"3 Darklings","floor":36,"turns":5},{"damage":15,"enemies":"Transient","floor":38,"turns":5},{"damage":41,"enemies":"Maw","floor":41,"turns":7},{"damage":3,"enemies":"Nemesis","floor":47,"turns":5},{"damage":8,"enemies":"Jaw Worm Horde","floor":48,"turns":3},{"damage":39,"enemies":"Awakened One","floor":50,"turns":7}],"seed_played":"689870949269565572","potions_obtained":[{"floor":5,"key":"DeathKnight:BottledBloodEchoes"},{"floor":6,"key":"DuplicationPotion"},{"floor":11,"key":"SneckoOil"},{"floor":16,"key":"SneckoOil"},{"floor":22,"key":"SpeedPotion"},{"floor":25,"key":"Regen Potion"},{"floor":30,"key":"PowerPotion"},{"floor":33,"key":"LiquidBronze"},{"floor":34,"key":"DeathKnight:RimePotion"},{"floor":36,"key":"Dexterity Potion"},{"floor":37,"key":"DeathKnight:BottledBloodEchoes"},{"floor":37,"key":"FairyPotion"},{"floor":38,"key":"Explosive Potion"},{"floor":47,"key":"BlessingOfTheForge"}],"is_trial":false,"path_per_floor":["M","M","?","M","M","E","R","?","T","M","M","$","?","E","R","B",null,"M","$","M","?","M","R","M","E","T","R","?","?","E","$","R","B",null,"M","M","?","M","$","R","M","?","T","?","?","R","E","M","R","B"],"character_chosen":"NECROMANCER","items_purchased":["Spectral_Walk","Toxic_Smoke_Screen","Acid_Javelin","Bone_Armory","Strength Potion","Membership Card","War Paint"],"campfire_rested":0,"item_purchase_floors":[12,12,19,31,31,39,39],"current_hp_per_floor":[75,74,63,60,58,44,44,44,44,44,44,44,44,44,44,60,75,75,75,69,69,58,58,56,37,37,37,37,62,65,65,65,50,80,71,41,41,26,26,26,24,24,24,44,44,44,41,33,33,0,0],"gold":74,"neow_bonus":"BOSS_RELIC","is_daily":false,"chose_seed":false,"campfire_upgraded":4,"win_rate":0.0,"timestamp":1609782450,"path_taken":["M","M","?","M","M","E","R","?","T","?","?","$","?","E","R","BOSS","M","$","?","?","M","R","M","E","T","R","?","?","E","?","R","BOSS","M","M","?","M","?","R","M","?","T","?","?","R","E","M","R","BOSS"],"items_purchased_type":["Card","Card","Card","Card","Potion","Relic","Relic"],"build_version":"2020-12-22","purchased_purges":2,"victory":false,"max_hp_per_floor":[75,75,75,75,75,75,75,75,75,75,75,75,75,75,75,75,75,75,75,75,75,75,75,75,75,75,75,75,75,75,75,75,75,80,80,80,80,80,80,80,80,80,80,80,80,80,80,80,80,80,80],"card_choices":[{"not_picked":["Bones_to_Steel","Finger_Of_Death"],"picked":"Negative_Energy_Javelin","floor":1},{"not_picked":["Bone_Armory","Death_Coil"],"picked":"Bone_Shift","floor":2},{"not_picked":["Chill_Blood","Flesh_Made_Foul"],"picked":"Negative_Energy_Shield","floor":4},{"not_picked":["Pandemic","Bone_Shift"],"picked":"Negative_Energy_Burst","floor":5},{"not_picked":["Blood_Wake","Death_March_Dance","Bone_Shift"],"picked":"SKIP","floor":6},{"not_picked":["Bone_Shift","Vampiric_Strike"],"picked":"Acid_Javelin","floor":10},{"not_picked":["Negative_Energy_Mist","Bones_to_Steel"],"picked":"Siphon_Strength","floor":11},{"not_picked":["Bone_Shift","Thousand_Bone_Knives"],"picked":"Chill_Blood","floor":14},{"not_picked":["Reap_The_Weak","Negative_Energy_Bomb"],"picked":"Detonate_Bones","floor":16},{"not_picked":[],"picked":"Epidemic","floor":18},{"not_picked":[],"picked":"Corrupt","floor":20},{"not_picked":["Exploit"],"picked":"SKIP","floor":22},{"not_picked":[],"picked":"Stop_Heart","floor":24},{"not_picked":["Blood_Magic"],"picked":"SKIP","floor":25},{"not_picked":["Flesh_Made_Foul+1"],"picked":"SKIP","floor":30},{"not_picked":["Summon_Vampire_Lady"],"picked":"Cloudkill","floor":33},{"not_picked":["Negative_Energy_Javelin","Toxic_Smoke_Screen"],"picked":"SKIP","floor":35},{"not_picked":["Shackles_Of_Pain","Death_March_Dance"],"picked":"SKIP","floor":36},{"not_picked":["Exploit+1"],"picked":"Strike_from_Beyond+1","floor":38},{"not_picked":["Summon_Undead+1","Toxic_Smoke_Screen+1"],"picked":"SKIP","floor":41},{"not_picked":["Negative_Energy_Shield","Grasp_Heart"],"picked":"SKIP","floor":47},{"not_picked":["Blood_for_Blood","Deaths_Shadow"],"picked":"SKIP","floor":48}],"player_experience":583888,"relics_obtained":[{"floor":6,"key":"Boot"},{"floor":9,"key":"Sundial"},{"floor":13,"key":"Dead Branch"},{"floor":14,"key":"Pantograph"},{"floor":25,"key":"Juzu Bracelet"},{"floor":26,"key":"Bottled Lightning"},{"floor":30,"key":"Shovel"},{"floor":32,"key":"Question Card"},{"floor":40,"key":"Bottled Flame"},{"floor":43,"key":"CeramicFish"},{"floor":46,"key":"HornCleat"},{"floor":47,"key":"Girya"}],"event_choices":[{"damage_healed":0,"gold_gain":75,"player_choice":"Gold","damage_taken":11,"max_hp_gain":0,"max_hp_loss":0,"event_name":"betterThird:BetterGoop","floor":3,"gold_loss":0},{"cards_removed":["Defend_W"],"damage_healed":0,"gold_gain":0,"player_choice":"Purged","damage_taken":0,"max_hp_gain":0,"max_hp_loss":0,"event_name":"Purifier","floor":8,"gold_loss":0},{"damage_healed":0,"gold_gain":0,"player_choice":"Relic","damage_taken":0,"max_hp_gain":0,"max_hp_loss":0,"event_name":"Wheel of Change","floor":13,"gold_loss":0},{"damage_healed":0,"gold_gain":0,"player_choice":"Paid Gold","damage_taken":0,"relics_obtained":["The Courier"],"max_hp_gain":0,"max_hp_loss":0,"event_name":"WeMeetAgain","floor":21,"gold_loss":50},{"damage_healed":0,"gold_gain":0,"player_choice":"Ignored","damage_taken":0,"max_hp_gain":0,"max_hp_loss":0,"event_name":"Ghosts","floor":28,"gold_loss":0},{"damage_healed":25,"gold_gain":0,"player_choice":"Heal","damage_taken":0,"max_hp_gain":0,"max_hp_loss":0,"event_name":"The Library","floor":29,"gold_loss":0},{"damage_healed":0,"gold_gain":0,"player_choice":"Got Potions","damage_taken":0,"max_hp_gain":0,"max_hp_loss":0,"event_name":"Lab","floor":37,"gold_loss":0},{"damage_healed":0,"gold_gain":0,"player_choice":"Paid","damage_taken":0,"relics_obtained":["Red Mask"],"max_hp_gain":0,"max_hp_loss":0,"event_name":"Tomb of Lord Red Mask","floor":42,"gold_loss":36},{"damage_healed":20,"gold_gain":0,"player_choice":"Writhe","damage_taken":0,"max_hp_gain":0,"max_hp_loss":0,"event_name":"Winding Halls","floor":44,"gold_loss":0,"cards_obtained":["Writhe"]},{"damage_healed":0,"gold_gain":0,"player_choice":"Upgrade","damage_taken":0,"relics_obtained":["Mark of the Bloom"],"max_hp_gain":0,"max_hp_loss":0,"event_name":"MindBloom","floor":45,"gold_loss":0,"cards_upgraded":["Strike_W","Strike_W","Strike_W","Defend_W","Defend_W","Negative_Energy_Arrows","Negative_Energy_Javelin","Bone_Shift","Negative_Energy_Burst","Siphon_Strength","Detonate_Bones","Acid_Javelin","Corrupt","Stop_Heart","Bone_Armory","Cloudkill"]}],"is_beta":false,"boss_relics":[{"not_picked":["Fusion Hammer","Runic Dome"],"picked":"Busted Crown"},{"not_picked":["SacredBark","Runic Pyramid"],"picked":"Tiny House"}],"items_purged_floors":[12,19],"is_endless":false,"potions_floor_spawned":[5,6,11,16,22,25,30,33,36,38,47],"killed_by":"Awakened One","ascension_level":3}}