{"host":"aav8addp4mncoxty","time":1609760921,"event":{"mods":["Act Like it!","BaseMod","CapriCore","Hallownest","Hermit","Koishi","Lobotomy","Minty Spire (QoL Compilation)","Prisma Mod","Replay The Spire","StSLib","The Bug Knight","The Cursed","The Hierophant","The Immortal","The Jungle","The Poker Player","The Runesmith","WarShipGirlsR/??á´Ò³R mod"],"gold_per_floor":[112,112,123,123,135,151,169,29,56,56,56,56,83,112,122,155,155,252,252,270,285,285,285,285],"floor_reached":23,"playtime":2951,"items_purged":[],"score":201,"play_id":"c4a6fdd4-0a61-4fa5-9f6e-65f8bde8cc59","local_time":"20210104204841","is_ascension_mode":false,"campfire_choices":[{"data":"rmod:windflower","floor":12,"key":"SMITH"},{"floor":17,"key":"REST"}],"circlet_count":0,"master_deck":["rmod:strick","rmod:strick","rmod:strick","rmod:strick","rmod:defend","rmod:defend","rmod:defend","rmod:basicallowance","rmod:maingunfire","rmod:mineteam","UniverseFragment","rmod:capitalist","rmod:fletcherpendant+1","Wellcheers","rmod:circuitoustactics","BodiesMountain","rmod:lonelyqueen","Freischutz","rmod:robin","VoidDream","rmod:windflower+1","rmod:advancebysurprise","rmod:luckystar","Alriune","rmod:wife","GalaxyChild","rmod:desperatesituation","MHz","rmod:fletcherpendant","rmod:saltedfish","Bloodbath","rmod:aviationdawn","rmod:aluminumsupply","OldLady"],"relics":["rmod:firstchargereward","CogitoBucket","PreservedInsect","Potion Belt","Tiny Chest","SkinProphecy","Dream Catcher","Runesmith:UraniumAnvil"],"acts_visited":["Exordium","Exordium"],"potions_floor_usage":[14,15,21,23,23],"damage_taken":[{"damage":0,"enemies":"2 Louse","floor":1,"turns":2},{"damage":0,"enemies":"Small Slimes","floor":3,"turns":2},{"damage":5,"enemies":"Jaw Worm","floor":5,"turns":2},{"damage":6,"enemies":"3 Louse","floor":6,"turns":4},{"damage":7,"enemies":"Red Slaver","floor":7,"turns":3},{"damage":8,"enemies":"Gremlin Nob","floor":14,"turns":4},{"damage":35,"enemies":"Large Slime","floor":15,"turns":6},{"damage":28,"enemies":"3 Sentries","floor":16,"turns":5},{"damage":33,"enemies":"Hexaghost","floor":18,"turns":6},{"damage":10,"enemies":"theJungle:GiantWrat","floor":20,"turns":4},{"damage":14,"enemies":"theJungle:MUSHROOMGANG","floor":21,"turns":4},{"damage":88,"enemies":"theJungle:2_Flameangoes","floor":23,"turns":6}],"seed_played":"4365613396914599911","potions_obtained":[{"floor":1,"key":"Block Potion"},{"floor":6,"key":"BlessingOfTheForge"},{"floor":16,"key":"LiquidMemories"},{"floor":18,"key":"LiquidBronze"},{"floor":20,"key":"LiquidBronze"}],"is_trial":false,"path_per_floor":["M","?","M","?","M","M","M","$","T","PTL","PTL","R","T","E","M","E","R","B",null,"M","M","?","M"],"character_chosen":"PRAEFECT","items_purchased":["rmod:windflower","rmod:advancebysurprise"],"campfire_rested":1,"item_purchase_floors":[8,8],"current_hp_per_floor":[75,75,75,75,70,68,61,61,61,61,61,61,61,59,50,34,57,33,79,76,63,63,0,0],"gold":285,"neow_bonus":"","is_daily":false,"chose_seed":false,"campfire_upgraded":1,"win_rate":0.0,"timestamp":1609760921,"path_taken":["M","?","M","?","M","M","M","$","T","PTL","PTL","R","?","E","M","E","R","BOSS","M","?","?","M"],"items_purchased_type":["Card","Card"],"build_version":"2020-12-22","purchased_purges":0,"victory":false,"max_hp_per_floor":[75,75,75,75,75,75,75,75,75,75,75,75,75,75,75,77,77,79,79,81,83,83,87,87],"card_choices":[{"not_picked":["rmod:steelsupply","rmod:circuitoustactics"],"picked":"rmod:mineteam","floor":1},{"not_picked":["Murderer","Scorched"],"picked":"UniverseFragment","floor":1},{"not_picked":["rmod:victimresponsibility","rmod:intelligenceanalysis"],"picked":"rmod:fletcherpendant","floor":3},{"not_picked":["WallGazer","Scarecrow"],"picked":"Wellcheers","floor":3},{"not_picked":["rmod:supriseattacks","rmod:fuelsupply"],"picked":"rmod:circuitoustactics","floor":5},{"not_picked":["Scorched","Bloodbath"],"picked":"BodiesMountain","floor":5},{"not_picked":["rmod:selfconfidence","rmod:expedition"],"picked":"rmod:lonelyqueen","floor":6},{"not_picked":["BlackSwan","GreedKing"],"picked":"Freischutz","floor":6},{"not_picked":["rmod:diaomin","rmod:tearstotiara"],"picked":"rmod:robin","floor":7},{"not_picked":["BlackSwan","BeautyBeast"],"picked":"VoidDream","floor":7},{"not_picked":["rmod:firesupport","rmod:timeschanged"],"picked":"rmod:luckystar","floor":14},{"not_picked":["DreamingCurrent","WallGazer"],"picked":"Alriune","floor":14},{"not_picked":["rmod:heivgo","rmod:aluminumsupply"],"picked":"rmod:wife","floor":15},{"not_picked":["WallGazer","CherryBlossoms"],"picked":"GalaxyChild","floor":15},{"not_picked":["rmod:fuelsupply","rmod:victimresponsibility"],"picked":"rmod:desperatesituation","floor":16},{"not_picked":["SpiderBud","BeautyBeast"],"picked":"MHz","floor":16},{"not_picked":["rmod:wolves","rmod:expedition"],"picked":"rmod:fletcherpendant","floor":17},{"not_picked":["rmod:ridicule","rmod:windflower"],"picked":"rmod:saltedfish","floor":18},{"not_picked":["FieryBird","Scarecrow","WallGazer"],"picked":"Singing Bowl","floor":18},{"not_picked":["Scorched","LittlePrince"],"picked":"Bloodbath","floor":18},{"not_picked":["rmod:aluminumsupply+1","rmod:supportescort+1"],"picked":"rmod:aviationdawn","floor":20},{"not_picked":["rmod:unsinkable","rmod:u235"],"picked":"rmod:aluminumsupply","floor":21},{"not_picked":["NakedNest","ShyLook"],"picked":"OldLady","floor":21}],"player_experience":207870,"relics_obtained":[{"floor":9,"key":"PreservedInsect"},{"floor":13,"key":"Potion Belt"},{"floor":14,"key":"Tiny Chest"},{"floor":16,"key":"Dream Catcher"}],"event_choices":[{"damage_healed":0,"gold_gain":0,"cards_transformed":["rmod:defend"],"player_choice":"Change","damage_taken":0,"max_hp_gain":0,"max_hp_loss":0,"event_name":"Living Wall","floor":2,"gold_loss":0,"cards_obtained":["rmod:capitalist"]},{"damage_healed":0,"gold_gain":0,"player_choice":"Ignored","damage_taken":0,"max_hp_gain":0,"max_hp_loss":0,"event_name":"NoteForYourself","floor":22,"gold_loss":0}],"is_beta":false,"boss_relics":[{"not_picked":["Velvet Choker","Replay:Bronze Core"],"picked":"Runesmith:UraniumAnvil"}],"items_purged_floors":[],"is_endless":false,"potions_floor_spawned":[1,6,16,18,20],"killed_by":"theJungle:2_Flameangoes","ascension_level":0}}