{"host":"ksmhkxap3eqvmwsu","time":1609731712,"event":{"mods":["AchievementEnabler","BaseMod","Infinite Spire","Minty Spire (QoL Compilation)","StSLib"],"gold_per_floor":[119,136,136,151,171,171,171,210,235,235,249,249,272,305,305],"floor_reached":14,"playtime":1724,"items_purged":[],"score":107,"play_id":"cc5d595f-5686-44f0-a05b-34f426e146c2","local_time":"20210104054152","is_ascension_mode":true,"campfire_choices":[{"data":"WindmillStrike","floor":6,"key":"SMITH"},{"data":"Perseverance","floor":10,"key":"SMITH"}],"circlet_count":0,"master_deck":["Strike_P","Strike_P","Strike_P","Strike_P","Defend_P+1","Defend_P+1","Defend_P","Defend_P","Eruption","Vigilance","Prostrate","FollowUp","WindmillStrike+1","Perseverance+1","LikeWater"],"relics":["PureWater","infinitespire:Satchel","Golden Idol","PreservedInsect","infinitespire:PuzzleCube","MawBank"],"acts_visited":["Exordium"],"potions_floor_usage":[13,13,14],"damage_taken":[{"damage":0,"enemies":"Small Slimes","floor":1,"turns":2},{"damage":0,"enemies":"2 Louse","floor":2,"turns":3},{"damage":0,"enemies":"Cultist","floor":4,"turns":4},{"damage":4,"enemies":"Large Slime","floor":5,"turns":5},{"damage":10,"enemies":"Lagavulin","floor":8,"turns":7},{"damage":2,"enemies":"3 Louse","floor":11,"turns":4},{"damage":4,"enemies":"Gremlin Gang","floor":13,"turns":5},{"damage":14,"enemies":"Gremlin Nob","floor":14,"turns":3}],"seed_played":"8411366091710701548","potions_obtained":[{"floor":2,"key":"GamblersBrew"},{"floor":5,"key":"Strength Potion"},{"floor":11,"key":"SteroidPotion"}],"is_trial":false,"path_per_floor":["M","M","?","M","M","R","?","E","T","R","M","?","M","E"],"character_chosen":"WATCHER","items_purchased":[],"campfire_rested":0,"item_purchase_floors":[],"current_hp_per_floor":[72,72,58,58,54,54,36,26,26,26,24,24,20,6,6],"gold":305,"neow_bonus":"RANDOM_COMMON_RELIC","is_daily":false,"chose_seed":false,"campfire_upgraded":2,"win_rate":0.0,"timestamp":1609731712,"path_taken":["M","M","?","M","M","R","?","E","T","R","M","?","M","E"],"items_purchased_type":[],"build_version":"2020-12-22","purchased_purges":0,"victory":false,"max_hp_per_floor":[72,72,72,72,72,72,72,72,72,72,72,72,72,72,72],"card_choices":[{"not_picked":["SandsOfTime","WheelKick"],"picked":"Prostrate","floor":1},{"not_picked":["Indignation","ClearTheMind"],"picked":"FollowUp","floor":2},{"not_picked":["Weave","ClearTheMind"],"picked":"WindmillStrike","floor":4},{"not_picked":["ConjureBlade","Meditate","PathToVictory"],"picked":"SKIP","floor":5},{"not_picked":["FollowUp","JustLucky"],"picked":"Perseverance","floor":8},{"not_picked":["Wallop","Sanctity","Crescendo"],"picked":"SKIP","floor":11},{"not_picked":["EmptyBody","ClearTheMind"],"picked":"LikeWater","floor":13}],"player_experience":215355,"relics_obtained":[{"floor":8,"key":"PreservedInsect"},{"floor":12,"key":"infinitespire:PuzzleCube"},{"floor":14,"key":"MawBank"}],"event_choices":[{"damage_healed":0,"gold_gain":0,"player_choice":"Entered Light","damage_taken":14,"max_hp_gain":0,"max_hp_loss":0,"event_name":"Shining Light","floor":3,"gold_loss":0,"cards_upgraded":["Defend_P","Defend_P"]},{"damage_healed":0,"gold_gain":0,"player_choice":"Take Damage","damage_taken":18,"relics_obtained":["Golden Idol"],"max_hp_gain":0,"max_hp_loss":0,"event_name":"Golden Idol","floor":7,"gold_loss":0},{"damage_healed":0,"gold_gain":0,"player_choice":"Relic","damage_taken":0,"max_hp_gain":0,"max_hp_loss":0,"event_name":"Wheel of Change","floor":12,"gold_loss":0}],"is_beta":false,"boss_relics":[],"items_purged_floors":[],"is_endless":false,"potions_floor_spawned":[2,5,11],"killed_by":"Gremlin Nob","ascension_level":1}}