{"host":"69rply1jf2d1wbmp","time":1609757042,"event":{"mods":["BaseMod","Minty Spire (QoL Compilation)","Quick Restart"],"gold_per_floor":[364,383,396,471,487,487,514,514,514,514,530,1,101,114,114,215,215,225,125,139,154,154,154,185,185,185,33,33,33],"floor_reached":28,"playtime":757,"items_purged":["Parasite","Clumsy"],"score":238,"play_id":"3e16f00d-65fb-4582-b046-f670e3c38a91","local_time":"20210104054402","is_ascension_mode":false,"campfire_choices":[{"data":"Rampage","floor":6,"key":"SMITH"},{"floor":8,"key":"REST"},{"data":"Apotheosis","floor":15,"key":"SMITH"},{"data":"Shrug It Off","floor":23,"key":"SMITH"},{"floor":25,"key":"REST"}],"circlet_count":0,"master_deck":["Strike_R","Strike_R","Strike_R","Strike_R","Strike_R","Defend_R","Defend_R","Defend_R","Defend_R","Bash","Infernal Blade","Sword Boomerang","Rampage+1","Shrug It Off+1","Apotheosis+1","Juggernaut+1","Cleave+1","Parasite"],"relics":["Burning Blood","Blue Candle","Paper Frog","Frozen Egg 2","Cursed Key","Question Card","Thread and Needle","Membership Card"],"acts_visited":["Exordium","TheCity"],"potions_floor_usage":[14,16,16,24],"damage_taken":[{"damage":5,"enemies":"Jaw Worm","floor":1,"turns":5},{"damage":1,"enemies":"2 Louse","floor":2,"turns":3},{"damage":0,"enemies":"Cultist","floor":3,"turns":4},{"damage":9,"enemies":"3 Louse","floor":5,"turns":5},{"damage":39,"enemies":"Lagavulin","floor":7,"turns":6},{"damage":39,"enemies":"Gremlin Gang","floor":11,"turns":7},{"damage":5,"enemies":"Lots of Slimes","floor":14,"turns":2},{"damage":33,"enemies":"Slime Boss","floor":16,"turns":10},{"damage":15,"enemies":"Chosen","floor":18,"turns":5},{"damage":4,"enemies":"Shell Parasite","floor":20,"turns":3},{"damage":20,"enemies":"Snake Plant","floor":21,"turns":4},{"damage":61,"enemies":"Book of Stabbing","floor":24,"turns":7},{"damage":47,"enemies":"Gremlin Leader","floor":28,"turns":5}],"seed_played":"8961192623093857008","potions_obtained":[{"floor":3,"key":"Swift Potion"},{"floor":7,"key":"FearPotion"},{"floor":20,"key":"Strength Potion"}],"is_trial":false,"path_per_floor":["M","M","M","?","M","R","E","R","T","?","M","$","?","M","R","B",null,"M","$","M","M","?","R","E","R","T","$","E"],"character_chosen":"IRONCLAD","items_purchased":["Apotheosis","Frozen Egg 2","Explosive Potion","Membership Card"],"campfire_rested":2,"item_purchase_floors":[12,12,12,27],"current_hp_per_floor":[80,80,80,69,66,66,33,57,57,77,44,44,44,45,45,18,77,68,68,70,56,77,77,22,45,45,45,0,0],"gold":33,"neow_bonus":"TWO_FIFTY_GOLD","is_daily":false,"chose_seed":false,"campfire_upgraded":3,"win_rate":0.0,"timestamp":1609757042,"path_taken":["M","M","M","?","M","R","E","R","T","?","M","$","?","M","R","BOSS","M","$","M","M","?","R","E","R","T","$","E"],"items_purchased_type":["Card","Relic","Potion","Relic"],"build_version":"2020-12-22","purchased_purges":2,"victory":false,"max_hp_per_floor":[80,80,80,80,80,80,80,80,80,80,80,77,77,77,77,77,77,77,77,77,77,77,77,77,77,77,77,77,77],"card_choices":[{"not_picked":["Warcry","Burning Pact","Thunderclap"],"picked":"SKIP","floor":1},{"not_picked":["Headbutt","Iron Wave"],"picked":"Infernal Blade","floor":2},{"not_picked":["Seeing Red","Pommel Strike"],"picked":"Sword Boomerang","floor":3},{"not_picked":["Body Slam","Thunderclap"],"picked":"Rampage","floor":5},{"not_picked":["Blood for Blood","Perfected Strike","True Grit"],"picked":"SKIP","floor":7},{"not_picked":["Havoc","Fiend Fire"],"picked":"Shrug It Off","floor":11},{"not_picked":["Dual Wield","Sword Boomerang","Clothesline"],"picked":"SKIP","floor":14},{"not_picked":["Bludgeon","Limit Break"],"picked":"Juggernaut+1","floor":16},{"not_picked":["Clothesline","Shrug It Off","Flex"],"picked":"SKIP","floor":18},{"not_picked":["Clash","True Grit","Heavy Blade"],"picked":"SKIP","floor":20},{"not_picked":["Pommel Strike","Clash+1"],"picked":"Cleave+1","floor":21},{"not_picked":["Flex+1","Dual Wield","Combust+1"],"picked":"SKIP","floor":24}],"player_experience":420493,"relics_obtained":[{"floor":7,"key":"Blue Candle"},{"floor":9,"key":"Paper Frog"},{"floor":24,"key":"Question Card"},{"floor":26,"key":"Thread and Needle"}],"event_choices":[{"damage_healed":0,"gold_gain":75,"player_choice":"Gather Gold","damage_taken":11,"max_hp_gain":0,"max_hp_loss":0,"event_name":"World of Goop","floor":4,"gold_loss":0},{"damage_healed":20,"gold_gain":0,"player_choice":"Healed and dodged fight","damage_taken":0,"max_hp_gain":0,"max_hp_loss":0,"event_name":"Mushrooms","floor":10,"gold_loss":0,"cards_obtained":["Parasite"]},{"damage_healed":0,"gold_gain":100,"player_choice":"Pray","damage_taken":0,"max_hp_gain":0,"max_hp_loss":0,"event_name":"Golden Shrine","floor":13,"gold_loss":0},{"damage_healed":25,"gold_gain":0,"player_choice":"Heal","damage_taken":0,"max_hp_gain":0,"max_hp_loss":0,"event_name":"The Library","floor":22,"gold_loss":0}],"is_beta":false,"boss_relics":[{"not_picked":["Runic Cube","Velvet Choker"],"picked":"Cursed Key"}],"items_purged_floors":[12,19],"is_endless":false,"potions_floor_spawned":[3,7,20],"killed_by":"Gremlin Leader","ascension_level":0}}