{"host":"u25um2at8ivhxl8o","time":1609794133,"event":{"mods":["BaseMod","Colored Map","Downfall","Minty Spire (QoL Compilation)","StSLib"],"gold_per_floor":[99,117,137,156,169,169,195,213,240,390,390,401,92,112,123,223,223,223,234,265,265,276,276,276,308,308,101,121,121,121,121],"floor_reached":29,"playtime":1931,"items_purged":["Slimebound:Icky","Guardian:EvasiveProtocol"],"score":247,"play_id":"5f557225-9316-4df2-87eb-d784459cbeed","local_time":"20210104130213","is_ascension_mode":false,"campfire_choices":[{"data":"Guardian:TwinSlam","floor":1,"key":"SMITH"},{"data":"Guardian:ShieldCharger","floor":6,"key":"SMITH"},{"data":"Guardian:RollAttack","floor":11,"key":"SMITH"},{"data":"expansioncontent:DashGenerateEvil","floor":18,"key":"SMITH"},{"data":"Guardian:Harden","floor":23,"key":"SMITH"}],"circlet_count":0,"master_deck":["Guardian:Strike_Guardian","Guardian:Strike_Guardian+1","Guardian:Strike_Guardian","Guardian:Defend_Guardian","Guardian:Defend_Guardian","Guardian:Defend_Guardian","Guardian:Defend_Guardian","Guardian:CurlUp","Guardian:TwinSlam+1","Guardian:Clone","Guardian:ShieldCharger+1","Guardian:RollAttack+1","Guardian:Harden+1","expansioncontent:DashGenerateEvil+1","Guardian:SpikerProtocol","Guardian:TimeSifter","Guardian:Gem_Orange","Guardian:FloatingOrbs"],"relics":["Guardian:ModeShifter","Blood Vial","Lantern","Membership Card","SlaversCollar","Red Mask","Ice Cream","Question Card","Shuriken"],"acts_visited":["Exordium","TheCity"],"potions_floor_usage":[9,16,20,25,28,28],"damage_taken":[{"damage":0,"enemies":"Small Slimes","floor":2,"turns":3},{"damage":0,"enemies":"Jaw Worm","floor":3,"turns":3},{"damage":0,"enemies":"2 Louse","floor":4,"turns":2},{"damage":9,"enemies":"Red Slaver","floor":5,"turns":4},{"damage":2,"enemies":"2 Fungi Beasts","floor":8,"turns":3},{"damage":18,"enemies":"3 Sentries","floor":9,"turns":6},{"damage":3,"enemies":"Lots of Slimes","floor":12,"turns":4},{"damage":0,"enemies":"downfall:FleeingMerchant","floor":13,"turns":4},{"damage":0,"enemies":"3 Louse","floor":14,"turns":1},{"damage":4,"enemies":"2 Fungi Beasts","floor":15,"turns":3},{"damage":8,"enemies":"downfall:Watcher","floor":16,"turns":9},{"damage":6,"enemies":"3 Byrds","floor":19,"turns":5},{"damage":19,"enemies":"Masked Bandits","floor":20,"turns":6},{"damage":10,"enemies":"Shelled Parasite and Fungi","floor":22,"turns":5},{"damage":23,"enemies":"Gremlin Leader","floor":25,"turns":6},{"damage":0,"enemies":"downfall:FleeingMerchant","floor":27,"turns":4},{"damage":22,"enemies":"Snake Plant","floor":28,"turns":4},{"damage":25,"enemies":"Cultist and Chosen","floor":29,"turns":4}],"seed_played":"1616435045771739063","potions_obtained":[{"floor":5,"key":"PowerPotion"},{"floor":8,"key":"ColorlessPotion"},{"floor":12,"key":"FearPotion"},{"floor":14,"key":"Weak Potion"},{"floor":16,"key":"SteroidPotion"},{"floor":20,"key":"Fire Potion"}],"is_trial":false,"path_per_floor":["R","M","M","M","M","R","T","M","E","?","R","M","$","M","M","B",null,"R","M","?","?","M","R","T","E","?","$","M","M"],"character_chosen":"GUARDIAN","items_purchased":["Membership Card","expansioncontent:DashGenerateEvil","Guardian:SpikerProtocol","Shuriken","Guardian:FloatingOrbs"],"campfire_rested":0,"item_purchase_floors":[13,13,13,27,27],"current_hp_per_floor":[88,88,88,88,79,79,79,79,63,63,63,62,64,66,64,58,88,88,82,65,57,49,49,49,28,28,30,10,0,0,0],"gold":121,"neow_bonus":"TEN_PERCENT_HP_BONUS","is_daily":false,"chose_seed":false,"campfire_upgraded":5,"win_rate":0.0,"timestamp":1609794133,"path_taken":["R","M","M","M","M","R","T","M","E","?","R","M","$","M","M","BOSS","R","M","?","?","?","R","T","E","?","$","M","M"],"items_purchased_type":["Relic","Card","Card","Relic","Card"],"build_version":"2020-12-22","purchased_purges":2,"victory":false,"max_hp_per_floor":[88,88,88,88,88,88,88,88,88,88,88,88,88,88,88,88,88,88,88,88,88,88,88,88,88,88,88,88,88,88,88],"card_choices":[{"not_picked":["Guardian:TemporalStrike","Guardian:Planning"],"picked":"Guardian:Clone","floor":2},{"not_picked":["Guardian:PrismaticBeam","Guardian:VentSteam"],"picked":"Guardian:ShieldCharger","floor":3},{"not_picked":["Guardian:PrimingBeam","Guardian:ShieldSpikes"],"picked":"Guardian:RollAttack","floor":4},{"not_picked":["Guardian:PrimingBeam","Guardian:WalkerClaw"],"picked":"Guardian:Gem_Red","floor":5},{"not_picked":["Guardian:Clone","Guardian:GuardianWhirl","Guardian:Emergency"],"picked":"SKIP","floor":8},{"not_picked":["Guardian:PolyBeam","Guardian:TimeBomb"],"picked":"Guardian:Gem_Blue","floor":9},{"not_picked":["Guardian:RollAttack","Guardian:TemporalShield"],"picked":"Guardian:Gem_Lightblue","floor":12},{"not_picked":["Guardian:HyperBeam_Guardian","Guardian:VentSteam"],"picked":"Guardian:Harden","floor":13},{"not_picked":["Guardian:PrismaticBarrier","Guardian:RollAttack","Guardian:PolyBeam"],"picked":"SKIP","floor":14},{"not_picked":["Guardian:TemporalStrike","Guardian:ShieldCharger"],"picked":"Guardian:EvasiveProtocol","floor":15},{"not_picked":["Guardian:FastForward","Guardian:SphericShield"],"picked":"Guardian:TimeSifter","floor":16},{"not_picked":["Guardian:Gem_Lightblue","Guardian:ChargeCore","Guardian:Gem_Green"],"picked":"SKIP","floor":19},{"not_picked":["Guardian:WalkerClaw","Guardian:Gem_Blue","Guardian:VentSteam"],"picked":"SKIP","floor":22},{"not_picked":["Guardian:ChargeCore","Guardian:PolyBeam","Guardian:VentSteam"],"picked":"SKIP","floor":25},{"not_picked":["Guardian:Recover","Guardian:RollAttack","Guardian:Planning"],"picked":"Guardian:Gem_Orange","floor":27},{"not_picked":["Guardian:PiercingHide","Guardian:BronzeOrb","Guardian:MultiBeam","Guardian:PolyBeam"],"picked":"SKIP","floor":28}],"player_experience":342346,"relics_obtained":[{"floor":7,"key":"Blood Vial"},{"floor":9,"key":"Lantern"},{"floor":20,"key":"Red Mask"},{"floor":24,"key":"Ice Cream"},{"floor":25,"key":"Question Card"}],"event_choices":[{"damage_healed":0,"gold_gain":0,"player_choice":"Fought Bandits","damage_taken":0,"max_hp_gain":0,"max_hp_loss":0,"event_name":"Masked Bandits","floor":20,"gold_loss":0}],"is_beta":false,"boss_relics":[{"not_picked":["Fusion Hammer","Snecko Eye"],"picked":"SlaversCollar"}],"items_purged_floors":[13,27],"is_endless":false,"potions_floor_spawned":[5,8,12,14,16,20,22],"killed_by":"Cultist and Chosen","ascension_level":0}}