{"host":"igj4vwc42ivwqexo","time":1609773513,"event":{"mods":["BaseMod","Better Third Choice","Koishi","Marisa????????","Minty Spire (QoL Compilation)","Shop Mod","StSLib","The Blue Laboratory","The Disciple","The Hierophant","The Servant 0.9.4"],"gold_per_floor":[117,117,128,78,78,78,78],"floor_reached":6,"playtime":308,"items_purged":[],"score":39,"play_id":"79bc9e19-561d-4a5a-9513-4ed592fdc90e","local_time":"20210104161833","is_ascension_mode":true,"campfire_choices":[],"circlet_count":0,"master_deck":["Strike_P","Strike_P","Defend_P","Defend_P","Defend_P","Eruption","Vigilance","EmptyFist","Swivel","FlurryOfBlows"],"relics":["PureWater"],"acts_visited":["Exordium"],"potions_floor_usage":[],"damage_taken":[{"damage":3,"enemies":"Jaw Worm","floor":1,"turns":4},{"damage":0,"enemies":"2 Louse","floor":3,"turns":2},{"damage":10,"enemies":"Gremlin Nob","floor":6,"turns":3}],"seed_played":"-7184951292082304532","potions_obtained":[{"floor":1,"key":"blueLaboratory:FaithlessPotion"}],"is_trial":false,"path_per_floor":["M","?","M","?","?","E"],"character_chosen":"WATCHER","items_purchased":[],"campfire_rested":0,"item_purchase_floors":[],"current_hp_per_floor":[76,69,69,69,69,59,59],"gold":78,"neow_bonus":"TEN_PERCENT_HP_BONUS","is_daily":false,"chose_seed":false,"campfire_upgraded":0,"win_rate":0.0,"timestamp":1609773513,"path_taken":["M","?","M","?","?","E"],"items_purchased_type":[],"build_version":"2020-12-22","purchased_purges":0,"victory":false,"max_hp_per_floor":[79,79,79,79,79,79,79],"card_choices":[{"not_picked":["Worship","Conclude"],"picked":"EmptyFist","floor":1},{"not_picked":["WreathOfFlame","WaveOfTheHand"],"picked":"Swivel","floor":3}],"player_experience":325011,"relics_obtained":[],"event_choices":[{"cards_removed":["Strike_P"],"damage_healed":0,"gold_gain":0,"player_choice":"Card Removal","damage_taken":7,"max_hp_gain":0,"max_hp_loss":0,"event_name":"Golden Wing","floor":2,"gold_loss":0},{"cards_removed":["Strike_P"],"damage_healed":0,"gold_gain":0,"player_choice":"Card Removal","damage_taken":0,"max_hp_gain":0,"max_hp_loss":0,"event_name":"The Cleric","floor":4,"gold_loss":50},{"damage_healed":0,"gold_gain":0,"cards_transformed":["Defend_P"],"player_choice":"Change","damage_taken":0,"max_hp_gain":0,"max_hp_loss":0,"event_name":"Living Wall","floor":5,"gold_loss":0,"cards_obtained":["FlurryOfBlows"]}],"is_beta":false,"boss_relics":[],"items_purged_floors":[],"is_endless":false,"potions_floor_spawned":[1],"killed_by":"Gremlin Nob","ascension_level":3}}