{"host":"0jugj35n0ams2iav","time":1609775025,"event":{"mods":["BaseMod","Downfall","Hubris","Minty Spire (QoL Compilation)","Replay The Spire","StSLib","The Cursed","The Marked"],"gold_per_floor":[115,115,115,203,228,228,243,257,308,326,354,354,354,379,379,499,499,519,519,618,632,656,656,656,656,683,683,683,724,724,206,206,332,332,352,365,365,365,162,197,222,222,595,607,619,631,667,720,732,744],"floor_reached":51,"playtime":5082,"items_purged":["Normality","TheCursedMod:Strike_TheCursed"],"score":919,"play_id":"c708562e-2bd8-497e-b3bb-f457691db766","local_time":"20210104154345","is_ascension_mode":false,"campfire_choices":[{"data":"TheCursedMod:Strike_TheCursed","floor":6,"key":"SMITH"},{"data":"TheCursedMod:Strike_TheCursed","floor":12,"key":"SMITH"},{"data":"TheCursedMod:SpitefulPlan","floor":15,"key":"SMITH"},{"data":"TheCursedMod:Strike_TheCursed","floor":23,"key":"SMITH"},{"data":"TheCursedMod:Strike_TheCursed","floor":25,"key":"SMITH"},{"data":"TheCursedMod:Strike_TheCursed","floor":28,"key":"SMITH"},{"data":"TheCursedMod:Strike_TheCursed","floor":42,"key":"SMITH"},{"data":"TheCursedMod:Strike_TheCursed","floor":44,"key":"SMITH"},{"data":"TheCursedMod:Strike_TheCursed","floor":46,"key":"SMITH"},{"data":"TheCursedMod:Strike_TheCursed","floor":49,"key":"SMITH"}],"circlet_count":0,"master_deck":["TheCursedMod:Strike_TheCursed+12","TheCursedMod:Strike_TheCursed","TheCursedMod:Strike_TheCursed","TheCursedMod:Defend_TheCursed","TheCursedMod:Defend_TheCursed","TheCursedMod:Defend_TheCursed","TheCursedMod:CursedWand","TheCursedMod:CleanUpWorkshop","TheCursedMod:Dregs","TheCursedMod:StingEye","ReplayTheSpireMod:Splinters","TheCursedMod:WearCloak","TheCursedMod:WearCloak","TheCursedMod:CircleOfAbyss","TheCursedMod:SaltUponWound","TheCursedMod:Mangle","Injury","TheCursedMod:SpitefulPlan+1","TheCursedMod:VoidForm","TheCursedMod:ManaBullet","TheCursedMod:ReleasedKnowledge","TheCursedMod:AshesToAshes","TheCursedMod:FleshFromBone","TheCursedMod:Hemoplague","TheCursedMod:FleshFromBone","TheCursedMod:SpitefulPlan","TheCursedMod:DemonicPact","TheCursedMod:LuckyCharm","TheCursedMod:EmpowerCircles+1","ReplayTheSpireMod:Faulty Equipment","Slimebound:Icky","Languid","TheCursedMod:SpreadPlague+1","Delirium"],"relics":["TheCursedMod:BlackMagic101","ReplayTheSpireMod:Ring of Collecting","Ring of Misfortune","Simple Rune","Juzu Bracelet","Anchor","Du-Vu Doll","Golden Idol","hubris:VirtuousBlindfold","hubris:BottledHeart","Boot","Bag of Preparation","hubris:Towel","Membership Card","Calipers","Happy Flower","Replay:Grab Bag","Cursed Key","Sozu","Ring of Chaos","hubris:Icosahedron","Lantern","Strawberry","Bag of Marbles","TheCursedMod:Tack","Ring of Greed","Old Coin","MawBank","Bottled Tornado"],"acts_visited":["Exordium","TheCity","TheBeyond"],"potions_floor_usage":[10,14,33],"damage_taken":[{"damage":0,"enemies":"Jaw Worm","floor":1,"turns":4},{"damage":0,"enemies":"2 Louse","floor":7,"turns":2},{"damage":0,"enemies":"Small Slimes","floor":8,"turns":3},{"damage":0,"enemies":"Looter","floor":10,"turns":4},{"damage":0,"enemies":"Gremlin Nob","floor":11,"turns":4},{"damage":0,"enemies":"Gremlin Gang","floor":14,"turns":4},{"damage":0,"enemies":"The Guardian","floor":16,"turns":7},{"damage":0,"enemies":"Shell Parasite","floor":18,"turns":4},{"damage":0,"enemies":"Chosen","floor":21,"turns":2},{"damage":0,"enemies":"3 Cultists","floor":22,"turns":5},{"damage":0,"enemies":"Slavers","floor":29,"turns":5},{"damage":0,"enemies":"Automaton","floor":33,"turns":6},{"damage":0,"enemies":"Orb Walker","floor":35,"turns":2},{"damage":0,"enemies":"3 Darklings","floor":36,"turns":3},{"damage":0,"enemies":"Reptomancer","floor":40,"turns":3},{"damage":0,"enemies":"Sphere and 2 Shapes","floor":41,"turns":5},{"damage":0,"enemies":"Jaw Worm Horde","floor":47,"turns":3},{"damage":0,"enemies":"Nemesis","floor":48,"turns":1},{"damage":0,"enemies":"Replay:Hell Engine","floor":50,"turns":5}],"seed_played":"7386414643810776049","potions_obtained":[{"floor":1,"key":"Adrenaline Potion"},{"floor":4,"key":"Explosive Potion"},{"floor":4,"key":"SteroidPotion"},{"floor":7,"key":"Flashbang"},{"floor":10,"key":"Fire Potion"},{"floor":18,"key":"Cursed Concoction"}],"is_trial":false,"path_per_floor":["M","?","?","?","T","R","M","M","T","M","E","R","?","M","R","B",null,"M","?","?","M","M","R","?","R","T","?","R","E","?","$","R","B",null,"M","M","?","?","$","E","M","R","T","R","?","R","M","E","R","B",null],"character_chosen":"THE_CURSED","items_purchased":["TheCursedMod:Hemoplague","Membership Card","Calipers","Happy Flower","TheCursedMod:FleshFromBone","Lantern","Strawberry"],"campfire_rested":0,"item_purchase_floors":[31,31,31,31,31,39,39],"current_hp_per_floor":[82,82,82,82,82,82,82,82,82,82,82,82,82,82,82,82,82,82,82,82,82,82,82,1,1,1,1,1,1,1,1,1,1,1,1,1,1,1,1,1,1,1,1,1,1,1,1,1,1,1],"gold":756,"neow_bonus":"TEN_PERCENT_HP_BONUS","is_daily":false,"chose_seed":false,"campfire_upgraded":10,"win_rate":0.0,"timestamp":1609775025,"path_taken":["M","?","?","?","?","R","M","M","T","M","E","R","?","M","R","BOSS","M","?","?","M","M","R","?","R","T","?","R","E","?","$","R","BOSS","M","M","?","?","$","E","M","R","T","R","?","R","M","E","R","BOSS"],"items_purchased_type":["Card","Relic","Relic","Relic","Card","Relic","Relic"],"build_version":"2020-12-22","purchased_purges":2,"victory":true,"max_hp_per_floor":[82,82,82,82,82,82,82,82,82,82,82,82,82,82,82,82,82,82,82,82,82,82,82,1,1,1,1,1,1,1,1,1,1,1,1,1,1,1,1,1,1,1,1,1,1,1,1,1,1,1],"card_choices":[{"not_picked":["TheCursedMod:ManaBullet","TheCursedMod:ReleasedStrength"],"picked":"TheCursedMod:StingEye","floor":1},{"not_picked":["TheCursedMod:CursedMace","TheCursedMod:CircleOfAmplification"],"picked":"TheCursedMod:WearCloak","floor":4},{"not_picked":["TheCursedMod:CircleOfFocus","TheCursedMod:CursedBlade"],"picked":"TheCursedMod:WearCloak","floor":7},{"not_picked":["TheCursedMod:CursedMace","TheCursedMod:LuckyCharm"],"picked":"TheCursedMod:CircleOfAbyss","floor":8},{"not_picked":["TheCursedMod:Stigma","TheCursedMod:StingEye"],"picked":"TheCursedMod:SaltUponWound","floor":10},{"not_picked":["TheCursedMod:UltimatePain","TheCursedMod:CursedMace"],"picked":"TheCursedMod:Mangle","floor":11},{"not_picked":["TheCursedMod:CursedShiv","TheCursedMod:EmpowerCircles"],"picked":"TheCursedMod:SpitefulPlan","floor":14},{"not_picked":["TheCursedMod:ManaCirculation","TheCursedMod:StunningStrike"],"picked":"TheCursedMod:VoidForm","floor":16},{"not_picked":["TheCursedMod:SpitefulStrike","TheCursedMod:RavingStaff"],"picked":"TheCursedMod:ManaBullet","floor":18},{"not_picked":["TheCursedMod:Stigma","TheCursedMod:BloodBarrier"],"picked":"TheCursedMod:ReleasedKnowledge","floor":21},{"not_picked":["TheCursedMod:Stretching","TheCursedMod:CircleOfCorruption"],"picked":"TheCursedMod:AshesToAshes","floor":22},{"not_picked":["TheCursedMod:DemonicPact","TheCursedMod:RapidMovement"],"picked":"TheCursedMod:FleshFromBone","floor":29},{"not_picked":["TheCursedMod:ParallelWorld","TheCursedMod:Neurasthenia"],"picked":"TheCursedMod:DemonicPact","floor":33},{"not_picked":["TheCursedMod:Grudge","TheCursedMod:CircleOfCorruption","TheCursedMod:HellsGateOpen"],"picked":"SKIP","floor":35},{"not_picked":["TheCursedMod:CursedShiv+1","TheCursedMod:CursedMace"],"picked":"TheCursedMod:LuckyCharm","floor":36},{"not_picked":["TheCursedMod:TroublousMinions+1","TheCursedMod:WearCloak"],"picked":"TheCursedMod:EmpowerCircles+1","floor":40},{"not_picked":["TheCursedMod:SurpriseAttack+1","TheCursedMod:Obscuration","TheCursedMod:CursedBlade+1"],"picked":"SKIP","floor":41},{"not_picked":["TheCursedMod:VitalStrike","TheCursedMod:CursedStaff"],"picked":"TheCursedMod:SpreadPlague+1","floor":47},{"not_picked":["TheCursedMod:CircleOfBlood+1","TheCursedMod:VitalStrike","TheCursedMod:Stigma+1"],"picked":"SKIP","floor":48}],"player_experience":87374,"relics_obtained":[{"floor":3,"key":"ReplayTheSpireMod:Ring of Collecting"},{"floor":3,"key":"Ring of Misfortune"},{"floor":4,"key":"Simple Rune"},{"floor":5,"key":"Juzu Bracelet"},{"floor":9,"key":"Anchor"},{"floor":11,"key":"Du-Vu Doll"},{"floor":26,"key":"Boot"},{"floor":29,"key":"Bag of Preparation"},{"floor":40,"key":"Bag of Marbles"},{"floor":43,"key":"TheCursedMod:Tack"},{"floor":43,"key":"Ring of Greed"},{"floor":43,"key":"Old Coin"},{"floor":43,"key":"MawBank"},{"floor":48,"key":"Bottled Tornado"}],"event_choices":[{"damage_healed":0,"gold_gain":0,"player_choice":"Take Wound","damage_taken":0,"relics_obtained":["Golden Idol"],"max_hp_gain":0,"max_hp_loss":0,"event_name":"Golden Idol","floor":13,"gold_loss":0,"cards_obtained":["Injury"]},{"damage_healed":0,"gold_gain":0,"player_choice":"Upgraded","damage_taken":0,"max_hp_gain":0,"max_hp_loss":0,"event_name":"Upgrade Shrine","floor":19,"gold_loss":0,"cards_upgraded":["TheCursedMod:Strike_TheCursed"]},{"damage_healed":0,"gold_gain":99,"player_choice":"Stole From Cult","damage_taken":0,"max_hp_gain":0,"max_hp_loss":0,"event_name":"Nest","floor":20,"gold_loss":0},{"damage_healed":1,"gold_gain":0,"player_choice":"Heal","damage_taken":0,"max_hp_gain":0,"max_hp_loss":0,"event_name":"The Moai Head","floor":38,"gold_loss":0},{"damage_healed":0,"gold_gain":0,"player_choice":"Bought 0 Potions","damage_taken":0,"max_hp_gain":0,"max_hp_loss":0,"event_name":"The Woman in Blue","floor":45,"gold_loss":0}],"is_beta":false,"boss_relics":[{"not_picked":["Velvet Choker","Empty Cage"],"picked":"hubris:VirtuousBlindfold"},{"not_picked":["SacredBark","Busted Crown"],"picked":"Replay:Grab Bag"},{"not_picked":["hubris:GrandSneckoEye","ReplayTheSpireMod:DimensionalGlitch"],"picked":"Cursed Key"},{"not_picked":["Runic Dome","hubris:CrackedHourglass"],"picked":"Sozu"},{"not_picked":["TheCursedMod:BlackMagicAdvanced","Astrolabe"],"picked":"Ring of Chaos"}],"items_purged_floors":[31,39],"is_endless":false,"potions_floor_spawned":[1,7,10,18,36,47,48],"ascension_level":0}}