{"host":"na09lpbrez4gbfiz","time":1609752114,"event":{"mods":["Act Like it!","BaseMod","BetterRewards","Colored Map","Colored Powertips","DeckTracker","Googly Eyes","Highlight Path","Minty Spire (QoL Compilation)","Quick Restart","Spicy Shops","StSLib","SuperFastMode","Synergy Search"],"gold_per_floor":[119,133,58,74,149,179,35,68,107,119,158,184,56,75,75,171,171,188,188,188,188,177,177,177],"floor_reached":23,"playtime":707,"items_purged":["Strike_G"],"score":376,"play_id":"416a0db5-363a-488f-946d-acaec8132812","local_time":"20210104102154","is_ascension_mode":true,"campfire_choices":[{"floor":10,"key":"REST"},{"data":"Accuracy","floor":15,"key":"SMITH"}],"circlet_count":0,"master_deck":["Strike_G","Strike_G","Strike_G","Strike_G","Defend_G","Defend_G","Defend_G","Defend_G","Defend_G","Survivor","Neutralize","Dagger Spray","Footwork","Cloak And Dagger","Blade Dance","Bouncing Flask","Deadly Poison","Accuracy+1","After Image","Blur","Backflip+1"],"relics":["Ring of the Snake","NeowsBlessing","MealTicket","Boot","MawBank","Potion Belt","Ancient Tea Set","Black Star","Torii"],"acts_visited":["Exordium","TheCity"],"potions_floor_usage":[8,8,16,18,23],"damage_taken":[{"damage":0,"enemies":"Cultist","floor":1,"turns":1},{"damage":0,"enemies":"2 Louse","floor":2,"turns":1},{"damage":0,"enemies":"Small Slimes","floor":4,"turns":1},{"damage":31,"enemies":"3 Sentries","floor":6,"turns":11},{"damage":11,"enemies":"Gremlin Nob","floor":8,"turns":3},{"damage":16,"enemies":"3 Sentries","floor":11,"turns":8},{"damage":0,"enemies":"Blue Slaver","floor":12,"turns":4},{"damage":7,"enemies":"3 Louse","floor":14,"turns":3},{"damage":0,"enemies":"Slime Boss","floor":16,"turns":4},{"damage":9,"enemies":"Spheric Guardian","floor":18,"turns":4},{"damage":35,"enemies":"2 Thieves","floor":22,"turns":4},{"damage":10,"enemies":"Gremlin Leader","floor":23,"turns":2}],"seed_played":"-7817383311069501002","potions_obtained":[{"floor":4,"key":"LiquidMemories"},{"floor":6,"key":"DuplicationPotion"},{"floor":11,"key":"Weak Potion"},{"floor":12,"key":"LiquidMemories"},{"floor":18,"key":"Swift Potion"},{"floor":22,"key":"SneckoOil"}],"is_trial":false,"path_per_floor":["M","M","$","M","?","E","$","E","T","R","E","M","$","M","R","B",null,"M","?","?","?","M","E"],"character_chosen":"THE_SILENT","items_purchased":["Boot","Accuracy"],"campfire_rested":1,"item_purchase_floors":[7,13],"current_hp_per_floor":[63,63,63,63,56,25,40,29,29,50,34,34,49,42,42,42,63,54,41,41,41,6,0,0],"gold":177,"neow_bonus":"THREE_ENEMY_KILL","is_daily":false,"chose_seed":false,"campfire_upgraded":1,"win_rate":0.0,"timestamp":1609752114,"path_taken":["M","?","$","M","?","E","?","E","T","R","E","M","$","?","R","BOSS","M","?","?","?","M","E"],"items_purchased_type":["Relic","Card"],"build_version":"2020-12-22","purchased_purges":1,"victory":false,"max_hp_per_floor":[70,70,70,70,70,70,70,70,70,70,70,70,70,70,70,70,70,70,75,75,75,75,75,75],"card_choices":[{"not_picked":["Flying Knee","Reflex"],"picked":"Dagger Spray","floor":1},{"not_picked":["Masterful Stab","Deadly Poison"],"picked":"Footwork","floor":2},{"not_picked":["Backflip","Leg Sweep"],"picked":"Cloak And Dagger","floor":4},{"not_picked":["Blur","PiercingWail"],"picked":"Blade Dance","floor":6},{"not_picked":["Outmaneuver","Dodge and Roll"],"picked":"Bouncing Flask","floor":8},{"not_picked":["PiercingWail","Bane"],"picked":"Deadly Poison","floor":11},{"not_picked":["Deadly Poison","Grand Finale","Leg Sweep"],"picked":"SKIP","floor":12},{"not_picked":["Slice","Skewer","Bouncing Flask"],"picked":"SKIP","floor":14},{"not_picked":["Venomology","Grand Finale"],"picked":"After Image","floor":16},{"not_picked":["Poisoned Stab","Deflect"],"picked":"Blur","floor":18},{"not_picked":["Prepared","PiercingWail"],"picked":"Backflip+1","floor":22}],"player_experience":151835,"relics_obtained":[{"floor":6,"key":"MealTicket"},{"floor":8,"key":"MawBank"},{"floor":9,"key":"Potion Belt"},{"floor":11,"key":"Ancient Tea Set"}],"event_choices":[{"damage_healed":0,"gold_gain":75,"player_choice":"Touch","damage_taken":7,"max_hp_gain":0,"max_hp_loss":0,"event_name":"FaceTrader","floor":5,"gold_loss":0},{"damage_healed":0,"gold_gain":0,"player_choice":"Shed Blood","damage_taken":18,"max_hp_gain":5,"max_hp_loss":0,"event_name":"Forgotten Altar","floor":19,"gold_loss":0},{"damage_healed":0,"gold_gain":0,"player_choice":"Opened","damage_taken":0,"relics_obtained":["Torii"],"max_hp_gain":0,"max_hp_loss":0,"event_name":"The Mausoleum","floor":20,"gold_loss":0},{"damage_healed":0,"gold_gain":0,"player_choice":"Ignored","damage_taken":0,"max_hp_gain":0,"max_hp_loss":0,"event_name":"Vampires","floor":21,"gold_loss":0}],"is_beta":false,"boss_relics":[{"not_picked":["Philosopher\u0027s Stone","Tiny House"],"picked":"Black Star"}],"items_purged_floors":[3],"is_endless":false,"potions_floor_spawned":[4,6,11,12,18,22],"killed_by":"Gremlin Leader","ascension_level":9}}