{"host":"709gjpjg43u3i5a8","time":1609736553,"event":{"mods":["Act Like it!","BaseMod","Colored Map","Colored Powertips","Downfall","Duelist Mod","Gensokyo","GifTheSpireLib","Hallownest","Hermit","Hubris","Infinite Spire","Koishi","Marisa????????","Minty Spire (QoL Compilation)","Remilia??????","Shop Mod","StSLib","Td1madao Mod","The Administrix","The Animator","The Bug Knight","The Construct","The Cursed","The Disciple","The Hierophant","The Jungle","The Necromancer","The Poker Player","The Runesmith","The Servant 0.9.4"],"gold_per_floor":[112,37,56,56,76,118,130,168,249,261,285,262,274,274],"floor_reached":13,"playtime":633,"items_purged":["theDuelist:CurseAging"],"score":102,"play_id":"990febee-3b28-4fe5-ab46-814a93e157fa","local_time":"20210103220233","is_ascension_mode":true,"campfire_choices":[{"floor":10,"key":"REST"}],"circlet_count":0,"master_deck":["animator:Strike_OnePunchMan","animator:Defend_OnePunchMan","animator:Strike","animator:Strike","animator:Strike","animator:Defend","animator:Defend","animator:Defend","animator:Genos","animator:MumenRider","Pain","animator:Sonic","Regret","animator:Geryuganshoop+1"],"relics":["animator:LivingPicture","animator:TheMissingPiece","hubris:Potato","WarpedTongs","MawBank","Toxic Egg 2","Ancient Tea Set","Paper Frog"],"acts_visited":["Exordium"],"potions_floor_usage":[8,13,13,13],"damage_taken":[{"damage":6,"enemies":"2 Louse","floor":1,"turns":2},{"damage":0,"enemies":"Cultist","floor":3,"turns":4},{"damage":0,"enemies":"Small Slimes","floor":5,"turns":2},{"damage":33,"enemies":"Gremlin Nob","floor":6,"turns":4},{"damage":23,"enemies":"Lagavulin","floor":8,"turns":6},{"damage":10,"enemies":"Looter","floor":11,"turns":3},{"damage":16,"enemies":"Gremlin Nob","floor":13,"turns":3}],"seed_played":"6016010994775143055","potions_obtained":[{"floor":1,"key":"BlessingOfTheForge"},{"floor":5,"key":"champ:CounterPotion"},{"floor":6,"key":"construct:ShiftPotion"},{"floor":11,"key":"EssenceOfSteel"}],"is_trial":false,"path_per_floor":["M","$","M","?","M","E","?","E","T","R","M","?","E"],"character_chosen":"THE_ANIMATOR","items_purchased":[],"campfire_rested":1,"item_purchase_floors":[],"current_hp_per_floor":[60,60,60,60,60,27,27,4,4,23,14,30,14,14],"gold":274,"neow_bonus":"ONE_RARE_RELIC","is_daily":false,"chose_seed":false,"campfire_upgraded":0,"win_rate":0.0,"timestamp":1609736553,"path_taken":["M","$","M","?","?","E","?","E","T","R","M","?","E"],"items_purchased_type":[],"build_version":"2020-12-22","purchased_purges":1,"victory":false,"max_hp_per_floor":[66,66,66,66,66,66,66,66,66,66,67,67,67,67],"card_choices":[{"not_picked":["animator:EmiyaShirou","animator:Assassin","animator:Kuribayashi"],"picked":"SKIP","floor":1},{"not_picked":["animator:Illya","animator:Cocytus","animator:Caster"],"picked":"SKIP","floor":3},{"not_picked":["animator:Arpeggio","animator:KrulTepes","animator:Guy"],"picked":"SKIP","floor":5},{"not_picked":["animator:MumenRider","animator:Genos"],"picked":"animator:Sonic","floor":6},{"not_picked":["animator:Rider+1","animator:Assassin","animator:Shigure"],"picked":"SKIP","floor":8},{"not_picked":["animator:Entoma","animator:Kuribayashi"],"picked":"animator:Geryuganshoop+1","floor":11}],"player_experience":453010,"relics_obtained":[{"floor":6,"key":"MawBank"},{"floor":8,"key":"Ancient Tea Set"},{"floor":9,"key":"Paper Frog"}],"event_choices":[{"damage_healed":0,"gold_gain":0,"player_choice":"Rummage","damage_taken":0,"relics_obtained":["WarpedTongs"],"max_hp_gain":0,"max_hp_loss":0,"event_name":"Accursed Blacksmith","floor":4,"gold_loss":0,"cards_obtained":["Pain"]},{"damage_healed":0,"gold_gain":0,"player_choice":"Box","damage_taken":0,"relics_obtained":["Toxic Egg 2"],"max_hp_gain":0,"max_hp_loss":0,"event_name":"Big Fish","floor":7,"gold_loss":0,"cards_obtained":["Regret"]},{"damage_healed":16,"gold_gain":0,"player_choice":"Healed","damage_taken":0,"max_hp_gain":0,"max_hp_loss":0,"event_name":"The Cleric","floor":12,"gold_loss":35}],"is_beta":false,"boss_relics":[],"items_purged_floors":[2],"is_endless":false,"potions_floor_spawned":[1,5,6,11],"killed_by":"Gremlin Nob","ascension_level":2}}