{"host":"40f49r155zsx8eqk","time":1609799308,"event":{"mods":["AchievementEnabler","Aspiration","BaseMod","Curses Come First","Dota2Spire","Evolution","Googly Eyes","Minty Spire (QoL Compilation)","Relic Sorter","Replay The Spire","StSLib","The Gatherer"],"gold_per_floor":[116,116,128,128,144,176,176,22,96,126,126,92,110,125,125,227,227,244,262,4,4,23,50,64,64,64,74,74,74],"floor_reached":28,"playtime":1136,"items_purged":["Replay:DivineShield"],"score":341,"play_id":"a4253c40-0387-4694-b837-d46b2f97bf0c","local_time":"20210105012828","is_ascension_mode":true,"campfire_choices":[{"data":"Eruption","floor":7,"key":"SMITH"},{"data":"Adaptation","floor":11,"key":"SMITH"},{"floor":15,"key":"REST"},{"floor":25,"key":"REST"}],"circlet_count":0,"master_deck":["SashWhip+1","Eruption+1","Vigilance","Pray","FlyingSleeves","Adaptation+1","Consecrate","Crescendo","Establishment","Adaptation","Vengeance","Wireheading","Replay:DivineShield","Perseverance","Brilliance","Replay:Battleflow+1","Shame","Omniscience","Replay:Battleflow"],"relics":["PureWater","EVO:Axolotl","Dota2Spire:BladeMail","Sling","Replay:Accelerometer","Bag of Marbles","Pandora\u0027s Box","Membership Card","Boot","Dota2Spire:MantaStyle","Dota2Spire:UrnOfShadows","Replay:Mystery Machine"],"acts_visited":["Exordium","TheCity"],"potions_floor_usage":[6,18,19,23,23],"damage_taken":[{"damage":0,"enemies":"Small Slimes","floor":1,"turns":2},{"damage":0,"enemies":"Cultist","floor":3,"turns":2},{"damage":0,"enemies":"Jaw Worm","floor":5,"turns":4},{"damage":9,"enemies":"3 Sentries","floor":6,"turns":4},{"damage":12,"enemies":"Gremlin Nob","floor":10,"turns":3},{"damage":2,"enemies":"Blue Slaver","floor":13,"turns":4},{"damage":5,"enemies":"Looter","floor":14,"turns":3},{"damage":0,"enemies":"Slime Boss","floor":16,"turns":7},{"damage":6,"enemies":"3 Byrds","floor":18,"turns":4},{"damage":10,"enemies":"Shell Parasite","floor":19,"turns":2},{"damage":15,"enemies":"Snecko","floor":22,"turns":4},{"damage":0,"enemies":"Gremlin Leader","floor":23,"turns":1},{"damage":12,"enemies":"Snake Plant","floor":24,"turns":3},{"damage":21,"enemies":"Shelled Parasite and Fungi","floor":27,"turns":4},{"damage":36,"enemies":"Colosseum Slavers","floor":28,"turns":4}],"seed_played":"9035947307892383486","potions_obtained":[{"floor":1,"key":"SteroidPotion"},{"floor":2,"key":"DistilledChaos"},{"floor":2,"key":"Milkshake"},{"floor":6,"key":"SteroidPotion"},{"floor":10,"key":"LifebloodPotion"},{"floor":18,"key":"GamblersBrew"},{"floor":22,"key":"Ancient Potion"}],"is_trial":false,"path_per_floor":["M","?","M","?","M","E","R","$","T","E","R","?","M","M","R","B",null,"M","M","$","?","M","E","M","R","T","M","?"],"character_chosen":"WATCHER","items_purchased":["Sling","Membership Card","Boot"],"campfire_rested":2,"item_purchase_floors":[8,20,20],"current_hp_per_floor":[72,72,72,58,58,49,49,49,49,37,37,37,35,30,51,51,72,66,56,56,56,41,41,29,50,50,29,0,0],"gold":74,"neow_bonus":"RANDOM_EVENT","is_daily":false,"chose_seed":false,"campfire_upgraded":2,"win_rate":0.0,"timestamp":1609799308,"path_taken":["M","?","?","?","M","E","R","?","T","E","R","?","M","M","R","BOSS","M","M","$","?","M","E","M","R","T","M","?"],"items_purchased_type":["Relic","Relic","Relic"],"build_version":"2020-12-22","purchased_purges":1,"victory":false,"max_hp_per_floor":[72,72,72,72,72,72,72,72,72,72,72,72,72,72,72,72,72,72,72,72,72,72,72,72,72,72,72,72,72],"card_choices":[{"not_picked":["WaveOfTheHand","ClearTheMind"],"picked":"Pray","floor":1},{"not_picked":["Evaluate","WreathOfFlame","SashWhip"],"picked":"SKIP","floor":3},{"not_picked":["DeceiveReality","Collect"],"picked":"FlyingSleeves","floor":5},{"not_picked":["FlurryOfBlows","Halt"],"picked":"Replay:DivineShield","floor":6},{"not_picked":["Replay:AtTheReady","SpiritShield"],"picked":"Adaptation","floor":10},{"not_picked":["Evaluate","FollowUp"],"picked":"Consecrate","floor":13},{"not_picked":["EmptyBody","Replay:AtTheReady"],"picked":"Crescendo","floor":14},{"not_picked":["Scrawl","ConjureBlade"],"picked":"Establishment","floor":16},{"not_picked":["CutThroughFate","ClearTheMind"],"picked":"Replay:Battleflow+1","floor":18},{"not_picked":["EmptyFist","Tantrum","Protect"],"picked":"SKIP","floor":19},{"not_picked":["EmptyFist","ThirdEye"],"picked":"Omniscience","floor":22},{"not_picked":["Replay:DivineShield+1","Meditate"],"picked":"Replay:Battleflow","floor":23},{"not_picked":["BattleHymn","Collect","Replay:BluntJabs"],"picked":"SKIP","floor":24},{"not_picked":["Study","Vengeance","InnerPeace"],"picked":"SKIP","floor":27}],"player_experience":141121,"relics_obtained":[{"floor":6,"key":"Dota2Spire:BladeMail"},{"floor":9,"key":"Replay:Accelerometer"},{"floor":10,"key":"Bag of Marbles"},{"floor":23,"key":"Dota2Spire:UrnOfShadows"},{"floor":26,"key":"Replay:Mystery Machine"}],"event_choices":[{"damage_healed":0,"gold_gain":0,"player_choice":"Got Potions","damage_taken":0,"max_hp_gain":0,"max_hp_loss":0,"event_name":"Lab","floor":2,"gold_loss":0},{"damage_healed":0,"gold_gain":0,"player_choice":"Entered Light","damage_taken":14,"max_hp_gain":0,"max_hp_loss":0,"event_name":"Shining Light","floor":4,"gold_loss":0,"cards_upgraded":["SashWhip","Strike_P"]},{"damage_healed":0,"gold_gain":0,"player_choice":"Left Gold","damage_taken":0,"max_hp_gain":0,"max_hp_loss":0,"event_name":"World of Goop","floor":12,"gold_loss":34},{"damage_healed":0,"gold_gain":0,"player_choice":"Stole Relic","damage_taken":0,"relics_obtained":["Dota2Spire:MantaStyle"],"max_hp_gain":0,"max_hp_loss":0,"event_name":"Addict","floor":21,"gold_loss":0,"cards_obtained":["Shame"]},{"damage_healed":0,"gold_gain":0,"player_choice":"Fight","damage_taken":0,"max_hp_gain":0,"max_hp_loss":0,"event_name":"Colosseum","floor":28,"gold_loss":0}],"is_beta":false,"boss_relics":[{"not_picked":["VioletLotus","SacredBark"],"picked":"Pandora\u0027s Box"}],"items_purged_floors":[20],"is_endless":false,"potions_floor_spawned":[1,6,10,18,22],"killed_by":"Colosseum Slavers","ascension_level":1}}