{"host":"jpcy2bclvs7juczu","time":1609731388,"event":{"mods":["AchievementEnabler","Alarm Clock","BaseMod","Block Reminder","Colored Map","Colored Powertips","Curses Come First","Minty Spire (QoL Compilation)","Quick Restart","RNG Fix","Relic Stats","StSLib","everything is the same but u backflip on backflip","ojb\u0027s Better Paths Mod","ojb\u0027s Info Mod","slay the spire mod where everything is the same but ironclad has a cowboy hat"],"gold_per_floor":[117,133,145,145,165,165,165,192,192,35,64,64,79,97,97,171,171,181,181,231,248,248,248,281,281,281,298,332,352,352,40,40,40,40],"floor_reached":33,"playtime":830,"items_purged":[],"score":665,"play_id":"2f64dac8-d324-4afb-8441-673e8c580b63","local_time":"20210104033628","is_ascension_mode":true,"campfire_choices":[{"data":"Perfected Strike","floor":6.0,"key":"SMITH"},{"data":"Whirlwind","floor":15.0,"key":"SMITH"},{"data":"Immolate","floor":23,"key":"SMITH"},{"data":"Armaments","floor":25,"key":"SMITH"},{"data":"Double Tap","floor":30,"key":"SMITH"},{"floor":32,"key":"REST"}],"circlet_count":0,"master_deck":["AscendersBane","Strike_R","Strike_R","Defend_R","Defend_R","Defend_R","Defend_R","Bash","Cleave","Whirlwind+1","Wild Strike","Perfected Strike+1","Immolate+1","Feed","Twin Strike","Double Tap+1","Clothesline+1","Carnage+1","Cleave+1","Shrug It Off","Armaments+1","Shrug It Off","Disarm","Feel No Pain","Armaments","Impervious","Limit Break"],"relics":["Philosopher\u0027s Stone","WingedGreaves","Dream Catcher","Letter Opener","PreservedInsect","InkBottle","Astrolabe","Happy Flower","Lizard Tail","Red Skull"],"acts_visited":["Exordium","TheCity"],"potions_floor_usage":[21,21,33,33],"damage_taken":[{"damage":8.0,"enemies":"Jaw Worm","floor":1.0,"turns":2.0},{"damage":11.0,"enemies":"2 Louse","floor":2.0,"turns":3.0},{"damage":0.0,"enemies":"Cultist","floor":3.0,"turns":4.0},{"damage":14.0,"enemies":"Looter","floor":5.0,"turns":3.0},{"damage":19.0,"enemies":"Lagavulin","floor":8.0,"turns":6.0},{"damage":0.0,"enemies":"Gremlin Nob","floor":11.0,"turns":2.0},{"damage":0.0,"enemies":"2 Fungi Beasts","floor":13.0,"turns":1.0},{"damage":2.0,"enemies":"Exordium Thugs","floor":14.0,"turns":3.0},{"damage":9,"enemies":"Slime Boss","floor":16,"turns":7},{"damage":4,"enemies":"3 Byrds","floor":18,"turns":3},{"damage":0,"enemies":"Shell Parasite","floor":21,"turns":1},{"damage":21,"enemies":"Slavers","floor":24,"turns":3},{"damage":5,"enemies":"Cultist and Chosen","floor":27,"turns":3},{"damage":40,"enemies":"Book of Stabbing","floor":28,"turns":3},{"damage":49,"enemies":"Shelled Parasite and Fungi","floor":29,"turns":3},{"damage":102,"enemies":"Champ","floor":33,"turns":8}],"seed_played":"-5174235939691853453","potions_obtained":[{"floor":2.0,"key":"BlessingOfTheForge"},{"floor":3.0,"key":"Fruit Juice"},{"floor":5.0,"key":"Energy Potion"},{"floor":16,"key":"Energy Potion"},{"floor":18,"key":"AttackPotion"},{"floor":21,"key":"BloodPotion"},{"floor":29,"key":"SpeedPotion"}],"is_trial":false,"path_per_floor":["M","M","M","?","M","R","?","E","T","$","E","?","M","M","R","B",null,"M","?","?","M","T","R","E","R","T","M","E","M","R","$","R","B"],"character_chosen":"IRONCLAD","items_purchased":["PreservedInsect","Feel No Pain","Armaments","Impervious"],"campfire_rested":1,"item_purchase_floors":[10,31,31,31],"current_hp_per_floor":[60,49,49,49,40,40,40,21,21,21,21,21,24,22,22,16,69,68,68,68,68,68,68,47,47,47,42,6,24,24,24,52,0,0],"gold":40,"neow_bonus":"BOSS_RELIC","is_daily":false,"chose_seed":false,"campfire_upgraded":5,"win_rate":0.0,"timestamp":1609731388,"path_taken":["M","M","M","?","M","R","?","E","T","$","E","?","M","M","R","BOSS","M","?","?","M","?","R","E","R","T","?","E","?","R","$","R","BOSS"],"items_purchased_type":["Relic","Card","Card","Card"],"build_version":"2020-12-22","purchased_purges":0,"victory":false,"max_hp_per_floor":[75,75,75,75,80,80,80,80,80,80,80,80,83,83,83,86,86,89,89,89,89,89,89,89,89,89,89,93,96,96,96,96,96,96],"relic_stats":{"Dream Catcher":1,"Lizard Tail":48,"Happy Flower":[5],"counters":[16,55],"Astrolabe":["Clothesline","Carnage","Cleave"],"PreservedInsect":106,"Letter Opener":[10],"obtain_stats":[{"Dream Catcher":8,"Lizard Tail":26,"Happy Flower":24,"Astrolabe":17,"Philosopher\u0027s Stone":0,"WingedGreaves":7,"PreservedInsect":10,"Letter Opener":9,"Burning Blood":0,"InkBottle":11,"Red Skull":28},{"Dream Catcher":5,"Lizard Tail":12,"Happy Flower":12,"Astrolabe":9,"Philosopher\u0027s Stone":0,"WingedGreaves":4,"PreservedInsect":5,"Letter Opener":5,"Burning Blood":0,"InkBottle":6,"Red Skull":14},{"Dream Catcher":18,"Lizard Tail":38,"Happy Flower":38,"Astrolabe":31,"Philosopher\u0027s Stone":0,"WingedGreaves":12,"PreservedInsect":18,"Letter Opener":18,"Burning Blood":0,"InkBottle":20,"Red Skull":44}],"InkBottle":[10]},"card_choices":[{"not_picked":["Shrug It Off","Flex"],"picked":"Cleave","floor":1.0},{"not_picked":["Havoc","Thunderclap"],"picked":"Whirlwind","floor":2.0},{"not_picked":["Armaments","Headbutt"],"picked":"Wild Strike","floor":3.0},{"not_picked":["Shrug It Off","Infernal Blade"],"picked":"Perfected Strike","floor":5.0},{"not_picked":["Havoc","Carnage"],"picked":"Immolate","floor":8.0},{"not_picked":["Infernal Blade","Havoc"],"picked":"Feed","floor":11.0},{"not_picked":["Cleave","Dark Embrace","Dual Wield"],"picked":"SKIP","floor":13.0},{"not_picked":["Heavy Blade","Combust"],"picked":"Twin Strike","floor":14.0},{"not_picked":["Limit Break","Exhume"],"picked":"Double Tap","floor":16},{"not_picked":["Flex","Pommel Strike"],"picked":"Shrug It Off","floor":18},{"not_picked":["Heavy Blade","Sword Boomerang","Clash+1"],"picked":"SKIP","floor":21},{"not_picked":["Perfected Strike","Rage","Searing Blow"],"picked":"SKIP","floor":24},{"not_picked":["Infernal Blade","Perfected Strike"],"picked":"Shrug It Off","floor":27},{"not_picked":["Searing Blow","Flex","Clash"],"picked":"SKIP","floor":28},{"not_picked":["Infernal Blade","Twin Strike"],"picked":"Disarm","floor":29},{"not_picked":["Heavy Blade","Wild Strike"],"picked":"Limit Break","floor":32}],"player_experience":179962,"relics_obtained":[{"floor":8.0,"key":"Dream Catcher"},{"floor":9.0,"key":"Letter Opener"},{"floor":11.0,"key":"InkBottle"},{"floor":24,"key":"Happy Flower"},{"floor":26,"key":"Lizard Tail"},{"floor":28,"key":"Red Skull"}],"event_choices":[{"damage_healed":0.0,"max_hp_gain":0.0,"max_hp_loss":0.0,"gold_gain":0.0,"event_name":"Liars Game","player_choice":"Ignored","floor":4.0,"gold_loss":0.0,"damage_taken":0.0},{"damage_healed":0.0,"max_hp_gain":0.0,"max_hp_loss":0.0,"gold_gain":0.0,"event_name":"WeMeetAgain","player_choice":"Gave Potion","floor":7.0,"gold_loss":0.0,"damage_taken":0.0,"relics_obtained":["WingedGreaves"]},{"damage_healed":0.0,"max_hp_gain":0.0,"max_hp_loss":0.0,"gold_gain":0.0,"event_name":"Shining Light","player_choice":"Ignored","floor":12.0,"gold_loss":0.0,"damage_taken":0.0},{"damage_healed":0,"gold_gain":0,"player_choice":"Read","damage_taken":0,"max_hp_gain":0,"max_hp_loss":0,"event_name":"The Library","floor":19,"gold_loss":0,"cards_obtained":["Armaments"]},{"damage_healed":0,"gold_gain":50,"player_choice":"Stole From Cult","damage_taken":0,"max_hp_gain":0,"max_hp_loss":0,"event_name":"Nest","floor":20,"gold_loss":0}],"is_beta":false,"boss_relics":[{"not_picked":["Pandora\u0027s Box","Ectoplasm"],"picked":"Astrolabe"}],"items_purged_floors":[],"is_endless":false,"potions_floor_spawned":[2,3,5,16,18,21,29],"killed_by":"Champ","ascension_level":20}}