{"host":"sav7uxregyirlf69","time":1609775601,"event":{"mods":["AchievementEnabler","BaseMod","Colored Map","DeckTracker","Keyboard Shortcuts","Minty Spire (QoL Compilation)","READ ME - Guardian Mod","StSLib","SuperFastMode"],"gold_per_floor":[117,167,178,197,208,208,46,79,106,127,127,155,167,189,201,290,302,333,345,367,391,166,166,196,196,246,246,161,110,110,125,125,125,125],"floor_reached":33,"playtime":585,"items_purged":[],"score":546,"play_id":"4b8bd685-bf57-45d6-860f-ba7c1d485c92","local_time":"20210105005321","is_ascension_mode":true,"campfire_choices":[{"data":"Perfected Strike","floor":6.0,"key":"SMITH"},{"data":"Corruption","floor":11.0,"key":"SMITH"},{"data":"Immolate","floor":13.0,"key":"SMITH"},{"data":"Bash","floor":15.0,"key":"SMITH"},{"data":"Evolve","floor":23.0,"key":"SMITH"},{"data":"Armaments","floor":25.0,"key":"SMITH"},{"data":"Impervious","floor":32.0,"key":"SMITH"}],"circlet_count":0,"master_deck":["AscendersBane","Strike_R","Strike_R","Strike_R","Defend_R","Defend_R","Defend_R","Bash+1","Immolate+1","Wild Strike","Perfected Strike+1","Corruption+1","Shrug It Off","Bloodletting","Offering","Disarm","Battle Trance","Impervious+1","Evolve+1","Shockwave+1","Dark Embrace","Reckless Charge","Armaments+1","Fiend Fire","Carnage","Dark Embrace","Barricade","Shrug It Off","Dropkick+1"],"relics":["Burning Blood","Boot","Juzu Bracelet","Odd Mushroom","MawBank","Snecko Eye","Orrery","Matryoshka","Akabeko","Bag of Marbles","Gremlin Horn"],"acts_visited":["Exordium","TheCity"],"potions_floor_usage":[33],"damage_taken":[{"damage":0.0,"enemies":"2 Louse","floor":1.0,"turns":2.0},{"damage":2.0,"enemies":"Cultist","floor":3.0,"turns":4.0},{"damage":4.0,"enemies":"Jaw Worm","floor":4.0,"turns":3.0},{"damage":4.0,"enemies":"Exordium Wildlife","floor":5.0,"turns":4.0},{"damage":32.0,"enemies":"Gremlin Nob","floor":8.0,"turns":4.0},{"damage":1.0,"enemies":"The Mushroom Lair","floor":10.0,"turns":3.0},{"damage":17.0,"enemies":"3 Sentries","floor":12.0,"turns":4.0},{"damage":11.0,"enemies":"Blue Slaver","floor":14.0,"turns":2.0},{"damage":31.0,"enemies":"Slime Boss","floor":16.0,"turns":8.0},{"damage":21.0,"enemies":"Chosen","floor":18.0,"turns":5.0},{"damage":6.0,"enemies":"Spheric Guardian","floor":20.0,"turns":3.0},{"damage":9.0,"enemies":"Chosen and Byrds","floor":21.0,"turns":3.0},{"damage":15.0,"enemies":"Gremlin Leader","floor":24.0,"turns":4.0},{"damage":0.0,"enemies":"Snake Plant","floor":31.0,"turns":2.0},{"damage":51,"enemies":"Champ","floor":33,"turns":7}],"seed_played":"9149151461999149990","potions_obtained":[{"floor":4.0,"key":"FearPotion"},{"floor":10.0,"key":"PowerPotion"},{"floor":14.0,"key":"SkillPotion"},{"floor":20.0,"key":"Strength Potion"},{"floor":24.0,"key":"Fire Potion"}],"is_trial":false,"path_per_floor":["M","?","M","M","M","R","$","E","T","?","R","E","R","M","R","B",null,"M","?","M","M","$","R","E","R","T","?","?","$","?","M","R","B"],"character_chosen":"IRONCLAD","items_purchased":["Corruption","Evolve","Orrery","Shrug It Off"],"campfire_rested":0,"item_purchase_floors":[7,22,22,29],"current_hp_per_floor":[74,74,75,75,75,75,75,49,49,54,54,43,43,38,38,13,60,45,45,45,42,42,42,33,33,33,33,33,33,33,39,39,0,0],"gold":125,"neow_bonus":"TRANSFORM_CARD","is_daily":false,"chose_seed":false,"campfire_upgraded":7,"win_rate":0.0,"timestamp":1609775601,"path_taken":["M","?","?","M","M","R","$","E","T","?","R","E","R","M","R","BOSS","M","?","M","M","$","R","E","R","T","?","?","$","?","M","R","BOSS"],"items_purchased_type":["Card","Card","Relic","Card"],"build_version":"2020-12-22","purchased_purges":0,"victory":false,"max_hp_per_floor":[75,75,75,75,75,75,75,75,75,75,75,75,75,75,75,75,75,75,75,75,75,75,75,75,75,75,75,75,75,75,75,75,75,75],"card_choices":[{"not_picked":["Headbutt","Anger","Twin Strike"],"picked":"SKIP","floor":1.0},{"not_picked":["Havoc","Power Through"],"picked":"Wild Strike","floor":3.0},{"not_picked":["Ghostly Armor","Metallicize"],"picked":"Perfected Strike","floor":4.0},{"not_picked":["Ghostly Armor","Heavy Blade","Warcry"],"picked":"SKIP","floor":5.0},{"not_picked":["Headbutt","Berserk"],"picked":"Shrug It Off","floor":8.0},{"not_picked":["Clothesline","Pommel Strike"],"picked":"Bloodletting","floor":12.0},{"not_picked":["Thunderclap","Body Slam","Cleave"],"picked":"SKIP","floor":14.0},{"not_picked":["Fiend Fire","Juggernaut"],"picked":"Offering","floor":16.0},{"not_picked":["Anger","Armaments"],"picked":"Disarm","floor":18.0},{"not_picked":["Iron Wave","Body Slam"],"picked":"Battle Trance","floor":20.0},{"not_picked":["Sword Boomerang","Flex"],"picked":"Impervious","floor":21.0},{"not_picked":["Shrug It Off","Pommel Strike"],"picked":"Shockwave+1","floor":22.0},{"not_picked":["Pommel Strike","Sword Boomerang"],"picked":"Dark Embrace","floor":22.0},{"not_picked":["Headbutt","Sword Boomerang"],"picked":"Reckless Charge","floor":22.0},{"not_picked":["Burning Pact","Combust"],"picked":"Armaments","floor":22.0},{"not_picked":["Cleave","Inflame+1"],"picked":"Fiend Fire","floor":22.0},{"not_picked":["Hemokinesis+1","Intimidate"],"picked":"Carnage","floor":24.0},{"not_picked":["Shockwave","Burning Pact"],"picked":"Dropkick+1","floor":31.0}],"player_experience":1140651,"relics_obtained":[{"floor":8.0,"key":"Boot"},{"floor":9.0,"key":"Juzu Bracelet"},{"floor":10.0,"key":"Odd Mushroom"},{"floor":12.0,"key":"MawBank"},{"floor":24.0,"key":"Matryoshka"},{"floor":26.0,"key":"Akabeko"},{"floor":26.0,"key":"Bag of Marbles"}],"event_choices":[{"damage_healed":0.0,"max_hp_gain":0.0,"max_hp_loss":0.0,"gold_gain":50.0,"event_name":"Golden Shrine","player_choice":"Pray","floor":2.0,"gold_loss":0.0,"damage_taken":0.0},{"damage_healed":0.0,"max_hp_gain":0.0,"max_hp_loss":0.0,"gold_gain":0.0,"event_name":"Mushrooms","player_choice":"Fought Mushrooms","floor":10.0,"gold_loss":0.0,"damage_taken":0.0},{"damage_healed":0.0,"max_hp_gain":0.0,"max_hp_loss":0.0,"gold_gain":0.0,"event_name":"Vampires","player_choice":"Ignored","floor":19.0,"gold_loss":0.0,"damage_taken":0.0},{"damage_healed":0.0,"max_hp_gain":0.0,"max_hp_loss":0.0,"gold_gain":0.0,"cards_transformed":["Strike_R","Defend_R"],"event_name":"Drug Dealer","player_choice":"Became Test Subject","floor":27.0,"gold_loss":0.0,"damage_taken":0.0,"cards_obtained":["Dark Embrace","Barricade"]},{"damage_healed":0.0,"max_hp_gain":0.0,"max_hp_loss":0.0,"gold_gain":0.0,"event_name":"Addict","player_choice":"Obtained Relic","floor":28.0,"gold_loss":85.0,"damage_taken":0.0,"relics_obtained":["Gremlin Horn"]},{"damage_healed":0.0,"max_hp_gain":0.0,"max_hp_loss":0.0,"gold_gain":0.0,"event_name":"The Mausoleum","player_choice":"Ignored","floor":30.0,"gold_loss":0.0,"damage_taken":0.0}],"is_beta":false,"boss_relics":[{"not_picked":["Fusion Hammer","Calling Bell"],"picked":"Snecko Eye"}],"items_purged_floors":[],"is_endless":false,"potions_floor_spawned":[4,10,14,20,24],"killed_by":"Champ","ascension_level":20}}