{"host":"54vghy6hfkyy1r39","time":1609726012,"event":{"mods":["AchievementEnabler","BaseMod","Minty Spire (QoL Compilation)","StSLib","SuperFastMode","everything is the same but u backflip on backflip"],"gold_per_floor":[109,209,228,73,73,73,107,120,45,45,63,63,98,98,179,179,276,276,294,307,318,113,127,127,144,9,60,60,60,60,85,101,101,197,197,216,16,31,31,31,31,31,31],"floor_reached":42,"playtime":1247,"items_purged":["Strike_P","Blasphemy","Evaluate"],"score":499,"play_id":"7d215acd-178f-4a71-8038-af460ae72ded","local_time":"20210104110652","is_ascension_mode":true,"campfire_choices":[{"floor":12,"key":"REST"},{"floor":16,"key":"REST"},{"floor":24,"key":"REST"},{"floor":28,"key":"REST"},{"data":"Vault","floor":30,"key":"SMITH"},{"data":"ConjureBlade","floor":33,"key":"SMITH"},{"floor":41,"key":"REST"}],"circlet_count":0,"master_deck":["Eruption+1","Vigilance","ConjureBlade+1","EmptyFist","FearNoEvil","Adaptation","InnerPeace","Vault+1","Vault","Wallop","ReachHeaven","Perseverance","Devotion","Halt+1","TalkToTheHand","DevaForm","Crescendo+1","Master of Strategy"],"relics":["PureWater","Chemical X","Mango","Unceasing Top","Ornamental Fan","InkBottle","Pandora\u0027s Box","Membership Card","Strange Spoon","Regal Pillow","Blood Vial","SlaversCollar","OrangePellets"],"acts_visited":["Exordium","TheCity","TheBeyond"],"potions_floor_usage":[13,25,34],"damage_taken":[{"damage":7,"enemies":"2 Louse","floor":1,"turns":3},{"damage":0,"enemies":"Cultist","floor":3,"turns":3},{"damage":18,"enemies":"Lagavulin","floor":7,"turns":5},{"damage":14,"enemies":"Small Slimes","floor":8,"turns":2},{"damage":0,"enemies":"Exordium Thugs","floor":11,"turns":3},{"damage":23,"enemies":"3 Sentries","floor":13,"turns":5},{"damage":0,"enemies":"Slime Boss","floor":17,"turns":3},{"damage":16,"enemies":"Spheric Guardian","floor":19,"turns":4},{"damage":17,"enemies":"Chosen","floor":20,"turns":6},{"damage":30,"enemies":"Snake Plant","floor":21,"turns":3},{"damage":0,"enemies":"Snecko","floor":23,"turns":3},{"damage":12,"enemies":"Chosen and Byrds","floor":25,"turns":6},{"damage":11,"enemies":"Sentry and Sphere","floor":32,"turns":4},{"damage":41,"enemies":"Collector","floor":34,"turns":7},{"damage":33,"enemies":"Orb Walker","floor":36,"turns":4},{"damage":41,"enemies":"3 Shapes","floor":38,"turns":6},{"damage":60,"enemies":"Nemesis","floor":42,"turns":4}],"seed_played":"-8170136277304184169","potions_obtained":[{"floor":3,"key":"Block Potion"},{"floor":7,"key":"SpeedPotion"},{"floor":23,"key":"BlessingOfTheForge"},{"floor":25,"key":"SteroidPotion"},{"floor":32,"key":"PowerPotion"},{"floor":36,"key":"PowerPotion"}],"is_trial":false,"path_per_floor":["M","?","M","$","$","?","E","M","$","T","M","R","E","$","T","R","B",null,"M","M","M","$","M","R","M","$","T","R","$","R","T","M","R","B",null,"M","$","M","?","?","R","E"],"character_chosen":"WATCHER","items_purchased":["Chemical X","Membership Card","Strange Spoon","DevaForm","OrangePellets","Ambrosia"],"campfire_rested":5,"item_purchase_floors":[4,22,26,37,37,37],"current_hp_per_floor":[65,65,65,65,65,65,61,47,47,47,47,72,49,49,49,74,74,86,70,53,23,23,23,48,36,36,36,76,76,76,76,67,67,28,86,53,53,14,14,14,54,0,0],"gold":31,"neow_bonus":"ONE_RANDOM_RARE_CARD","is_daily":false,"chose_seed":false,"campfire_upgraded":2,"win_rate":0.0,"timestamp":1609726012,"path_taken":["M","?","?","$","$","?","E","M","$","T","M","R","E","?","?","R","BOSS","M","?","?","$","M","R","M","?","T","R","$","R","?","M","R","BOSS","M","$","M","?","?","R","E"],"items_purchased_type":["Relic","Relic","Relic","Card","Relic","Potion"],"build_version":"2020-12-22","purchased_purges":3,"victory":false,"max_hp_per_floor":[72,72,72,72,72,72,86,86,86,86,86,86,86,86,86,86,86,86,86,86,86,86,86,86,86,86,86,86,86,86,86,86,86,86,86,86,86,86,86,86,86,86,86],"card_choices":[{"not_picked":["ThirdEye","CutThroughFate"],"picked":"EmptyFist","floor":1},{"not_picked":["JustLucky","Wireheading"],"picked":"FearNoEvil","floor":3},{"not_picked":["PathToVictory","FlurryOfBlows","FlyingSleeves"],"picked":"SKIP","floor":7},{"not_picked":["Protect","EmptyFist"],"picked":"Adaptation","floor":8},{"not_picked":["FlyingSleeves","BowlingBash"],"picked":"InnerPeace","floor":11},{"not_picked":["FearNoEvil","Crescendo"],"picked":"Vault","floor":13},{"not_picked":["Alpha","Devotion"],"picked":"Vault","floor":17},{"not_picked":["FlyingSleeves+1","Adaptation","Tantrum"],"picked":"SKIP","floor":19},{"not_picked":["Conclude+1","EmptyBody","Weave"],"picked":"SKIP","floor":20},{"not_picked":["Worship+1","LikeWater+1","FollowUp"],"picked":"SKIP","floor":21},{"not_picked":["Wallop","Protect","ClearTheMind+1"],"picked":"SKIP","floor":23},{"not_picked":["InnerPeace","Wireheading"],"picked":"Halt+1","floor":25},{"not_picked":["FlyingSleeves","FearNoEvil+1","Collect"],"picked":"SKIP","floor":32},{"not_picked":["Crescendo","LikeWater"],"picked":"TalkToTheHand","floor":36},{"not_picked":["ReachHeaven","EmptyFist+1"],"picked":"Crescendo+1","floor":38},{"not_picked":["Dramatic Entrance","Deep Breath"],"picked":"Master of Strategy","floor":40}],"player_experience":181244,"relics_obtained":[{"floor":7,"key":"Mango"},{"floor":10,"key":"Unceasing Top"},{"floor":13,"key":"Ornamental Fan"},{"floor":15,"key":"InkBottle"},{"floor":27,"key":"Regal Pillow"},{"floor":31,"key":"Blood Vial"}],"event_choices":[{"damage_healed":0,"gold_gain":100,"player_choice":"Pray","damage_taken":0,"max_hp_gain":0,"max_hp_loss":0,"event_name":"Golden Shrine","floor":2,"gold_loss":0},{"damage_healed":0,"gold_gain":0,"player_choice":"Forge","damage_taken":0,"max_hp_gain":0,"max_hp_loss":0,"event_name":"Accursed Blacksmith","floor":6,"gold_loss":0,"cards_upgraded":["Eruption"]},{"cards_removed":["Worship"],"damage_healed":0,"gold_gain":0,"player_choice":"Removed Skill","damage_taken":0,"max_hp_gain":0,"max_hp_loss":0,"event_name":"Falling","floor":39,"gold_loss":0},{"damage_healed":0,"gold_gain":0,"player_choice":"Memory 1","damage_taken":0,"max_hp_gain":0,"max_hp_loss":0,"event_name":"SensoryStone","floor":40,"gold_loss":0}],"is_beta":false,"boss_relics":[{"not_picked":["Coffee Dripper","Fusion Hammer"],"picked":"Pandora\u0027s Box"},{"not_picked":["Astrolabe","Philosopher\u0027s Stone"],"picked":"SlaversCollar"}],"items_purged_floors":[9,22,26],"is_endless":false,"potions_floor_spawned":[3,7,23,25,32,36,38],"killed_by":"Nemesis","ascension_level":2}}