{"host":"ox77rn1xcurm2t5a","time":1609720863,"event":{"mods":["2.2 Compatiblity","AchievementEnabler","Act Like it!","Aspiration","BaseMod","Best Route Mod","Better Match","Better Note","Better Sensory Stone","Block Reminder","Colored Map","Colored Powertips","Conjunction","Conspire","Custom Start","Energized Spire","GifTheSpireLib","Gold Saver","Gremlin Skip","Halation","Highlight Path","Hubris","Infinite Spire","Minty Spire (QoL Compilation)","Pale of the Ancients","Quick Restart","Replay The Spire","Reworked Bosses","ShortenTheSpire","Spire Exporter","StSLib","Stuff the Spire","Wandering Minibosses","vexMod"],"gold_per_floor":[963,963,963,296,1,17,17,17,17,50,61,61,61,61],"floor_reached":13,"playtime":226,"items_purged":["Strike_B"],"score":126,"play_id":"630885c5-bbb7-4154-a354-86239860505e","local_time":"20210104024103","is_ascension_mode":true,"campfire_choices":[{"floor":7.0,"key":"RECALL"},{"data":"Cleave","floor":12,"key":"SMITH"}],"circlet_count":0,"master_deck":["AscendersBane","Strike_B","Strike_B","Defend_B","Defend_B","Defend_B+1","Defend_B","Zap+1","Dualcast","Storm","Storm","Cleave+1"],"relics":["Cracked Core","hubris:SoftwareUpdate","StuffTheSpire:BottledEssence","DollysMirror","hubris:TenFootPole","hubris:DisguiseKit"],"acts_visited":["Exordium"],"potions_floor_usage":[10],"damage_taken":[{"damage":0.0,"enemies":"2 Louse","floor":1.0,"turns":1.0},{"damage":0.0,"enemies":"conspire:RoseBush","floor":6.0,"turns":3.0},{"damage":17,"enemies":"Lagavulin","floor":10,"turns":4},{"damage":8,"enemies":"Jaw Worm","floor":11,"turns":6},{"damage":32,"enemies":"3 Sentries","floor":13,"turns":4}],"seed_played":"5571250169720261578","potions_obtained":[],"is_trial":false,"path_per_floor":["M","?","?","$","$","M","R","?","T","E","M","R","E"],"character_chosen":"DEFECT","items_purchased":["hubris:SoftwareUpdate","Storm","StuffTheSpire:BottledEssence","infinitespire:BlackPotion","DollysMirror","hubris:TenFootPole"],"campfire_rested":0,"item_purchase_floors":[4,4,4,4,5,5],"current_hp_per_floor":[68,53,53,53,53,53,53,53,53,36,28,28,0,0],"gold":61,"neow_bonus":"REMOVE_CARD","is_daily":false,"chose_seed":false,"campfire_upgraded":1,"win_rate":0.0,"timestamp":1609720863,"path_taken":["M","?","?","?","$","?","R","?","T","E","M","R","E"],"items_purchased_type":["Relic","Card","Relic","Potion","Relic","Relic"],"build_version":"2020-12-22","purchased_purges":1,"victory":false,"max_hp_per_floor":[75,75,75,75,75,75,75,75,75,75,75,75,75,75],"card_choices":[{"not_picked":["Steam","Rebound","Turbo"],"picked":"SKIP","floor":1.0},{"not_picked":["ReplayTheSpireMod:Reroute Power","Rebound","StuffTheSpire:Plugnplay"],"picked":"SKIP","floor":6.0},{"not_picked":["BasicCrystalCard","Scrape","Rebound"],"picked":"SKIP","floor":10},{"not_picked":["Auto Shields","Panic Button","Go for the Eyes"],"picked":"Cleave","floor":11}],"player_experience":2884030,"relics_obtained":[{"floor":10,"key":"hubris:DisguiseKit"}],"event_choices":[{"damage_healed":0.0,"max_hp_gain":0.0,"max_hp_loss":0.0,"gold_gain":0.0,"event_name":"Shining Light","player_choice":"Entered Light","floor":2.0,"gold_loss":0.0,"damage_taken":15.0,"cards_upgraded":["Zap","Defend_B"]}],"is_beta":false,"boss_relics":[],"items_purged_floors":[4],"is_endless":false,"potions_floor_spawned":[],"killed_by":"3 Sentries","ascension_level":11}}