{"host":"kev6uqotw4tlyx8l","time":1609718822,"event":{"mods":["Act Like it!","Aspiration","BaseMod","Colored Powertips","Dota2Spire","Downfall","Hallownest","Infinite Spire","Marisa????????","Minty Spire (QoL Compilation)","Quick Restart","Remilia??????","Replay The Spire","StSLib","The Cursed","The Jungle","The Marked","The Mystic","The Servant 0.9.4"],"gold_per_floor":[111,127,16,16,191,191,223,166,191,191,44,71,71,98,98,198,198,213,213,213,213,45,79,79,92,142,142,142,142,142,161,161,267,267,295,295,331,363,363,363,417,417,465,521,587,654,666,666],"floor_reached":47,"playtime":1303,"items_purged":["Spreading Infection"],"score":687,"play_id":"3203beaf-2f8d-4af0-bb93-9e95697ef105","local_time":"20210104070702","is_ascension_mode":true,"campfire_choices":[{"data":"theMarked:ComboAttacks","floor":6,"key":"SMITH"},{"data":"theMarked:Seal","floor":10,"key":"SMITH"},{"floor":13,"key":"REST"},{"floor":15,"key":"REST"},{"data":"theMarked:BanishingStrike","floor":24,"key":"SMITH"},{"data":"theMarked:Seal","floor":27,"key":"SMITH"},{"data":"theMarked:BanishingWave","floor":30,"key":"SMITH"},{"data":"expansioncontent:DecasProtection","floor":32,"key":"SMITH"},{"data":"theMarked:Abjuration","floor":40,"key":"SMITH"},{"data":"theMarked:Abjuration","floor":42,"key":"SMITH"}],"circlet_count":0,"master_deck":["theMarked:Strike","theMarked:Strike","theMarked:Defend","theMarked:Defend","theMarked:Defend+1","theMarked:Defend","theMarked:SoldierOfQuellstein","theMarked:Abjuration+1","theMarked:Frustration","theMarked:KeepCalmAndFightOn","theMarked:ComboAttacks+1","theMarked:Improvise","theMarked:Improvise+1","Choke","All Out Attack","Flechettes","Doubt","theMarked:HeritageOfTheMarked","theMarked:Seal+1","theMarked:Seal+1","theMarked:SwordAndMagic","theMarked:HeightenedSenses","theMarked:SummonStrength","theMarked:WastefulDefense+1","theMarked:BanishingWave+1","expansioncontent:DecasProtection+1","theMarked:BanishingStrike+1","theMarked:Opportunist","theMarked:Defy","CurseOfTheBell","theMarked:ResourceFulStrike+1","theMarked:Abjuration+1","theMarked:StartUp+1","theMarked:ContemptForTheProud+1","theMarked:ElectricStrings"],"relics":["theMarked:ArtifactOfAir","Replay:Baseball","aspiration:ChemicalBlood","PreservedInsect","aspiration:HiddenCompartment","infinitespire:EmpoweringShard","Ring of Panic","War Paint","Durian","Dota2Spire:Mjollnir","Juzu Bracelet","infinitespire:Lychee Nut","infinitespire:EvilPickle","Calling Bell","infinitespire:Beetle Shell","Dota2Spire:AghanimScepter","infinitespire:Magic Flask","infinitespire:PuzzleCube","Dota2Spire:DivineRapier","MawBank"],"acts_visited":["Exordium","TheCity","TheBeyond"],"potions_floor_usage":[7,16,16,16,16,16,16,16,16,16,16,18,33,33,33,33,38,38,41,44,44,46,46,46,47],"damage_taken":[{"damage":1,"enemies":"Cultist","floor":1,"turns":3},{"damage":0,"enemies":"2 Louse","floor":2,"turns":2},{"damage":26,"enemies":"Lagavulin","floor":7,"turns":5},{"damage":13,"enemies":"3 Sentries","floor":12,"turns":4},{"damage":26,"enemies":"Lagavulin","floor":14,"turns":4},{"damage":25,"enemies":"The Guardian","floor":16,"turns":5},{"damage":10,"enemies":"Spheric Guardian","floor":18,"turns":3},{"damage":19,"enemies":"Slavers","floor":23,"turns":4},{"damage":2,"enemies":"Chosen","floor":25,"turns":3},{"damage":0,"enemies":"3 Cultists","floor":31,"turns":2},{"damage":31,"enemies":"Pondfish","floor":33,"turns":6},{"damage":6,"enemies":"3 Shapes","floor":35,"turns":4},{"damage":7,"enemies":"Orb Walker","floor":37,"turns":2},{"damage":4,"enemies":"Maw","floor":38,"turns":4},{"damage":0,"enemies":"2 Orb Walkers","floor":41,"turns":2},{"damage":39,"enemies":"Transient","floor":44,"turns":5},{"damage":4,"enemies":"3 Darklings","floor":45,"turns":2},{"damage":10,"enemies":"4 Shapes","floor":46,"turns":2},{"damage":19,"enemies":"Giant Head","floor":47,"turns":4}],"seed_played":"811404193310645950","potions_obtained":[{"floor":2,"key":"ColorlessPotion"},{"floor":12,"key":"Block Potion"},{"floor":16,"key":"SneckoOil"},{"floor":25,"key":"DuplicationPotion"},{"floor":33,"key":"Weak Potion"},{"floor":41,"key":"DistilledChaos"},{"floor":44,"key":"Fire Potion"},{"floor":44,"key":"Languid Potion"}],"is_trial":false,"path_per_floor":["M","M","$","?","?","R","E","$","T","R","$","E","R","E","R","B",null,"M","?","?","AVR","$","E","R","M","T","R","?","T","R","M","R","B",null,"M","AVR","M","M","?","R","?","R","T","M","M","M","E"],"character_chosen":"THE_DEFAULT","items_purchased":["theMarked:ComboAttacks","theMarked:Improvise","theMarked:Seal","PreservedInsect","theMarked:BanishingWave","expansioncontent:DecasProtection"],"campfire_rested":2,"item_purchase_floors":[3,3,8,11,22,22],"current_hp_per_floor":[69,69,69,69,69,69,43,43,43,43,43,30,51,25,46,21,70,60,60,60,65,65,46,46,44,44,44,69,56,56,56,56,25,56,53,53,49,51,51,51,54,54,54,18,17,10,0,0],"gold":666,"neow_bonus":"ONE_RANDOM_RARE_CARD","is_daily":false,"chose_seed":false,"campfire_upgraded":8,"win_rate":0.0,"timestamp":1609718822,"path_taken":["M","?","$","?","?","R","E","$","T","R","$","E","R","E","R","BOSS","M","?","?","AVR","?","E","R","?","T","R","?","?","R","M","R","BOSS","M","AVR","M","M","?","R","?","R","T","M","M","M","E"],"items_purchased_type":["Card","Card","Card","Relic","Card","Card"],"build_version":"2020-12-22","purchased_purges":1,"victory":false,"max_hp_per_floor":[70,70,70,70,70,70,70,70,70,70,70,70,70,70,70,70,70,70,70,70,75,75,75,75,75,75,75,75,56,56,56,56,56,56,56,56,56,56,56,56,56,56,56,56,56,56,56,56],"card_choices":[{"not_picked":["theMarked:Parkour","theMarked:GodGivenPower"],"picked":"theMarked:Frustration","floor":1},{"not_picked":["theMarked:WastefulAttack","theMarked:SelfDefenseTraining"],"picked":"theMarked:KeepCalmAndFightOn","floor":2},{"not_picked":["theMarked:Aftermath","theMarked:ChainLightning"],"picked":"theMarked:HeritageOfTheMarked","floor":7},{"not_picked":["theMarked:HeightenedSenses","theMarked:WastefulDefense"],"picked":"theMarked:SwordAndMagic","floor":12},{"not_picked":["theMarked:ReduceFriction","theMarked:TwofoldDefense"],"picked":"theMarked:HeightenedSenses","floor":14},{"not_picked":["theMarked:Snap","theMarked:Levitate"],"picked":"theMarked:SummonStrength","floor":16},{"not_picked":["theMarked:ResourceFulStrike","theMarked:Static"],"picked":"theMarked:WastefulDefense+1","floor":18},{"not_picked":["theMarked:MagicAdept","theMarked:MaelstromOfLightning"],"picked":"theMarked:BanishingStrike","floor":23},{"not_picked":["theMarked:WastefulDefense","theMarked:Convert"],"picked":"theMarked:Opportunist","floor":25},{"not_picked":["theMarked:Standoff","theMarked:EnhanceMovement","theMarked:Parkour+1"],"picked":"SKIP","floor":31},{"not_picked":["theMarked:FavorableWinds","theMarked:ChannelForce"],"picked":"theMarked:Defy","floor":33},{"not_picked":["theMarked:TwofoldDefense","theMarked:ElementalBlade+1","theMarked:Parkour"],"picked":"SKIP","floor":35},{"not_picked":["theMarked:ParalyzingBlade","theMarked:RepellingDischarge+1"],"picked":"theMarked:ResourceFulStrike+1","floor":37},{"not_picked":["theMarked:Convert+1","theMarked:WastefulDefense","theMarked:Improvise"],"picked":"SKIP","floor":38},{"not_picked":["theMarked:EmpowerWeapon","theMarked:AttractMetal"],"picked":"theMarked:StartUp+1","floor":44},{"not_picked":["theMarked:KeepCalmAndFightOn+1","theMarked:WastefulDefense"],"picked":"theMarked:ContemptForTheProud+1","floor":45},{"not_picked":["theMarked:HeightenedSenses","theMarked:ResourceFulStrike+1"],"picked":"theMarked:ElectricStrings","floor":46}],"player_experience":88796,"relics_obtained":[{"floor":7,"key":"Replay:Baseball"},{"floor":9,"key":"aspiration:ChemicalBlood"},{"floor":12,"key":"aspiration:HiddenCompartment"},{"floor":14,"key":"infinitespire:EmpoweringShard"},{"floor":19,"key":"Ring of Panic"},{"floor":23,"key":"Dota2Spire:Mjollnir"},{"floor":26,"key":"Juzu Bracelet"},{"floor":29,"key":"infinitespire:Lychee Nut"},{"floor":34,"key":"infinitespire:Beetle Shell"},{"floor":34,"key":"Dota2Spire:AghanimScepter"},{"floor":34,"key":"infinitespire:Magic Flask"},{"floor":41,"key":"Dota2Spire:DivineRapier"},{"floor":43,"key":"MawBank"}],"event_choices":[{"damage_healed":0,"gold_gain":175,"player_choice":"AGREE","damage_taken":0,"max_hp_gain":0,"max_hp_loss":0,"event_name":"Liars Game","floor":5,"gold_loss":0,"cards_obtained":["Doubt"]},{"damage_healed":25,"gold_gain":0,"player_choice":"Heal","damage_taken":0,"max_hp_gain":0,"max_hp_loss":0,"event_name":"The Library","floor":28,"gold_loss":0},{"damage_healed":0,"gold_gain":0,"player_choice":"Copied","damage_taken":0,"max_hp_gain":0,"max_hp_loss":0,"event_name":"Duplicator","floor":39,"gold_loss":0,"cards_obtained":["theMarked:Abjuration"]},{"damage_healed":0,"gold_gain":0,"player_choice":"Fight","damage_taken":0,"max_hp_gain":0,"max_hp_loss":0,"event_name":"Mysterious Sphere","floor":41,"gold_loss":0}],"is_beta":false,"boss_relics":[{"not_picked":["ChewingGum","aspiration:PoetsPen_weak","Runic Pyramid"]},{"not_picked":["Kintsugi","Busted Crown"],"picked":"Calling Bell"}],"items_purged_floors":[21],"is_endless":false,"potions_floor_spawned":[2,12,16,25,33,38,41,44,45],"killed_by":"Giant Head","ascension_level":1}}