{"host":"ksmhkxap3eqvmwsu","time":1609725270,"event":{"mods":["AchievementEnabler","BaseMod","Infinite Spire","Minty Spire (QoL Compilation)","StSLib"],"gold_per_floor":[114,114,114,134,151,180,195,214,214,234,244,244,262,581,581,683,683,694,710,724,108,126,126,126,126,126,136,150,150,5,16,16,131,131,151,151,0,15,34,34,43,43,66,83,98,116,126,144,144,146],"floor_reached":51,"playtime":3147,"items_purged":["Stack"],"score":688,"play_id":"8438c0c8-9e06-40c0-be65-cace0eeea985","local_time":"20210104035430","daily_mods":["SealedDeck","Vintage"],"is_ascension_mode":false,"campfire_choices":[{"data":"Storm","floor":12,"key":"SMITH"},{"data":"Double Energy","floor":15,"key":"SMITH"},{"data":"Capacitor","floor":23,"key":"SMITH"},{"data":"Defragment","floor":25,"key":"SMITH"},{"data":"Heatsinks","floor":29,"key":"SMITH"},{"floor":32,"key":"DIG"},{"data":"Buffer","floor":40,"key":"SMITH"},{"floor":49,"key":"DIG"}],"circlet_count":0,"master_deck":["Conserve Battery","Capacitor+1","Lockon+1","Redo+1","Storm+1","Double Energy+1","Conserve Battery","Defragment+1","infinitespire:Fortify+1","Electrodynamics","Master of Strategy","Heatsinks+1","Buffer+1","infinitespire:UltimateForm"],"relics":["Cracked Core","Bottled Tornado","Happy Flower","Anchor","infinitespire:FocusingShard","Potion Belt","Bird Faced Urn","infinitespire:Freezer","infinitespire:Bottled Soul","Nunchaku","Molten Egg 2","Ornamental Fan","Old Coin","SlaversCollar","Symbiotic Virus","Juzu Bracelet","War Paint","Sundial","infinitespire:Midas Blood","StoneCalendar","Girya","Omamori","CeramicFish","Chemical X","Shovel","Blood Vial","Empty Cage","Regal Pillow","Red Mask","Art of War","infinitespire:Beetle Shell","HandDrill","Whetstone","Incense Burner","Oddly Smooth Stone","infinitespire:PuzzleCube","Akabeko","infinitespire:BottledMercury","White Beast Statue"],"acts_visited":["Exordium","TheCity","TheBeyond"],"potions_floor_usage":[6,28],"damage_taken":[{"damage":0,"enemies":"Cultist","floor":1,"turns":3},{"damage":4,"enemies":"Jaw Worm","floor":4,"turns":2},{"damage":0,"enemies":"Small Slimes","floor":5,"turns":3},{"damage":18,"enemies":"Lagavulin","floor":6,"turns":6},{"damage":1,"enemies":"Exordium Thugs","floor":7,"turns":3},{"damage":0,"enemies":"3 Louse","floor":8,"turns":3},{"damage":0,"enemies":"Exordium Wildlife","floor":10,"turns":3},{"damage":0,"enemies":"2 Fungi Beasts","floor":11,"turns":3},{"damage":8,"enemies":"3 Louse","floor":13,"turns":3},{"damage":0,"enemies":"Looter","floor":14,"turns":3},{"damage":27,"enemies":"Hexaghost","floor":16,"turns":7},{"damage":0,"enemies":"Spheric Guardian","floor":18,"turns":3},{"damage":0,"enemies":"3 Byrds","floor":19,"turns":2},{"damage":3,"enemies":"Shelled Parasite and Fungi","floor":20,"turns":4},{"damage":0,"enemies":"Cultist and Chosen","floor":22,"turns":3},{"damage":0,"enemies":"Snake Plant","floor":27,"turns":3},{"damage":4,"enemies":"Centurion and Healer","floor":28,"turns":3},{"damage":0,"enemies":"Snecko","floor":31,"turns":4},{"damage":18,"enemies":"Automaton","floor":33,"turns":7},{"damage":0,"enemies":"3 Darklings","floor":35,"turns":2},{"damage":4,"enemies":"3 Shapes","floor":38,"turns":2},{"damage":0,"enemies":"Spire Growth","floor":39,"turns":3},{"damage":0,"enemies":"4 Shapes","floor":44,"turns":3},{"damage":0,"enemies":"Jaw Worm Horde","floor":45,"turns":2},{"damage":0,"enemies":"3 Darklings","floor":46,"turns":3},{"damage":0,"enemies":"Maw","floor":47,"turns":3},{"damage":0,"enemies":"Sphere and 2 Shapes","floor":48,"turns":3},{"damage":3,"enemies":"infinitespire:MassOfShapes","floor":50,"turns":5}],"seed_played":"8404454933197266658","potions_obtained":[{"floor":1,"key":"ColorlessPotion"},{"floor":4,"key":"SmokeBomb"},{"floor":7,"key":"BlessingOfTheForge"},{"floor":13,"key":"Explosive Potion"},{"floor":16,"key":"Block Potion"},{"floor":19,"key":"SteroidPotion"},{"floor":20,"key":"Ancient Potion"},{"floor":33,"key":"Ancient Potion"},{"floor":39,"key":"Weak Potion"},{"floor":42,"key":"infinitespire:BlackPotion"},{"floor":42,"key":"PowerPotion"}],"is_trial":true,"path_per_floor":["M","?","T","M","M","E","M","M","T","M","M","R","M","M","R","B",null,"M","M","M","$","M","R","?","R","T","M","M","R","$","M","R","B",null,"M","?","?","M","M","R","AVR","?","T","M","M","M","M","M","R","B",null],"character_chosen":"DEFECT","items_purchased":["Master of Strategy","Coolheaded","Heatsinks","Sundial","Chemical X"],"campfire_rested":0,"item_purchase_floors":[21,21,21,21,30],"current_hp_per_floor":[75,57,57,53,53,35,34,40,40,46,52,52,50,56,56,35,75,75,75,74,74,75,75,75,75,75,75,73,73,73,75,75,57,75,75,75,75,75,75,75,75,75,75,75,75,75,75,75,75,75],"gold":146,"neow_bonus":"","is_daily":false,"chose_seed":false,"campfire_upgraded":6,"win_rate":0.0,"timestamp":1609725270,"path_taken":["M","?","?","?","M","E","M","M","T","M","M","R","M","M","R","BOSS","M","M","M","$","M","R","?","R","T","M","M","R","$","M","R","BOSS","M","?","?","M","M","R","AVR","?","T","M","M","M","M","M","R","BOSS"],"items_purchased_type":["Card","Card","Card","Relic","Relic"],"build_version":"2020-12-22","purchased_purges":1,"victory":true,"max_hp_per_floor":[75,75,75,75,75,75,75,75,75,75,75,75,75,75,75,75,75,75,75,75,75,75,75,75,75,75,75,75,75,75,75,75,75,75,75,75,75,75,75,75,75,75,75,75,75,75,75,75,75,75],"card_choices":[{"not_picked":["infinitespire:SealOfDarkness+","infinitespire:Gouge"],"picked":"infinitespire:Fortify","floor":2},{"not_picked":["Sunder","Barrage","Hologram"],"picked":"SKIP","floor":6},{"not_picked":["Fission","Thunder Strike+1"],"picked":"Electrodynamics","floor":16},{"not_picked":["Rainbow","Machine Learning"],"picked":"Buffer","floor":33}],"player_experience":209525,"relics_obtained":[{"floor":1,"key":"Bottled Tornado"},{"floor":3,"key":"Happy Flower"},{"floor":4,"key":"Anchor"},{"floor":5,"key":"infinitespire:FocusingShard"},{"floor":6,"key":"Potion Belt"},{"floor":7,"key":"Bird Faced Urn"},{"floor":8,"key":"infinitespire:Freezer"},{"floor":9,"key":"infinitespire:Bottled Soul"},{"floor":10,"key":"Nunchaku"},{"floor":11,"key":"Molten Egg 2"},{"floor":13,"key":"Ornamental Fan"},{"floor":14,"key":"Old Coin"},{"floor":18,"key":"Symbiotic Virus"},{"floor":19,"key":"Juzu Bracelet"},{"floor":20,"key":"War Paint"},{"floor":22,"key":"infinitespire:Midas Blood"},{"floor":26,"key":"Girya"},{"floor":27,"key":"Omamori"},{"floor":28,"key":"CeramicFish"},{"floor":31,"key":"Shovel"},{"floor":32,"key":"Blood Vial"},{"floor":35,"key":"Regal Pillow"},{"floor":38,"key":"Art of War"},{"floor":39,"key":"infinitespire:Beetle Shell"},{"floor":43,"key":"Whetstone"},{"floor":44,"key":"Incense Burner"},{"floor":45,"key":"Oddly Smooth Stone"},{"floor":46,"key":"infinitespire:PuzzleCube"},{"floor":47,"key":"Akabeko"},{"floor":48,"key":"infinitespire:BottledMercury"},{"floor":49,"key":"White Beast Statue"}],"event_choices":[{"damage_healed":0,"gold_gain":0,"player_choice":"Opened","damage_taken":0,"relics_obtained":["StoneCalendar"],"max_hp_gain":0,"max_hp_loss":0,"event_name":"The Mausoleum","floor":24,"gold_loss":0,"cards_obtained":["Writhe"]},{"cards_removed":["Coolheaded"],"damage_healed":0,"gold_gain":0,"player_choice":"Removed Skill","damage_taken":0,"max_hp_gain":0,"max_hp_loss":0,"event_name":"Falling","floor":36,"gold_loss":0},{"damage_healed":0,"gold_gain":0,"player_choice":"Paid","damage_taken":0,"relics_obtained":["Red Mask"],"max_hp_gain":0,"max_hp_loss":0,"event_name":"Tomb of Lord Red Mask","floor":37,"gold_loss":151},{"damage_healed":0,"gold_gain":0,"player_choice":"Got Potions","damage_taken":0,"max_hp_gain":0,"max_hp_loss":0,"event_name":"Lab","floor":42,"gold_loss":0}],"is_beta":false,"boss_relics":[{"not_picked":["Ectoplasm","Sozu"],"picked":"SlaversCollar"},{"not_picked":["Philosopher\u0027s Stone","Tiny House"],"picked":"Empty Cage"}],"items_purged_floors":[21],"is_endless":false,"potions_floor_spawned":[1,4,7,13,16,19,20,33,39,44,45,48],"ascension_level":0}}