{"host":"oiai0qxasotny765","time":1609792409,"event":{"mods":["2.2 Compatiblity","AchievementEnabler","BaseMod","Colored Map","Minty Spire (QoL Compilation)","Permanent Neow","Relic Stats","StSLib","SuperFastMode","everything is the same but u backflip on backflip"],"gold_per_floor":[119,132,57,70,70,102,177,205,217,229,84,99,99,118,118,191,191,211,246,261,261,273,273,308,325,352,352,352,368,216,234,234,311,311,327,352,352,205,205,205,222,13,40,57,57,102,115,125,125,125],"floor_reached":51,"playtime":1840,"items_purged":["Normality","Regret"],"score":1147,"play_id":"f292c5be-45e1-4e5f-9525-71485b2c9ea3","local_time":"20210105053329","is_ascension_mode":true,"campfire_choices":[{"data":"Apotheosis","floor":10.0,"key":"SMITH"},{"data":"Fire Breathing","floor":13.0,"key":"SMITH"},{"data":"Bash","floor":15.0,"key":"SMITH"},{"floor":23.0,"key":"REST"},{"floor":27.0,"key":"REST"},{"floor":32,"key":"REST"},{"floor":40,"key":"REST"},{"floor":45,"key":"REST"},{"floor":49,"key":"REST"}],"circlet_count":0,"master_deck":["AscendersBane","Strike_R","Strike_R","Defend_R","Defend_R","Defend_R","Defend_R","Bash+1","Apotheosis+1","Wild Strike","Cleave","Fire Breathing+1","Shrug It Off+1","Burning Pact","Reckless Charge","Immolate","Battle Trance","Offering","Uppercut","Decay","Feel No Pain","Combust","Warcry+1","True Grit","Havoc+1","Fiend Fire","CurseOfTheBell","Power Through","Dark Embrace+1","Madness","Madness","Double Tap","Evolve+1","Parasite"],"relics":["Burning Blood","Mercury Hourglass","StoneCalendar","MawBank","Turnip","Fusion Hammer","Red Mask","Boot","Nunchaku","Calling Bell","Juzu Bracelet","Question Card","Pocketwatch","Gambling Chip","Orrery","War Paint","TungstenRod"],"acts_visited":["Exordium","TheCity","TheBeyond"],"potions_floor_usage":[33,36,46,50],"damage_taken":[{"damage":13.0,"enemies":"2 Louse","floor":1.0,"turns":3.0},{"damage":3.0,"enemies":"Small Slimes","floor":2.0,"turns":4.0},{"damage":7.0,"enemies":"Jaw Worm","floor":4.0,"turns":4.0},{"damage":11.0,"enemies":"3 Sentries","floor":6.0,"turns":3.0},{"damage":25.0,"enemies":"Lagavulin","floor":8.0,"turns":7.0},{"damage":3.0,"enemies":"Large Slime","floor":12.0,"turns":4.0},{"damage":9.0,"enemies":"Looter","floor":14.0,"turns":3.0},{"damage":14.0,"enemies":"Hexaghost","floor":16.0,"turns":7.0},{"damage":11.0,"enemies":"Chosen","floor":18.0,"turns":2.0},{"damage":15.0,"enemies":"Masked Bandits","floor":19.0,"turns":3.0},{"damage":35.0,"enemies":"Shell Parasite","floor":20.0,"turns":3.0},{"damage":8.0,"enemies":"Snake Plant","floor":22.0,"turns":3.0},{"damage":33.0,"enemies":"Book of Stabbing","floor":24.0,"turns":5.0},{"damage":10.0,"enemies":"Sentry and Sphere","floor":25.0,"turns":3.0},{"damage":12,"enemies":"Snecko","floor":29,"turns":3},{"damage":16,"enemies":"Snake Plant","floor":31,"turns":3},{"damage":21,"enemies":"Automaton","floor":33,"turns":6},{"damage":17,"enemies":"3 Shapes","floor":35,"turns":4},{"damage":3,"enemies":"Mind Bloom Boss Battle","floor":36,"turns":5},{"damage":6,"enemies":"Orb Walker","floor":41,"turns":3},{"damage":9,"enemies":"Transient","floor":44,"turns":5},{"damage":31,"enemies":"2 Orb Walkers","floor":46,"turns":3},{"damage":22,"enemies":"Spire Growth","floor":47,"turns":6},{"damage":5,"enemies":"Writhing Mass","floor":48,"turns":5},{"damage":60,"enemies":"Time Eater","floor":50,"turns":8}],"seed_played":"6171948424440164906","potions_obtained":[{"floor":1.0,"key":"Block Potion"},{"floor":12.0,"key":"PowerPotion"},{"floor":14.0,"key":"SkillPotion"},{"floor":18.0,"key":"ColorlessPotion"},{"floor":20.0,"key":"SkillPotion"},{"floor":25.0,"key":"SneckoOil"},{"floor":33,"key":"Fire Potion"},{"floor":36,"key":"LiquidBronze"},{"floor":46,"key":"ElixirPotion"},{"floor":47,"key":"Regen Potion"}],"is_trial":false,"path_per_floor":["M","M","$","M","?","E","?","E","T","R","$","M","R","M","R","B",null,"M","?","M","?","M","R","E","M","T","R","?","M","$","M","R","B",null,"M","?","?","$","?","R","M","$","T","M","R","?","M","M","R","B",null],"character_chosen":"IRONCLAD","items_purchased":["Fire Breathing","Immolate","True Grit","Orrery","Double Tap","Block Potion"],"campfire_rested":6,"item_purchase_floors":[3,11,30,38,42,42],"current_hp_per_floor":[61,64,64,63,63,58,47,28,28,28,28,31,31,28,28,20,61,56,47,18,18,16,38,11,7,7,29,29,23,23,13,35,20,61,50,53,53,53,39,61,61,61,61,58,75,50,34,35,57,18],"gold":125,"neow_bonus":"RANDOM_COLORLESS_2","is_daily":false,"chose_seed":false,"campfire_upgraded":3,"win_rate":0.0,"timestamp":1609792409,"path_taken":["M","M","$","M","?","E","?","E","T","R","$","M","R","M","R","BOSS","M","?","M","?","M","R","E","M","T","R","?","M","?","?","R","BOSS","M","?","?","$","?","R","M","$","T","M","R","?","M","M","R","BOSS"],"items_purchased_type":["Card","Card","Card","Relic","Card","Potion"],"build_version":"2020-12-22","purchased_purges":2,"victory":true,"max_hp_per_floor":[75,75,75,75,75,75,75,75,75,75,75,75,75,75,75,75,75,75,75,75,75,75,75,75,75,75,75,75,75,75,75,75,75,75,75,75,75,75,75,75,75,75,75,75,75,75,75,75,75,75],"relic_stats":{"counters":[25,105],"StoneCalendar":[82],"Juzu Bracelet":0,"War Paint":["Shrug It Off","Warcry"],"MawBank":36,"Boot":[11],"Question Card":12,"Burning Blood":150,"Mercury Hourglass":[320],"Nunchaku":[8],"Gambling Chip":[17],"Turnip":[14],"obtain_stats":[{"StoneCalendar":6,"Juzu Bracelet":34,"War Paint":43,"MawBank":8,"Boot":24,"Question Card":34,"Burning Blood":0,"Mercury Hourglass":5,"Calling Bell":34,"Nunchaku":26,"Gambling Chip":36,"Orrery":38,"Turnip":9,"Fusion Hammer":17,"Red Mask":19,"TungstenRod":46,"Pocketwatch":34},{"StoneCalendar":4,"Juzu Bracelet":17,"War Paint":20,"MawBank":5,"Boot":13,"Question Card":17,"Burning Blood":0,"Mercury Hourglass":3,"Calling Bell":17,"Nunchaku":14,"Gambling Chip":19,"Orrery":19,"Turnip":5,"Fusion Hammer":8,"Red Mask":10,"TungstenRod":22,"Pocketwatch":17},{"StoneCalendar":14,"Juzu Bracelet":66,"War Paint":78,"MawBank":21,"Boot":51,"Question Card":66,"Burning Blood":0,"Mercury Hourglass":11,"Calling Bell":66,"Nunchaku":54,"Gambling Chip":75,"Orrery":75,"Turnip":21,"Fusion Hammer":35,"Red Mask":40,"TungstenRod":86,"Pocketwatch":66}],"TungstenRod":18,"Pocketwatch":[15]},"card_choices":[{"not_picked":["Secret Technique","Panache"],"picked":"Apotheosis","floor":0.0},{"not_picked":["Headbutt","Battle Trance"],"picked":"Wild Strike","floor":1.0},{"not_picked":["Anger","Infernal Blade"],"picked":"Cleave","floor":2.0},{"not_picked":["Dark Embrace","Twin Strike"],"picked":"Shrug It Off","floor":4.0},{"not_picked":["Spot Weakness","Flame Barrier"],"picked":"Burning Pact","floor":6.0},{"not_picked":["Clash","Flex"],"picked":"Reckless Charge","floor":8.0},{"not_picked":["Burning Pact","Pommel Strike"],"picked":"Battle Trance","floor":12.0},{"not_picked":["Thunderclap","Juggernaut","Reckless Charge"],"picked":"SKIP","floor":14.0},{"not_picked":["Double Tap","Exhume"],"picked":"Offering","floor":16.0},{"not_picked":["Body Slam","Infernal Blade","Sword Boomerang"],"picked":"SKIP","floor":18.0},{"not_picked":["Armaments","Immolate"],"picked":"Uppercut","floor":20.0},{"not_picked":["Pommel Strike","True Grit+1"],"picked":"Feel No Pain","floor":22.0},{"not_picked":["Brutality","Cleave","Headbutt"],"picked":"SKIP","floor":24.0},{"not_picked":["Wild Strike","Twin Strike","Seeing Red"],"picked":"SKIP","floor":25.0},{"not_picked":["Combust","Anger","Heavy Blade"],"picked":"SKIP","floor":29},{"not_picked":["Rupture","Intimidate+1"],"picked":"Havoc+1","floor":31},{"not_picked":["Limit Break","Exhume"],"picked":"Fiend Fire","floor":33},{"not_picked":["Thunderclap","Anger+1","Shrug It Off","Fire Breathing+1"],"picked":"SKIP","floor":35},{"not_picked":["Havoc","Hemokinesis+1","Offering"],"picked":"Power Through","floor":36},{"not_picked":["Dropkick+1","Feel No Pain+1","Shrug It Off"],"picked":"Dark Embrace+1","floor":38},{"not_picked":["Shrug It Off+1","Warcry","True Grit","Clothesline"],"picked":"SKIP","floor":41},{"not_picked":["Headbutt","Twin Strike+1","Clothesline"],"picked":"Evolve+1","floor":44},{"not_picked":["Combust+1","Body Slam+1","Pommel Strike","Havoc"],"picked":"SKIP","floor":47},{"not_picked":["Demon Form","Sword Boomerang","Carnage","Twin Strike"],"picked":"SKIP","floor":48}],"player_experience":303845,"relics_obtained":[{"floor":6.0,"key":"StoneCalendar"},{"floor":8.0,"key":"MawBank"},{"floor":9.0,"key":"Turnip"},{"floor":19.0,"key":"Red Mask"},{"floor":24.0,"key":"Boot"},{"floor":26.0,"key":"Nunchaku"},{"floor":34,"key":"Juzu Bracelet"},{"floor":34,"key":"Question Card"},{"floor":34,"key":"Pocketwatch"},{"floor":36,"key":"Gambling Chip"},{"floor":43,"key":"War Paint"},{"floor":46,"key":"TungstenRod"}],"event_choices":[{"damage_healed":0.0,"max_hp_gain":0.0,"max_hp_loss":0.0,"gold_gain":0.0,"event_name":"Big Fish","player_choice":"Box","floor":5.0,"gold_loss":0.0,"damage_taken":0.0,"relics_obtained":["Mercury Hourglass"],"cards_obtained":["Regret"]},{"damage_healed":0.0,"max_hp_gain":0.0,"max_hp_loss":0.0,"gold_gain":75.0,"event_name":"World of Goop","player_choice":"Gather Gold","floor":7.0,"gold_loss":0.0,"damage_taken":11.0},{"damage_healed":0.0,"max_hp_gain":0.0,"max_hp_loss":0.0,"gold_gain":0.0,"event_name":"Masked Bandits","player_choice":"Fought Bandits","floor":19.0,"gold_loss":0.0,"damage_taken":0.0},{"damage_healed":0.0,"max_hp_gain":0.0,"max_hp_loss":0.0,"gold_gain":0.0,"event_name":"Forgotten Altar","player_choice":"Smashed Altar","floor":21.0,"gold_loss":0.0,"damage_taken":0.0,"cards_obtained":["Decay"]},{"damage_healed":0,"gold_gain":0,"cards_transformed":["Strike_R","Strike_R"],"player_choice":"Became Test Subject","damage_taken":0,"max_hp_gain":0,"max_hp_loss":0,"event_name":"Drug Dealer","floor":28,"gold_loss":0,"cards_obtained":["Combust","Warcry"]},{"damage_healed":0,"gold_gain":0,"player_choice":"Fight","damage_taken":0,"max_hp_gain":0,"max_hp_loss":0,"event_name":"MindBloom","floor":36,"gold_loss":0},{"cards_removed":["Strike_R"],"damage_healed":0,"gold_gain":0,"player_choice":"Removed Attack","damage_taken":0,"max_hp_gain":0,"max_hp_loss":0,"event_name":"Falling","floor":37,"gold_loss":0},{"damage_healed":0,"gold_gain":0,"player_choice":"Embrace Madness","damage_taken":14,"max_hp_gain":0,"max_hp_loss":0,"event_name":"Winding Halls","floor":39,"gold_loss":0,"cards_obtained":["Madness","Madness"]},{"damage_healed":0,"gold_gain":0,"player_choice":"Fight","damage_taken":0,"max_hp_gain":0,"max_hp_loss":0,"event_name":"Mysterious Sphere","floor":46,"gold_loss":0}],"is_beta":false,"boss_relics":[{"not_picked":["Runic Pyramid","Philosopher\u0027s Stone"],"picked":"Fusion Hammer"},{"not_picked":["Astrolabe","Sozu"],"picked":"Calling Bell"}],"items_purged_floors":[11,30],"is_endless":false,"potions_floor_spawned":[1,12,14,18,20,25,33,36,46,47],"ascension_level":15}}