{"host":"qwp6882a7gaon7u5","time":1609777510,"event":{"mods":["ATMod(°¢èªMod)","BaseMod","BetterRewards","Minty Spire (QoL Compilation)","Red Circlet Mod","Replay The Spire","RumiaBox-Â¶Ã×æ«µÄÉñÃØºÐ×Ó","Spicy Shops","StSLib","¡¾¹¦ÄÜMod¡¿»ìãçÖ®»·ÐÞ¸´²¹¶¡","¡¾ÒÅÎï¿¨ÅÆ¡¿REMEMod"],"gold_per_floor":[118,194,194,204,222,256,256,282,309,342,342,356,376,407,407,512,512,528,602,613,538,557,619,619,650,650,650,661,691,57,92,92,222,222,313,349,349,387,387,387,441,484,484,596,129,170,170,312,312,467,467,467,2,84,109],"floor_reached":56,"playtime":2394,"items_purged":["Defend_R","Doubt","Amnesia"],"score":1784,"play_id":"e39f7276-4aa8-4c57-8c7b-1b9f058db42c","local_time":"20210105002510","is_ascension_mode":true,"campfire_choices":[{"data":"Searing Blow","floor":7.0,"key":"SMITH"},{"data":"Searing Blow+1","floor":15.0,"key":"SMITH"},{"data":"Searing Blow+2","floor":24.0,"key":"SMITH"},{"floor":32.0,"key":"REST"},{"floor":40.0,"key":"RECALL"},{"floor":49,"key":"REST"},{"data":"Searing Blow+3","floor":52,"key":"SMITH"}],"circlet_count":0,"master_deck":["Strike_R","Strike_R","Defend_R","Defend_R","Defend_R","Bash","Searing Blow+4","REME_Scribble","AT_FamilyPortrait","Poisoned Strike","Run Through","Flex","AT_DrawKnifeCut","Seeing Red","Rupture","ReplayTheSpireMod:Corrosion Curse","Offering","Replay:Undeath\u0027s Touch","Armaments","REME_Scribble+1","Seeing Red","Rupture","Mayhem","Life Link"],"relics":["Burning Blood","REME_ComplimentaryCards","AT_ATBox","White Beast Statue","Sling","Tiny Chest","AT_RedTearstoneRing","PreservedInsect","Bag of Marbles","Self Forming Clay","Bronze Scales","Black Star","Quantum Egg","Ice Cream","Gambling Chip","Blood Vial","Replay:Wax Seal","GremlinMask","Pocketwatch","Pen Nib","AT_MibuBalloonWealth","AT_SunfireAegis","Shuriken","Cursed Key","LastBattle","Paper Frog","Happy Flower","Replay:Kaleidoscope","Unceasing Top","HandDrill","AT_ChloranthyRing","Boot","Pear","Nunchaku"],"acts_visited":["Exordium","TheCity","TheBeyond","TheEnding"],"potions_floor_usage":[50,55,55],"damage_taken":[{"damage":5.0,"enemies":"2 Louse","floor":1.0,"turns":2.0},{"damage":7.0,"enemies":"Small Slimes","floor":4.0,"turns":3.0},{"damage":6.0,"enemies":"Cultist","floor":5.0,"turns":3.0},{"damage":20.0,"enemies":"Gremlin Nob","floor":6.0,"turns":3.0},{"damage":20.0,"enemies":"3 Sentries","floor":8.0,"turns":4.0},{"damage":0.0,"enemies":"Replay:BlueRogue","floor":10.0,"turns":1.0},{"damage":11.0,"enemies":"Large Slime","floor":12.0,"turns":5.0},{"damage":0.0,"enemies":"Looter","floor":13.0,"turns":2.0},{"damage":2.0,"enemies":"3 Sentries","floor":14.0,"turns":3.0},{"damage":39.0,"enemies":"The Guardian","floor":16.0,"turns":8.0},{"damage":19.0,"enemies":"Shell Parasite","floor":18.0,"turns":3.0},{"damage":28.0,"enemies":"Spheric Guardian","floor":20.0,"turns":4.0},{"damage":21.0,"enemies":"Centurion and Healer","floor":22.0,"turns":7.0},{"damage":24.0,"enemies":"Gremlin Leader","floor":23.0,"turns":4.0},{"damage":14.0,"enemies":"REME_1_Revenger","floor":25.0,"turns":2.0},{"damage":8.0,"enemies":"Sentry and Sphere","floor":28.0,"turns":2.0},{"damage":19.0,"enemies":"Gremlin Leader","floor":29.0,"turns":3.0},{"damage":9.0,"enemies":"Snecko","floor":31.0,"turns":2.0},{"damage":64.0,"enemies":"Champ","floor":33.0,"turns":8.0},{"damage":19.0,"enemies":"3 Shapes","floor":35.0,"turns":4.0},{"damage":15.0,"enemies":"Orb Walker","floor":36.0,"turns":3.0},{"damage":17.0,"enemies":"Writhing Mass","floor":38.0,"turns":3.0},{"damage":31.0,"enemies":"Nemesis","floor":41.0,"turns":5.0},{"damage":42,"enemies":"Spire Growth","floor":42,"turns":4},{"damage":38,"enemies":"4 Shapes","floor":44,"turns":4},{"damage":13,"enemies":"Writhing Mass","floor":46,"turns":2},{"damage":9,"enemies":"3 Darklings","floor":48,"turns":2},{"damage":80,"enemies":"Awakened One","floor":50,"turns":6},{"damage":8,"enemies":"Shield and Spear","floor":54,"turns":3},{"damage":97,"enemies":"The Heart","floor":55,"turns":6}],"seed_played":"-2480484106301555379","potions_obtained":[{"floor":1.0,"key":"Fruit Juice"},{"floor":4.0,"key":"SteroidPotion"},{"floor":5.0,"key":"Elixir"},{"floor":6.0,"key":"SpeedPotion"},{"floor":8.0,"key":"Adrenaline Potion"},{"floor":10.0,"key":"Strength Potion"},{"floor":12.0,"key":"SneckoOil"},{"floor":13.0,"key":"Death Potion"},{"floor":16.0,"key":"REME_GoldPotion"},{"floor":23.0,"key":"Venom Potion"},{"floor":25.0,"key":"Elixir"},{"floor":36.0,"key":"Energy Potion"},{"floor":42,"key":"BloodPotion"},{"floor":44,"key":"REME_GoldPotion"},{"floor":54,"key":"FearPotion"}],"is_trial":false,"path_per_floor":["M","?","?","M","M","E","R","E","T","E","?","M","M","E","R","B",null,"M","T","M","?","M","E","R","E","T","?","M","E","$","M","R","B",null,"M","M","T","M","?","R","E","M","T","M","$","M","T","M","R","B",null,"R","$","E","B",null],"character_chosen":"IRONCLAD","items_purchased":["Searing Blow","White Beast Statue","Sling","REME_Scribble","AT_MibuBalloonWealth","AT_SunfireAegis","Shuriken","Unceasing Top","HandDrill","Rupture","Boot","Mayhem"],"campfire_rested":2,"item_purchase_floors":[0,0,0,0,30,30,30,45,45,45,53,53],"current_hp_per_floor":[69,48,48,49,51,39,39,39,39,45,45,42,48,54,54,29,99,88,88,68,68,55,39,39,33,33,33,35,29,29,31,66,15,124,117,113,113,109,109,109,91,62,62,37,37,35,35,37,83,16,161,161,161,172,88],"gold":109,"neow_bonus":"","is_daily":false,"chose_seed":false,"campfire_upgraded":4,"win_rate":0.0,"timestamp":1609777510,"path_taken":["M","?","?","M","M","E","R","E","T","E","?","?","M","E","R","BOSS","M","?","M","?","M","E","R","E","T","?","?","E","$","M","R","BOSS","BOSS","M","M","?","?","?","R","E","M","T","M","$","?","?","M","R","BOSS","R","$","E","BOSS"],"items_purchased_type":["Card","Relic","Relic","Card","Relic","Relic","Relic","Relic","Relic","Card","Relic","Card"],"build_version":"2020-12-22","purchased_purges":3,"victory":true,"max_hp_per_floor":[85,85,85,87,89,91,91,93,93,93,93,95,95,97,97,99,99,101,101,103,103,105,107,107,109,109,109,111,116,116,119,119,124,124,130,133,133,138,135,135,140,145,145,150,150,153,153,156,156,161,161,161,161,174,179],"card_choices":[{"not_picked":["Entrench","Fire Breathing","Hemokinesis"],"picked":"SKIP","floor":1.0},{"not_picked":["Battle Trance","Shrug It Off"],"picked":"Run Through","floor":2.0},{"not_picked":["Thunderclap","ReplayTheSpireMod:LeadingStrike","Clothesline"],"picked":"SKIP","floor":4.0},{"not_picked":["Twin Strike","Anger"],"picked":"Flex","floor":5.0},{"not_picked":["Burning Pact","Combust"],"picked":"AT_DrawKnifeCut","floor":6.0},{"not_picked":["AT_GerminateFire","Heavy Blade","Run Through"],"picked":"SKIP","floor":8.0},{"not_picked":["Infernal Blade","Anger"],"picked":"Seeing Red","floor":10.0},{"not_picked":["ReplayTheSpireMod:Stacked","Anger","Cleave"],"picked":"SKIP","floor":12.0},{"not_picked":["Body Slam","Replay:Undeath\u0027s Touch"],"picked":"Rupture","floor":13.0},{"not_picked":["Eclipse","Pommel Strike"],"picked":"ReplayTheSpireMod:Corrosion Curse","floor":14.0},{"not_picked":["REME_TheLastStrike","Bludgeon"],"picked":"Offering","floor":16.0},{"not_picked":["Twin Strike","Wild Strike+1","AT_IchimonjiDouble"],"picked":"SKIP","floor":18.0},{"not_picked":["Sword Boomerang","AT_IchimonjiDouble"],"picked":"Replay:Undeath\u0027s Touch","floor":20.0},{"not_picked":["Headbutt+1","Flame Barrier","Clash"],"picked":"SKIP","floor":22.0},{"not_picked":["Wild Strike","AT_DrawKnifeCut+1","Warcry+1"],"picked":"SKIP","floor":23.0},{"not_picked":["AT_GerminateFire","Pommel Strike"],"picked":"Armaments","floor":25.0},{"not_picked":["Blood for Blood","Replay:Undeath\u0027s Touch+1"],"picked":"REME_Scribble+1","floor":28.0},{"not_picked":["Juggernaut","Pommel Strike+1","Reckless Charge+1"],"picked":"SKIP","floor":29.0},{"not_picked":["Armaments","Clothesline","Pommel Strike"],"picked":"SKIP","floor":31.0},{"not_picked":["AT_DrawKnifeCut","Twin Strike","Thunderclap+1"],"picked":"SKIP","floor":35.0},{"not_picked":["Clash","Heavy Blade"],"picked":"Seeing Red","floor":36.0},{"not_picked":["Dropkick+1","Rage","Metallicize"],"picked":"SKIP","floor":38.0},{"not_picked":["Battle Trance+1","Headbutt+1","Heavy Blade+1"],"picked":"SKIP","floor":41},{"not_picked":["ReplayTheSpireMod:Corrosion Curse","Pummel+1","Cleave"],"picked":"SKIP","floor":42},{"not_picked":["Sever Soul","AT_IchimonjiDouble+1","Sword Boomerang"],"picked":"SKIP","floor":44},{"not_picked":["Inflame","Metallicize+1","Anger+1"],"picked":"SKIP","floor":46},{"not_picked":["Twin Strike+1","Clash","REME_Cut+1"],"picked":"SKIP","floor":48},{"not_picked":["Dark Embrace+1","Flex"],"picked":"Life Link","floor":54}],"player_experience":166835,"relics_obtained":[{"floor":2.0,"key":"Tiny Chest"},{"floor":6.0,"key":"AT_RedTearstoneRing"},{"floor":8.0,"key":"PreservedInsect"},{"floor":9.0,"key":"Bag of Marbles"},{"floor":10.0,"key":"Self Forming Clay"},{"floor":14.0,"key":"Bronze Scales"},{"floor":23.0,"key":"Quantum Egg"},{"floor":23.0,"key":"Ice Cream"},{"floor":25.0,"key":"Gambling Chip"},{"floor":25.0,"key":"Blood Vial"},{"floor":26.0,"key":"Replay:Wax Seal"},{"floor":29.0,"key":"Pocketwatch"},{"floor":29.0,"key":"Pen Nib"},{"floor":37.0,"key":"LastBattle"},{"floor":41,"key":"Paper Frog"},{"floor":41,"key":"Happy Flower"},{"floor":43,"key":"Replay:Kaleidoscope"},{"floor":47,"key":"AT_ChloranthyRing"},{"floor":54,"key":"Pear"},{"floor":54,"key":"Nunchaku"}],"event_choices":[{"cards_removed":["Strike_R"],"damage_healed":0.0,"max_hp_gain":0.0,"max_hp_loss":0.0,"gold_gain":0.0,"event_name":"Purifier","player_choice":"Purged","floor":11.0,"gold_loss":0.0,"damage_taken":0.0},{"cards_removed":["Strike_R"],"damage_healed":0.0,"max_hp_gain":0.0,"max_hp_loss":0.0,"gold_gain":0.0,"event_name":"Beggar","player_choice":"Gave Gold","floor":21.0,"gold_loss":75.0,"damage_taken":0.0},{"damage_healed":0.0,"max_hp_gain":0.0,"max_hp_loss":0.0,"gold_gain":0.0,"event_name":"FaceTrader","player_choice":"Trade","floor":27.0,"gold_loss":0.0,"damage_taken":0.0,"relics_obtained":["GremlinMask"]},{"cards_removed":["Parasite","Delirium"],"damage_healed":0.0,"max_hp_gain":0.0,"max_hp_loss":0.0,"gold_gain":0.0,"event_name":"Fountain of Cleansing","player_choice":"Removed Curses","floor":39.0,"gold_loss":0.0,"damage_taken":0.0}],"is_beta":false,"boss_relics":[{"not_picked":["Honey Jar","Abe\u0027s Treasure"],"picked":"Black Star"},{"not_picked":["ReplayTheSpireMod:DimensionalGlitch","Busted Crown"],"picked":"Cursed Key"}],"items_purged_floors":[30,45,53],"is_endless":false,"potions_floor_spawned":[1,4,5,6,8,10,12,13,14,16,18,20,22,23,25,28,29,31,33,35,36,38,41,42,44,46,48,54],"ascension_level":1}}