{"host":"y7sd46uq4xlni546","time":1609798744,"event":{"mods":["AchievementEnabler","BaseMod","Colored Map","Colored Powertips","Curses Come First","Filter the Spire","Minty Spire (QoL Compilation)","Quick Restart","Random Character Button","Rare Cards Sparkle","StSLib"],"gold_per_floor":[112,191,191,207,207,234,246,272,363,405,429,441,466,495,507,618,630,652,764,793,805,827,839,851,851],"floor_reached":24,"playtime":1030,"items_purged":[],"score":208,"play_id":"7409c4fd-9ced-4e96-b3aa-2d44d77eb29d","local_time":"20210104231904","is_ascension_mode":false,"campfire_choices":[{"floor":7.0,"key":"REST"},{"floor":15.0,"key":"REST"},{"floor":23,"key":"REST"}],"circlet_count":0,"master_deck":["Strike_R","Strike_R","Strike_R","Strike_R","Defend_R","Defend_R","Bash","Shrug It Off+1","Clash+1","Armaments","Fire Breathing","Cleave","Demon Form","Feed","Body Slam","Body Slam","Warcry"],"relics":["Astrolabe","MawBank","Sundial","Mercury Hourglass","Black Star"],"acts_visited":["Exordium","TheCity"],"potions_floor_usage":[16,18,20,22],"damage_taken":[{"damage":4.0,"enemies":"Jaw Worm","floor":1.0,"turns":5.0},{"damage":0.0,"enemies":"2 Louse","floor":4.0,"turns":2.0},{"damage":23.0,"enemies":"Lagavulin","floor":6.0,"turns":7.0},{"damage":0.0,"enemies":"Cultist","floor":8.0,"turns":3.0},{"damage":11.0,"enemies":"Gremlin Nob","floor":10.0,"turns":4.0},{"damage":7.0,"enemies":"Blue Slaver","floor":11.0,"turns":3.0},{"damage":6.0,"enemies":"Gremlin Gang","floor":13.0,"turns":3.0},{"damage":13.0,"enemies":"Large Slime","floor":14.0,"turns":6.0},{"damage":3,"enemies":"The Guardian","floor":16,"turns":9},{"damage":42,"enemies":"Spheric Guardian","floor":18,"turns":7},{"damage":24,"enemies":"2 Thieves","floor":20,"turns":4},{"damage":31,"enemies":"Chosen and Byrds","floor":22,"turns":6},{"damage":53,"enemies":"Gremlin Leader","floor":24,"turns":8}],"seed_played":"-1325069789874922360","potions_obtained":[{"floor":8.0,"key":"DistilledChaos"},{"floor":10.0,"key":"FairyPotion"},{"floor":11.0,"key":"BlessingOfTheForge"},{"floor":13.0,"key":"AttackPotion"},{"floor":16,"key":"Block Potion"},{"floor":18,"key":"BlessingOfTheForge"}],"is_trial":false,"path_per_floor":["M","?","?","M","?","E","R","M","T","E","M","$","M","M","R","B",null,"M","?","M","$","M","R","E"],"character_chosen":"IRONCLAD","items_purchased":[],"campfire_rested":3,"item_purchase_floors":[],"current_hp_per_floor":[76,76,81,81,81,58,83,83,83,72,65,65,59,46,71,68,85,43,43,19,19,25,50,0,0],"gold":851,"neow_bonus":"BOSS_RELIC","is_daily":false,"chose_seed":false,"campfire_upgraded":0,"win_rate":0.0,"timestamp":1609798744,"path_taken":["M","?","?","M","?","E","R","M","T","E","M","$","?","M","R","BOSS","M","?","?","$","M","R","E"],"items_purchased_type":[],"build_version":"2020-12-22","purchased_purges":0,"victory":false,"max_hp_per_floor":[80,80,85,85,85,85,85,85,85,85,85,85,85,85,85,85,85,85,85,85,85,85,85,85,85],"card_choices":[{"not_picked":["Sword Boomerang","Clash","Havoc"],"picked":"SKIP","floor":1.0},{"not_picked":["True Grit","Anger"],"picked":"Armaments","floor":4.0},{"not_picked":["Flex","Feel No Pain"],"picked":"Cleave","floor":6.0},{"not_picked":["Heavy Blade","Clothesline","Rampage"],"picked":"SKIP","floor":8.0},{"not_picked":["Rampage","Sword Boomerang","Havoc"],"picked":"SKIP","floor":10.0},{"not_picked":["Thunderclap","Rampage"],"picked":"Demon Form","floor":11.0},{"not_picked":["Hemokinesis","Fire Breathing","Twin Strike"],"picked":"SKIP","floor":13.0},{"not_picked":["Clothesline","Wild Strike","Pommel Strike"],"picked":"SKIP","floor":14.0},{"not_picked":["Bludgeon","Berserk"],"picked":"Feed","floor":16},{"not_picked":["Flex+1","True Grit+1"],"picked":"Body Slam","floor":18},{"not_picked":["Armaments+1","Rupture"],"picked":"Body Slam","floor":20},{"not_picked":["Havoc","Clash"],"picked":"Warcry","floor":22}],"player_experience":606350,"relics_obtained":[{"floor":6.0,"key":"MawBank"},{"floor":9.0,"key":"Sundial"},{"floor":10.0,"key":"Mercury Hourglass"}],"event_choices":[{"damage_healed":0.0,"max_hp_gain":0.0,"max_hp_loss":0.0,"gold_gain":79.0,"event_name":"Golden Wing","player_choice":"Gained Gold","floor":2.0,"gold_loss":0.0,"damage_taken":0.0},{"damage_healed":0.0,"max_hp_gain":5.0,"max_hp_loss":0.0,"gold_gain":0.0,"event_name":"Big Fish","player_choice":"Donut","floor":3.0,"gold_loss":0.0,"damage_taken":0.0},{"damage_healed":0.0,"max_hp_gain":0.0,"max_hp_loss":0.0,"gold_gain":0.0,"cards_transformed":["Battle Trance"],"event_name":"Transmorgrifier","player_choice":"Transformed","floor":5.0,"gold_loss":0.0,"damage_taken":0.0,"cards_obtained":["Fire Breathing"]},{"damage_healed":0,"gold_gain":100,"player_choice":"Pray","damage_taken":0,"max_hp_gain":0,"max_hp_loss":0,"event_name":"Golden Shrine","floor":19,"gold_loss":0}],"is_beta":false,"boss_relics":[{"not_picked":["Velvet Choker","Calling Bell"],"picked":"Black Star"}],"items_purged_floors":[],"is_endless":false,"potions_floor_spawned":[8,10,11,13,16,18],"killed_by":"Gremlin Leader","ascension_level":0}}