{"host":"088jo5vb400xciyq","time":1609730124,"event":{"mods":["BaseMod","Infinite Spire","Minty Spire (QoL Compilation)","Rare Cards Sparkle","Shop Mod","StSLib"],"gold_per_floor":[110,123,123,137,62,62,76,93,93,93,105,105,119,44,44,145,145,158,168,258,258,258],"floor_reached":21,"playtime":830,"items_purged":["Defend_B"],"score":173,"play_id":"bf7c50ec-3f35-4239-b4fd-ce1a1dd3e969","local_time":"20210103201524","is_ascension_mode":false,"campfire_choices":[{"data":"Zap","floor":6,"key":"SMITH"},{"data":"Coolheaded","floor":10,"key":"SMITH"},{"data":"Capacitor","floor":15,"key":"SMITH"}],"circlet_count":0,"master_deck":["Strike_B","Strike_B","Strike_B","Defend_B","Defend_B","Defend_B","Zap+1","Dualcast","Rebound","BootSequence","Heatsinks","Fission","Coolheaded+1","Blizzard","Genetic Algorithm","Capacitor+1","Seek","Hologram","Hologram"],"relics":["Cracked Core","NeowsBlessing","Singing Bowl","Coffee Dripper"],"acts_visited":["Exordium","TheCity"],"potions_floor_usage":[16],"damage_taken":[{"damage":0,"enemies":"Jaw Worm","floor":1,"turns":1},{"damage":0,"enemies":"Cultist","floor":2,"turns":1},{"damage":0,"enemies":"2 Louse","floor":4,"turns":1},{"damage":3,"enemies":"Lots of Slimes","floor":7,"turns":4},{"damage":0,"enemies":"Red Slaver","floor":8,"turns":3},{"damage":0,"enemies":"Looter","floor":11,"turns":3},{"damage":5,"enemies":"Blue Slaver","floor":13,"turns":3},{"damage":76,"enemies":"The Guardian","floor":16,"turns":17},{"damage":28,"enemies":"Chosen","floor":18,"turns":6},{"damage":8,"enemies":"Shell Parasite","floor":19,"turns":6},{"damage":31,"enemies":"Cultist and Chosen","floor":21,"turns":5}],"seed_played":"-5657733935561134368","potions_obtained":[{"floor":4,"key":"BlessingOfTheForge"},{"floor":8,"key":"Regen Potion"},{"floor":13,"key":"EssenceOfSteel"},{"floor":18,"key":"ColorlessPotion"}],"is_trial":false,"path_per_floor":["M","M","?","M","$","R","M","M","T","R","M","?","M","$","R","B",null,"M","M","?","M"],"character_chosen":"DEFECT","items_purchased":["Capacitor"],"campfire_rested":0,"item_purchase_floors":[14],"current_hp_per_floor":[75,75,75,75,75,75,72,72,72,72,72,72,67,67,67,6,75,47,39,27,0,0],"gold":258,"neow_bonus":"THREE_ENEMY_KILL","is_daily":false,"chose_seed":false,"campfire_upgraded":3,"win_rate":0.0,"timestamp":1609730124,"path_taken":["M","M","?","?","$","R","M","M","T","R","M","?","M","?","R","BOSS","M","M","?","?"],"items_purchased_type":["Card"],"build_version":"2020-12-22","purchased_purges":1,"victory":false,"max_hp_per_floor":[75,75,75,75,75,75,75,75,75,75,75,75,75,75,75,75,75,75,75,75,75,75],"card_choices":[{"not_picked":["Streamline","Sweeping Beam"],"picked":"Rebound","floor":1},{"not_picked":["Melter","Sweeping Beam"],"picked":"BootSequence","floor":2},{"not_picked":["Rebound","Sweeping Beam"],"picked":"Heatsinks","floor":4},{"not_picked":["Barrage","Rebound"],"picked":"Fission","floor":7},{"not_picked":["Rebound","Barrage"],"picked":"Coolheaded","floor":8},{"not_picked":["Rebound","Streamline"],"picked":"Blizzard","floor":11},{"not_picked":["Leap","Gash"],"picked":"Genetic Algorithm","floor":13},{"not_picked":["Multi-Cast","All For One"],"picked":"Seek","floor":16},{"not_picked":["Turbo","Barrage+1"],"picked":"Hologram","floor":18},{"not_picked":["Tempest","Recycle"],"picked":"Hologram","floor":19}],"player_experience":371365,"relics_obtained":[{"floor":9,"key":"Singing Bowl"}],"event_choices":[{"cards_removed":["Strike_B"],"damage_healed":0,"gold_gain":0,"player_choice":"Offered Basic","damage_taken":0,"max_hp_gain":0,"max_hp_loss":0,"event_name":"Bonfire Elementals","floor":3,"gold_loss":0},{"damage_healed":0,"gold_gain":90,"player_choice":"GOLD ","damage_taken":12,"max_hp_gain":0,"max_hp_loss":0,"event_name":"Knowing Skull","floor":20,"potions_obtained":[],"gold_loss":0,"cards_obtained":[]}],"is_beta":false,"boss_relics":[{"not_picked":["Black Star","Calling Bell"],"picked":"Coffee Dripper"}],"items_purged_floors":[5],"is_endless":false,"potions_floor_spawned":[4,8,13,18],"killed_by":"Cultist and Chosen","ascension_level":0}}