{"host":"eemx8njkng76fu5x","time":1609786263,"event":{"mods":["2.2 Compatiblity","BaseMod","Downfall","Minty Spire (QoL Compilation)","Permanent Neow","StSLib","Unceasing Turn Reminder","Unknown Chances"],"gold_per_floor":[99,112,122,142,142,168,168,93,3,13,13,28,28,41,59,133,133,58,75,60,78,90,121,144,162,194,244,264,189,206,220,236,236,236,236],"floor_reached":33,"playtime":1619,"items_purged":["Regret"],"score":581,"play_id":"145a8e01-5124-4e09-8e4a-b9180f169f6e","local_time":"20210105025103","is_ascension_mode":true,"campfire_choices":[{"data":"Slimebound:CorrosiveSpit","floor":1.0,"key":"SMITH"},{"data":"Slimebound:MassFeed","floor":8.0,"key":"SMITH"},{"data":"Slimebound:Grow","floor":11.0,"key":"SMITH"},{"floor":13.0,"key":"RECALL"},{"data":"Slimebound:MassFeed","floor":18.0,"key":"SMITH"},{"floor":29,"key":"REST"}],"circlet_count":0,"master_deck":["AscendersBane","Slimebound:Strike_Slimebound","Slimebound:Strike_Slimebound","Slimebound:Strike_Slimebound","Slimebound:Tackle+1","Slimebound:Defend_Slimebound","Slimebound:Defend_Slimebound","Slimebound:Defend_Slimebound","Slimebound:Defend_Slimebound","Slimebound:Split+1","Slimebound:CorrosiveSpit+1","Slimebound:SlimeSpikes+1","Slimebound:RollThrough+1","Slimebound:ComboTackle","Slimebound:MassFeed+1","Slimebound:Grow+1","Slimebound:SlimeSpikes","Slimebound:FinishingTackle","Slimebound:Chomp","Slimebound:BestDefense","Slimebound:MassFeed+1","Slimebound:LivingWall","Slimebound:MegaLick","Slimebound:FlameTackle","Slimebound:Grow","Slimebound:SlimeSpikes","Slimebound:FormOfPuddle+1","Slimebound:RejuvenatingLick"],"relics":["Slimebound:AbsorbEndCombat","Dream Catcher","downfall:HeartBlessingBlue","Slimebound:TarBlob","downfall:HeartBlessingRed","Pen Nib","Slimebound:AggressiveSlimeRelic","Ancient Tea Set","downfall:HeartBlessingGreen"],"acts_visited":["Exordium","TheCity"],"potions_floor_usage":[26,33],"damage_taken":[{"damage":8.0,"enemies":"2 Louse","floor":2.0,"turns":3.0},{"damage":8.0,"enemies":"Jaw Worm","floor":3.0,"turns":4.0},{"damage":8.0,"enemies":"Cultist","floor":4.0,"turns":3.0},{"damage":21.0,"enemies":"3 Sentries","floor":6.0,"turns":6.0},{"damage":13.0,"enemies":"downfall:FleeingMerchant","floor":9.0,"turns":4.0},{"damage":7.0,"enemies":"Gremlin Gang","floor":10.0,"turns":3.0},{"damage":20.0,"enemies":"Red Slaver","floor":12.0,"turns":4.0},{"damage":14.0,"enemies":"Blue Slaver","floor":14.0,"turns":3.0},{"damage":11.0,"enemies":"Large Slime","floor":15.0,"turns":3.0},{"damage":38.0,"enemies":"downfall:Watcher","floor":16.0,"turns":11.0},{"damage":28.0,"enemies":"Shell Parasite","floor":19.0,"turns":4.0},{"damage":23.0,"enemies":"downfall:FleeingMerchant","floor":20.0,"turns":4.0},{"damage":36.0,"enemies":"Cultist and Chosen","floor":21.0,"turns":6.0},{"damage":17.0,"enemies":"Chosen and Byrds","floor":22.0,"turns":6.0},{"damage":30.0,"enemies":"Book of Stabbing","floor":23.0,"turns":6.0},{"damage":22.0,"enemies":"Centurion and Healer","floor":25.0,"turns":8.0},{"damage":59,"enemies":"Slavers","floor":26,"turns":4},{"damage":21,"enemies":"Snake Plant","floor":28,"turns":3},{"damage":35,"enemies":"Sentry and Sphere","floor":30,"turns":6},{"damage":43,"enemies":"Centurion and Healer","floor":31,"turns":7},{"damage":6,"enemies":"Snecko","floor":32,"turns":4},{"damage":73,"enemies":"downfall:Defect","floor":33,"turns":9}],"seed_played":"4233981609865090913","potions_obtained":[{"floor":4.0,"key":"Weak Potion"},{"floor":6.0,"key":"sneckomod:MuddlingPotion"},{"floor":12.0,"key":"Strength Potion"},{"floor":16.0,"key":"ColorlessPotion"},{"floor":22.0,"key":"Block Potion"},{"floor":25.0,"key":"PowerPotion"},{"floor":26,"key":"Explosive Potion"},{"floor":28,"key":"Weak Potion"},{"floor":32,"key":"Slimebound:SlimedPotion"}],"is_trial":false,"path_per_floor":["R","M","M","M","?","E","T","R","$","M","R","M","R","M","M","B",null,"R","M","$","M","M","E","T","M","E","?","M","R","M","M","M","B"],"character_chosen":"SLIMEBOUND","items_purchased":[],"campfire_rested":1,"item_purchase_floors":[],"current_hp_per_floor":[49,53,54,54,54,41,41,51,52,55,55,51,51,53,62,48,78,78,72,67,55,58,46,46,62,36,36,23,54,47,38,44,0,0,0],"gold":236,"neow_bonus":"UPGRADE_CARD","is_daily":false,"chose_seed":false,"campfire_upgraded":4,"win_rate":0.0,"timestamp":1609786263,"path_taken":["R","M","M","M","?","E","T","R","?","?","R","M","R","?","M","BOSS","R","M","$","M","M","E","T","M","E","?","?","R","M","M","M","BOSS"],"items_purchased_type":[],"build_version":"2020-12-22","purchased_purges":1,"victory":false,"max_hp_per_floor":[54,54,54,54,54,54,54,64,64,72,72,76,76,80,88,88,88,88,92,92,96,96,96,96,104,104,104,104,104,108,112,116,116,116,116],"card_choices":[{"not_picked":["Slimebound:SlimeBrawl","Slimebound:ComboTackle"],"picked":"Slimebound:SlimeSpikes","floor":2.0},{"not_picked":["Slimebound:SplitLeeching","Slimebound:SplitAcid"],"picked":"Slimebound:RollThrough","floor":3.0},{"not_picked":["Slimebound:ServeAndProtect","Slimebound:ViciousTackle"],"picked":"Slimebound:ComboTackle","floor":4.0},{"not_picked":["Slimebound:BestDefense","Slimebound:LeechEnergy"],"picked":"Slimebound:MassFeed","floor":6.0},{"not_picked":["Slimebound:SplitMire","Slimebound:Equalize"],"picked":"Slimebound:Grow","floor":9.0},{"not_picked":["Slimebound:SplitAcid","Slimebound:SplitLeeching"],"picked":"Slimebound:SlimeSpikes","floor":10.0},{"not_picked":["Slimebound:SplitSpecialist","Slimebound:ViciousTackle"],"picked":"Slimebound:FinishingTackle","floor":12.0},{"not_picked":["Slimebound:HauntingLick","Slimebound:RainOfGoop"],"picked":"Slimebound:Chomp","floor":14.0},{"not_picked":["Slimebound:PressTheAttack","Slimebound:SplitBruiser"],"picked":"Slimebound:BestDefense","floor":15.0},{"not_picked":["Slimebound:WasteNot","Slimebound:Teamwork"],"picked":"Slimebound:MassFeed","floor":16.0},{"not_picked":["Slimebound:Equalize","Slimebound:SamplingLick","Slimebound:SplitBruiser"],"picked":"SKIP","floor":19.0},{"not_picked":["Slimebound:SplitMire+1","Slimebound:SlimeTap","Slimebound:ForwardTackle"],"picked":"SKIP","floor":20.0},{"not_picked":["Slimebound:SplitLeeching","Slimebound:GoopSpray"],"picked":"Slimebound:LivingWall","floor":21.0},{"not_picked":["Slimebound:RollThrough","Slimebound:SamplingLick"],"picked":"Slimebound:MegaLick","floor":22.0},{"not_picked":["Slimebound:HauntingLick","Slimebound:DivideAndConquer","Slimebound:LeechingTouch"],"picked":"SKIP","floor":23.0},{"not_picked":["Slimebound:SplitBruiser","Slimebound:ViciousTackle"],"picked":"Slimebound:FlameTackle","floor":25.0},{"not_picked":["Slimebound:Schlurp","Slimebound:LeechEnergy","Slimebound:FinishingTackle"],"picked":"SKIP","floor":26},{"not_picked":["Slimebound:Schlurp","Slimebound:FormOfPuddle","Slimebound:ViciousTackle+1"],"picked":"SKIP","floor":28},{"not_picked":["Slimebound:LeechEnergy","Slimebound:GrowthPunch"],"picked":"Slimebound:Grow","floor":29},{"not_picked":["Slimebound:FinishingTackle","Slimebound:DivideAndConquer"],"picked":"Slimebound:SlimeSpikes","floor":30},{"not_picked":["Slimebound:MinionMaster","Slimebound:ComboTackle"],"picked":"Slimebound:FormOfPuddle+1","floor":31},{"not_picked":["Slimebound:FirmFortitude","Slimebound:SplitLeeching"],"picked":"Slimebound:RejuvenatingLick","floor":32}],"player_experience":454972,"relics_obtained":[{"floor":6.0,"key":"Dream Catcher"},{"floor":23.0,"key":"Pen Nib"},{"floor":24.0,"key":"Slimebound:AggressiveSlimeRelic"},{"floor":26,"key":"Ancient Tea Set"}],"event_choices":[],"is_beta":false,"boss_relics":[{"not_picked":["Sozu","Runic Pyramid"],"picked":"Slimebound:TarBlob"}],"items_purged_floors":[9],"is_endless":false,"potions_floor_spawned":[4,6,12,16,22,25,26,28,32],"killed_by":"downfall:Defect","ascension_level":16}}