{"host":"61r95uy0hn86b9iu","time":1609738086,"event":{"mods":["AchievementEnabler","BaseMod","Better Vampires","BetterRewards","Colored Powertips","Hubris","Minty Spire (QoL Compilation)","Shop Mod","StSLib"],"gold_per_floor":[118,193,158,12,37,37,63,23,47,60,80,118,118,137,137,243,243,270,270,270,285,294,294,321,321,321,321,321,354,372,372,372,483,483,509,128,143,143,143],"floor_reached":38,"playtime":1234,"items_purged":["Heavy Blade+1","Strike_R","Strike_R"],"score":910,"play_id":"2b857d13-506d-483c-b4a9-d0dbffb1b265","local_time":"20210103232806","is_ascension_mode":true,"campfire_choices":[{"floor":6.0,"key":"REST"},{"data":"Exhume","floor":13.0,"key":"SMITH"},{"floor":15.0,"key":"REST"},{"floor":23.0,"key":"REST"},{"data":"Whirlwind","floor":25.0,"key":"SMITH"},{"floor":27.0,"key":"REST"},{"floor":32.0,"key":"REST"}],"circlet_count":0,"master_deck":["AscendersBane","Heavy Blade+1","Strike_R+1","Strike_R","Strike_R","Defend_R","Defend_R","Bash","Pommel Strike+1","Iron Wave","Flex","Intimidate","Exhume+1","Bloodletting","Barricade","Whirlwind+1","Spot Weakness","Demon Form","Armaments+1"],"relics":["Burning Blood","ClockworkSouvenir","hubris:64BitClover","Bronze Scales","CeramicFish","MerchantsRug","Champion Belt","Red Skull","Shuriken","Mark of Pain","Blue Candle","hubris:ToyBattleship","hubris:Towel","Dream Catcher","hubris:Potato","Paper Frog","hubris:EmptyBottle"],"acts_visited":["Exordium","TheCity","TheBeyond"],"potions_floor_usage":[38,38],"damage_taken":[{"damage":9.0,"enemies":"Jaw Worm","floor":1.0,"turns":2.0},{"damage":1.0,"enemies":"2 Louse","floor":5.0,"turns":3.0},{"damage":0.0,"enemies":"Small Slimes","floor":7.0,"turns":2.0},{"damage":8.0,"enemies":"3 Louse","floor":10.0,"turns":2.0},{"damage":0.0,"enemies":"Exordium Thugs","floor":11.0,"turns":3.0},{"damage":26.0,"enemies":"3 Sentries","floor":12.0,"turns":6.0},{"damage":6.0,"enemies":"2 Fungi Beasts","floor":14.0,"turns":2.0},{"damage":41.0,"enemies":"The Guardian","floor":16.0,"turns":8.0},{"damage":38.0,"enemies":"Spheric Guardian","floor":18.0,"turns":5.0},{"damage":10.0,"enemies":"Chosen","floor":21.0,"turns":3.0},{"damage":22.0,"enemies":"Book of Stabbing","floor":24.0,"turns":3.0},{"damage":34.0,"enemies":"Slavers","floor":29.0,"turns":4.0},{"damage":11.0,"enemies":"Centurion and Healer","floor":30.0,"turns":4.0},{"damage":52.0,"enemies":"Champ","floor":33.0,"turns":7.0},{"damage":0,"enemies":"3 Shapes","floor":35,"turns":1},{"damage":23,"enemies":"Orb Walker","floor":37,"turns":4},{"damage":55,"enemies":"3 Darklings","floor":38,"turns":3}],"seed_played":"-8475658511135755560","potions_obtained":[{"floor":8.0,"key":"Energy Potion"},{"floor":8.0,"key":"LiquidMemories"},{"floor":8.0,"key":"DistilledChaos"},{"floor":10.0,"key":"PowerPotion"},{"floor":11.0,"key":"DuplicationPotion"},{"floor":14.0,"key":"DuplicationPotion"},{"floor":16.0,"key":"EssenceOfSteel"},{"floor":18.0,"key":"DuplicationPotion"},{"floor":29.0,"key":"Energy Potion"},{"floor":33.0,"key":"Explosive Potion"},{"floor":37,"key":"CultistPotion"}],"is_trial":false,"path_per_floor":["M","?","?","$","M","R","M","?","T","M","M","E","R","M","R","B",null,"M","?","?","M","?","R","E","R","T","R","?","E","M","?","R","B",null,"M","$","M","M"],"character_chosen":"IRONCLAD","items_purchased":["ClockworkSouvenir","hubris:64BitClover","Bronze Scales","CeramicFish","MerchantsRug","Champion Belt","EssenceOfSteel","Potion Belt","Paper Frog","hubris:EmptyBottle"],"campfire_rested":5,"item_purchase_floors":[0,0,0,0,0,0,0,4,36,36],"current_hp_per_floor":[21,10,30,30,35,59,65,65,65,63,69,49,49,49,73,38,70,38,38,38,34,34,58,42,42,42,66,66,38,33,33,57,11,63,69,69,52,0,0],"gold":143,"neow_bonus":"","is_daily":false,"chose_seed":false,"campfire_upgraded":2,"win_rate":0.0,"timestamp":1609738086,"path_taken":["M","?","?","?","M","R","M","?","T","M","M","E","R","?","R","BOSS","M","?","?","?","?","R","E","R","T","R","?","E","M","?","R","BOSS","M","$","M","?"],"items_purchased_type":["Relic","Relic","Relic","Relic","Relic","Relic","Potion","Relic","Relic","Relic"],"build_version":"2020-12-22","purchased_purges":3,"victory":false,"max_hp_per_floor":[80,80,80,80,80,80,80,80,80,80,80,80,80,80,80,80,80,80,80,80,80,80,80,80,80,80,80,80,80,80,80,80,80,80,80,80,80,80,80],"card_choices":[{"not_picked":["Clothesline","Headbutt"],"picked":"Pommel Strike","floor":1.0},{"not_picked":["Bloodletting","Blood for Blood"],"picked":"Iron Wave","floor":5.0},{"not_picked":["True Grit","Battle Trance"],"picked":"Flex","floor":7.0},{"not_picked":["Warcry","hubris:ReadiedAction","Sentinel"],"picked":"SKIP","floor":10.0},{"not_picked":["Iron Wave","Entrench"],"picked":"Intimidate","floor":11.0},{"not_picked":["Dark Embrace","Rampage"],"picked":"Exhume","floor":12.0},{"not_picked":["Battle Trance","Sever Soul"],"picked":"Bloodletting","floor":14.0},{"not_picked":["Offering","Limit Break"],"picked":"Barricade","floor":16.0},{"not_picked":["Second Wind","Blood for Blood"],"picked":"Whirlwind","floor":18.0},{"not_picked":["Clash","Pommel Strike","Feel No Pain"],"picked":"SKIP","floor":21.0},{"not_picked":["Sentinel+1","Perfected Strike","Evolve"],"picked":"SKIP","floor":24.0},{"not_picked":["Havoc","Dropkick","Pummel"],"picked":"SKIP","floor":29.0},{"not_picked":["Cleave+1","hubris:ReadiedAction","Havoc"],"picked":"SKIP","floor":30.0},{"not_picked":["Immolate","Juggernaut"],"picked":"Demon Form","floor":33.0},{"not_picked":["Cleave","Havoc+1"],"picked":"Armaments+1","floor":35},{"not_picked":["Spot Weakness+1","Uppercut","Clash"],"picked":"SKIP","floor":37}],"player_experience":3222522,"relics_obtained":[{"floor":9.0,"key":"Red Skull"},{"floor":12.0,"key":"Whetstone"},{"floor":16.0,"key":"Shuriken"},{"floor":24.0,"key":"hubris:ToyBattleship"},{"floor":29.0,"key":"Dream Catcher"}],"event_choices":[{"damage_healed":0.0,"max_hp_gain":0.0,"max_hp_loss":0.0,"gold_gain":75.0,"event_name":"World of Goop","player_choice":"Gather Gold","floor":2.0,"gold_loss":0.0,"damage_taken":11.0},{"damage_healed":20.0,"max_hp_gain":0.0,"max_hp_loss":0.0,"gold_gain":0.0,"event_name":"The Cleric","player_choice":"Healed","floor":3.0,"gold_loss":35.0,"damage_taken":0.0},{"damage_healed":0.0,"max_hp_gain":0.0,"max_hp_loss":0.0,"gold_gain":0.0,"event_name":"The Woman in Blue","player_choice":"Bought 3 Potions","floor":8.0,"gold_loss":0.0,"damage_taken":0.0},{"cards_removed":["Rupture"],"damage_healed":0.0,"max_hp_gain":0.0,"max_hp_loss":0.0,"gold_gain":0.0,"event_name":"WeMeetAgain","player_choice":"Gave Card","floor":20.0,"gold_loss":0.0,"damage_taken":0.0,"relics_obtained":["Blue Candle"]},{"damage_healed":0.0,"max_hp_gain":0.0,"max_hp_loss":0.0,"gold_gain":0.0,"event_name":"The Library","player_choice":"Read","floor":22.0,"gold_loss":0.0,"damage_taken":0.0,"cards_obtained":["Spot Weakness"]},{"damage_healed":0.0,"max_hp_gain":0.0,"max_hp_loss":0.0,"gold_gain":0.0,"event_name":"N\u0027loth","player_choice":"Ignored","floor":31.0,"gold_loss":0.0,"damage_taken":0.0}],"is_beta":false,"boss_relics":[{"not_picked":["Sozu","Ectoplasm"],"picked":"Mark of Pain"},{"not_picked":["Astrolabe","Empty Cage"],"picked":"hubris:Backtick"}],"items_purged_floors":[0,0,36],"is_endless":false,"potions_floor_spawned":[10,11,14,16,18,29,33,37],"killed_by":"3 Darklings","ascension_level":11}}