{"host":"xwog71r75u8mqwn1","time":1609739011,"event":{"mods":["BaseMod","Minty Spire (QoL Compilation)","StSLib"],"gold_per_floor":[116,66,66,83,83,83,108,128,128,143,143,169,186,198,198,298,298,309,63,83,83,83],"floor_reached":21,"playtime":884,"items_purged":[],"score":277,"play_id":"7c678a49-548e-4b55-aa7c-c0915548acc8","local_time":"20210103234331","is_ascension_mode":true,"campfire_choices":[{"floor":6,"key":"RECALL"},{"data":"Iron Wave","floor":11,"key":"SMITH"},{"data":"Searing Blow","floor":15,"key":"SMITH"}],"circlet_count":0,"master_deck":["Strike_R","Strike_R","Strike_R","Strike_R","Defend_R","Defend_R","Defend_R","Defend_R","Bash+1","Twin Strike+1","Clash+1","Warcry","Armaments","Iron Wave+1","Metallicize","Searing Blow+1","Exhume","CurseOfTheBell"],"relics":["Burning Blood","Mummified Hand","The Courier","Calling Bell","Happy Flower","Gremlin Horn","Charon\u0027s Ashes","Thread and Needle"],"acts_visited":["Exordium","TheCity"],"potions_floor_usage":[16,16,18],"damage_taken":[{"damage":4,"enemies":"2 Louse","floor":1,"turns":3},{"damage":5,"enemies":"Small Slimes","floor":4,"turns":3},{"damage":27,"enemies":"Gremlin Nob","floor":7,"turns":4},{"damage":6,"enemies":"Cultist","floor":8,"turns":3},{"damage":11,"enemies":"Gremlin Gang","floor":10,"turns":4},{"damage":16,"enemies":"Lagavulin","floor":12,"turns":6},{"damage":0,"enemies":"Exordium Wildlife","floor":13,"turns":3},{"damage":0,"enemies":"Looter","floor":14,"turns":3},{"damage":54,"enemies":"Hexaghost","floor":16,"turns":9},{"damage":33,"enemies":"3 Byrds","floor":18,"turns":4},{"damage":18,"enemies":"Spheric Guardian","floor":20,"turns":4},{"damage":28,"enemies":"Shelled Parasite and Fungi","floor":21,"turns":2}],"seed_played":"5057900329277411633","potions_obtained":[{"floor":7,"key":"ElixirPotion"},{"floor":13,"key":"Regen Potion"},{"floor":14,"key":"LiquidBronze"},{"floor":16,"key":"Explosive Potion"},{"floor":20,"key":"ElixirPotion"}],"is_trial":false,"path_per_floor":["M","?","?","M","?","R","E","M","T","M","R","E","M","M","R","B",null,"M","$","M","M"],"character_chosen":"IRONCLAD","items_purchased":["Thread and Needle"],"campfire_rested":0,"item_purchase_floors":[19],"current_hp_per_floor":[74,74,74,75,75,75,54,54,54,49,49,39,45,51,51,18,65,38,38,26,0,0],"gold":83,"neow_bonus":"UPGRADE_CARD","is_daily":false,"chose_seed":false,"campfire_upgraded":2,"win_rate":0.0,"timestamp":1609739011,"path_taken":["M","?","?","M","?","R","E","M","T","M","R","E","M","?","R","BOSS","M","$","M","?"],"items_purchased_type":["Relic"],"build_version":"2020-12-22","purchased_purges":0,"victory":false,"max_hp_per_floor":[80,80,80,80,80,80,80,80,80,80,80,80,80,80,80,80,80,80,80,80,80,80],"card_choices":[{"not_picked":["Thunderclap","Dropkick"],"picked":"Twin Strike","floor":1},{"not_picked":["Entrench","Infernal Blade"],"picked":"Clash","floor":4},{"not_picked":["Heavy Blade","Rupture"],"picked":"Warcry","floor":7},{"not_picked":["True Grit","Warcry"],"picked":"Armaments","floor":8},{"not_picked":["Infernal Blade","Flame Barrier"],"picked":"Iron Wave","floor":10},{"not_picked":["Heavy Blade","Anger"],"picked":"Metallicize","floor":12},{"not_picked":["Warcry","Combust","Armaments"],"picked":"SKIP","floor":13},{"not_picked":["Seeing Red","Heavy Blade"],"picked":"Searing Blow","floor":14},{"not_picked":["Barricade","Bludgeon"],"picked":"Exhume","floor":16},{"not_picked":["Cleave","Evolve","Headbutt+1"],"picked":"SKIP","floor":18},{"not_picked":["Searing Blow","Disarm+1","Perfected Strike+1"],"picked":"SKIP","floor":20}],"player_experience":2402812,"relics_obtained":[{"floor":7,"key":"Mummified Hand"},{"floor":12,"key":"The Courier"},{"floor":17,"key":"Happy Flower"},{"floor":17,"key":"Gremlin Horn"},{"floor":17,"key":"Charon\u0027s Ashes"}],"event_choices":[{"cards_removed":["Strike_R"],"damage_healed":0,"gold_gain":0,"player_choice":"Card Removal","damage_taken":0,"max_hp_gain":0,"max_hp_loss":0,"event_name":"The Cleric","floor":2,"gold_loss":50},{"damage_healed":0,"gold_gain":0,"player_choice":"Grow","damage_taken":0,"max_hp_gain":0,"max_hp_loss":0,"event_name":"Living Wall","floor":3,"gold_loss":0,"cards_upgraded":["Twin Strike"]},{"damage_healed":0,"gold_gain":0,"player_choice":"Forge","damage_taken":0,"max_hp_gain":0,"max_hp_loss":0,"event_name":"Accursed Blacksmith","floor":5,"gold_loss":0,"cards_upgraded":["Clash"]}],"is_beta":false,"boss_relics":[{"not_picked":["Runic Dome","Tiny House"],"picked":"Calling Bell"}],"items_purged_floors":[],"is_endless":false,"potions_floor_spawned":[7,13,14,16,20],"killed_by":"Shelled Parasite and Fungi","ascension_level":9}}