{"host":"qn3py9t0m14v0dc6","time":1609726782,"event":{"mods":["AchievementEnabler","BaseMod","Colored Map","Evolution","Minty Spire (QoL Compilation)","Spicy Shops","StSLib"],"gold_per_floor":[117,117,192,202,46,76,76,99,171,190,223,223,223,235,235,235,235],"floor_reached":16,"playtime":876,"items_purged":[],"score":110,"play_id":"a1f0eb41-6f32-4403-b8ba-18195886f0fd","local_time":"20210103201942","is_ascension_mode":false,"campfire_choices":[{"floor":13,"key":"REST"},{"data":"Finesse","floor":15,"key":"SMITH"}],"circlet_count":0,"master_deck":["Rebound","Strike_B","Strike_B","Strike_B","Defend_B","Defend_B","Defend_B","Zap","Dualcast","Finesse+1","Cold Snap","Heatsinks","Core Surge","Heatsinks","Go for the Eyes","Capacitor","Chill"],"relics":["Cracked Core","EVO:Axolotl","MealTicket","Calipers","Centennial Puzzle","Singing Bowl","Pen Nib"],"acts_visited":["Exordium"],"potions_floor_usage":[12],"damage_taken":[{"damage":4,"enemies":"Cultist","floor":1,"turns":3},{"damage":0,"enemies":"Small Slimes","floor":4,"turns":2},{"damage":26,"enemies":"Gremlin Nob","floor":6,"turns":4},{"damage":1,"enemies":"2 Louse","floor":10,"turns":2},{"damage":16,"enemies":"Lagavulin","floor":11,"turns":5},{"damage":0,"enemies":"Red Slaver","floor":12,"turns":1},{"damage":9,"enemies":"Lots of Slimes","floor":14,"turns":3},{"damage":17,"enemies":"Hexaghost","floor":16,"turns":10}],"seed_played":"-6436303258306989070","potions_obtained":[{"floor":1,"key":"Weak Potion"},{"floor":4,"key":"SmokeBomb"}],"is_trial":false,"path_per_floor":["M","?","?","M","$","E","?","T","T","M","E","M","R","M","R","B"],"character_chosen":"DEFECT","items_purchased":["Heatsinks","Core Surge"],"campfire_rested":1,"item_purchase_floors":[5,5],"current_hp_per_floor":[71,64,53,53,53,27,20,20,20,19,3,3,25,16,16,0,0],"gold":235,"neow_bonus":"RANDOM_COLORLESS","is_daily":false,"chose_seed":false,"campfire_upgraded":1,"win_rate":0.0,"timestamp":1609726782,"path_taken":["M","?","?","M","$","E","?","?","T","?","E","M","R","M","R","BOSS"],"items_purchased_type":["Card","Card"],"build_version":"2020-12-22","purchased_purges":0,"victory":false,"max_hp_per_floor":[75,75,75,75,75,75,75,75,75,75,75,75,75,75,75,75,75],"card_choices":[{"not_picked":["Trip","PanicButton"],"picked":"Finesse","floor":0},{"not_picked":["BootSequence","Rebound"],"picked":"Cold Snap","floor":1},{"not_picked":["Reprogram","Darkness","Steam"],"picked":"SKIP","floor":4},{"not_picked":["Scrape","Fusion"],"picked":"Heatsinks","floor":6},{"not_picked":["Recycle","Redo"],"picked":"Go for the Eyes","floor":10},{"not_picked":["Hologram","Aggregate"],"picked":"Capacitor","floor":11},{"not_picked":["Leap","Self Repair"],"picked":"Chill","floor":14}],"player_experience":241771,"relics_obtained":[{"floor":6,"key":"MealTicket"},{"floor":8,"key":"Centennial Puzzle"},{"floor":9,"key":"Singing Bowl"},{"floor":11,"key":"Pen Nib"}],"event_choices":[{"cards_removed":["Defend_B"],"damage_healed":0,"gold_gain":0,"player_choice":"Card Removal","damage_taken":7,"max_hp_gain":0,"max_hp_loss":0,"event_name":"Golden Wing","floor":2,"gold_loss":0},{"damage_healed":0,"gold_gain":75,"player_choice":"Gather Gold","damage_taken":11,"max_hp_gain":0,"max_hp_loss":0,"event_name":"World of Goop","floor":3,"gold_loss":0},{"damage_healed":0,"gold_gain":0,"player_choice":"Success","damage_taken":7,"relics_obtained":["Calipers"],"max_hp_gain":0,"max_hp_loss":0,"event_name":"Scrap Ooze","floor":7,"gold_loss":0}],"is_beta":false,"boss_relics":[],"items_purged_floors":[],"is_endless":false,"potions_floor_spawned":[1,4,12],"killed_by":"Hexaghost","ascension_level":0}}