{"host":"pdgvu626dlon98qh","time":1609738544,"event":{"mods":["AchievementEnabler","Aspiration","BaseMod","Better Third Choice","BetterRewards","Card Forge","Colored Map","Colored Powertips","Energized Spire","Gold Saver","Infinite Spire","Minty Spire (QoL Compilation)","Shop Mod","StSLib","Twitch Decklist","Waifu the Spire","slay the spire mod where everything is the same but ironclad has a cowboy hat"],"gold_per_floor":[1132,1132,167,167,178,208,219,245,245,260,260,316,316,350,350,424,424,444,444,370,381,381,413,445,445,445,445,463,413,438,466,466,540,540,552,569,581,511,523,554,676,706,706,706,729,741,780,817,829,924,1013,1025,1041,1053,1065,1077,1027,1068,1080,1101,1113,1125,1152,1190,1220,1232,1253,1350,1371,1400,1426,1438,1450,1489,1540,1574,1638,1676,1716,1749,1770,1795,490,490,554,554,559,575,555,154,154,167,167,191,216,44,44,44,44,63,63,126,195,195,195,104,128,186],"floor_reached":109,"playtime":4169,"items_purged":[],"score":9128,"play_id":"9cae116e-8ef7-4249-a1be-717fbac62945","local_time":"20210104003544","is_ascension_mode":true,"campfire_choices":[{"floor":11,"key":"REST"},{"floor":11,"key":"RECALL"},{"floor":13,"key":"REST"},{"floor":15,"key":"REST"},{"floor":25,"key":"REST"},{"floor":27,"key":"REST"},{"floor":32,"key":"REST"},{"floor":46,"key":"REST"},{"floor":49,"key":"REST"},{"floor":59,"key":"REST"},{"floor":67,"key":"REST"},{"floor":101,"key":"DIG"},{"floor":105,"key":"DIG"}],"circlet_count":0,"master_deck":["AscendersBane","Survivor+1","Neutralize+1","Malaise+1","Footwork+1","Sadistic Nature+1","Noxious Fumes+1","Noxious Fumes+1","Crippling Poison+1","Poisoned Stab+1","Footwork+1","Bouncing Flask+1","Deadly Poison+1","Deadly Poison+1","Catalyst+1","Panache+1","Bane+1","Blur+1","Envenom+1","infinitespire:Collect+1","Adrenaline+1","CurseOfTheBell","infinitespire:UltimateForm+1","Blur+1","infinitespire:Fortify+1"],"relics":["Ring of the Snake","Hammer of Thor","Seething Fire","Anvil of the Gods","MerchantsRug","Lantern","FossilizedHelix","Boot","Mercury Hourglass","Oddly Smooth Stone","Snake Skull","PreservedInsect","Bag of Preparation","TwistedFunnel","infinitespire:ShieldingShard","infinitespire:Magic Flask","infinitespire:PuzzleCube","infinitespire:Midas Blood","Juzu Bracelet","aspiration:SneckoTail","aspiration:Lifesprig","Nunchaku","energizedSpire:HugeHouse","Vajra","Kunai","The Courier","Philosopher\u0027s Stone","Tiny Chest","Akabeko","Bottled Tornado","infinitespire:Bottled Soul","Ice Cream","infinitespire:Golems Mask","Fusion Hammer","Frozen Eye","Anchor","Ninja Scroll","CeramicFish","Golden Idol","Question Card","Dream Catcher","Pantograph","CaptainsWheel","Ancient Tea Set","infinitespire:Beetle Shell","Orichalcum","aspiration:ArtOfWarUpgrade","Blood Vial","TheAbacus","Paper Crane","Singing Bowl","Darkstone Periapt","aspiration:IroncladSkillbook","Membership Card","The Specimen","infinitespire:WardingShard","Bag of Marbles","Letter Opener","Shovel","Happy Flower","infinitespire:BottledMercury","Mummified Hand","Regal Pillow","infinitespire:Lucky Rock","aspiration:VileToxins","aspiration:FetidBarrel","aspiration:Nostalgia","Cracked Core","Centennial Puzzle","energizedSpire:StickyHand","Torii","Bronze Scales","Ornamental Fan","Thread and Needle","aspiration:FrozenJewel"],"acts_visited":["Exordium","TheCity","TheBeyond","Exordium","TheCity","TheBeyond","TheEnding"],"potions_floor_usage":[16,16,24,51,68,102,102,107,108],"damage_taken":[{"damage":0,"enemies":"Jaw Worm","floor":1,"turns":2},{"damage":0,"enemies":"Small Slimes","floor":5,"turns":2},{"damage":0,"enemies":"Gremlin Nob","floor":6,"turns":2},{"damage":0,"enemies":"Cultist","floor":7,"turns":1},{"damage":0,"enemies":"3 Sentries","floor":8,"turns":3},{"damage":0,"enemies":"Gremlin Gang","floor":10,"turns":3},{"damage":0,"enemies":"Gremlin Nob","floor":12,"turns":3},{"damage":0,"enemies":"Gremlin Nob","floor":14,"turns":2},{"damage":0,"enemies":"Slime Boss","floor":16,"turns":5},{"damage":0,"enemies":"3 Byrds","floor":18,"turns":2},{"damage":0,"enemies":"2 Thieves","floor":21,"turns":3},{"damage":0,"enemies":"Book of Stabbing","floor":23,"turns":4},{"damage":6,"enemies":"Nightmare","floor":24,"turns":4},{"damage":0,"enemies":"Centurion and Healer","floor":28,"turns":3},{"damage":0,"enemies":"Book of Stabbing","floor":30,"turns":2},{"damage":0,"enemies":"Slavers","floor":31,"turns":1},{"damage":0,"enemies":"Automaton","floor":33,"turns":3},{"damage":0,"enemies":"3 Darklings","floor":35,"turns":2},{"damage":0,"enemies":"Orb Walker","floor":36,"turns":1},{"damage":0,"enemies":"Jaw Worm Horde","floor":37,"turns":2},{"damage":0,"enemies":"3 Darklings","floor":39,"turns":3},{"damage":0,"enemies":"Nightmare","floor":40,"turns":2},{"damage":0,"enemies":"infinitespire:Three Voidlings","floor":41,"turns":2},{"damage":28,"enemies":"Nightmare_Alpha","floor":41,"turns":4},{"damage":0,"enemies":"Nemesis","floor":42,"turns":3},{"damage":0,"enemies":"Maw","floor":45,"turns":3},{"damage":0,"enemies":"Reptomancer","floor":47,"turns":3},{"damage":0,"enemies":"Mind Bloom Boss Battle","floor":48,"turns":2},{"damage":13,"enemies":"Time Eater","floor":50,"turns":5},{"damage":0,"enemies":"infinitespire:MassOfShapes","floor":51,"turns":6},{"damage":0,"enemies":"Jaw Worm","floor":53,"turns":1},{"damage":0,"enemies":"Lagavulin","floor":58,"turns":1},{"damage":0,"enemies":"infinitespire:Voidling","floor":63,"turns":1},{"damage":0,"enemies":"Gremlin Nob","floor":64,"turns":1},{"damage":0,"enemies":"Small Slimes","floor":65,"turns":1},{"damage":0,"enemies":"Slime Boss","floor":68,"turns":3},{"damage":0,"enemies":"3 Byrds","floor":70,"turns":2},{"damage":0,"enemies":"Shell Parasite","floor":71,"turns":2},{"damage":0,"enemies":"Gremlin Leader","floor":75,"turns":2},{"damage":0,"enemies":"Chosen and Byrds","floor":76,"turns":1},{"damage":0,"enemies":"Book of Stabbing","floor":79,"turns":3},{"damage":0,"enemies":"Centurion and Healer","floor":80,"turns":2},{"damage":0,"enemies":"Cultist and Chosen","floor":82,"turns":3},{"damage":0,"enemies":"Collector","floor":85,"turns":4},{"damage":0,"enemies":"Orb Walker","floor":87,"turns":2},{"damage":0,"enemies":"3 Darklings","floor":88,"turns":1},{"damage":0,"enemies":"Giant Head","floor":92,"turns":4},{"damage":0,"enemies":"Reptomancer","floor":94,"turns":2},{"damage":0,"enemies":"Nightmare","floor":100,"turns":3},{"damage":0,"enemies":"Donu and Deca","floor":102,"turns":5},{"damage":0,"enemies":"infinitespire:MassOfShapes","floor":103,"turns":5},{"damage":0,"enemies":"Shield and Spear","floor":107,"turns":3},{"damage":0,"enemies":"The Heart","floor":108,"turns":8}],"seed_played":"6554024818404512637","potions_obtained":[{"floor":6,"key":"Weak Potion"},{"floor":7,"key":"SteroidPotion"},{"floor":8,"key":"Fire Potion"},{"floor":19,"key":"ColorlessPotion"},{"floor":19,"key":"CunningPotion"},{"floor":21,"key":"SkillPotion"},{"floor":28,"key":"Regen Potion"},{"floor":30,"key":"CunningPotion"},{"floor":37,"key":"Swift Potion"},{"floor":40,"key":"Dexterity Potion"},{"floor":42,"key":"PowerPotion"},{"floor":58,"key":"Block Potion"},{"floor":68,"key":"LiquidBronze"},{"floor":80,"key":"FearPotion"},{"floor":89,"key":"SneckoOil"},{"floor":93,"key":"SkillPotion"},{"floor":103,"key":"AttackPotion"},{"floor":107,"key":"Weak Potion"}],"is_trial":false,"path_per_floor":["M","?","$","?","M","E","M","E","T","M","R","?","R","E","R","B",null,"M","?","$","M","T","E","NM","R","T","R","M","AVR","E","E","R","B",null,"M","M","M","$","M","NM","?","E","T","AVR","M","R","E","?","R","B","B",null,"M","?","AVR","T","?","E","R","?","T","?","M","E","M","T","R","B",null,"M","M","?","T","?","E","M","T","T","E","M","?","M","$","R","B",null,"M","M","?","$","T","E","?","E","T","$","$","R","AVR","NM","R","B","B",null,"R","$","E","B",null],"character_chosen":"THE_SILENT","items_purchased":["MerchantsRug","Accuracy","Malaise","Footwork","Sadistic Nature","Lantern","FossilizedHelix","Noxious Fumes","WingedGreaves","Cloak And Dagger","Boot","Noxious Fumes","Crippling Poison","Mercury Hourglass","Oddly Smooth Stone","Crippling Poison","Poisoned Stab","Footwork","Snake Skull","Bouncing Flask","Deadly Poison","PreservedInsect","Footwork","Bag of Preparation","Slice","Deadly Poison","TwistedFunnel","infinitespire:ShieldingShard","Panache","infinitespire:Magic Flask","Caltrops","Tiny Chest","Caltrops+1","Sucker Punch+1","Matryoshka","TheAbacus","Paper Crane","Singing Bowl","Darkstone Periapt","Omamori","Strawberry","Membership Card","The Specimen","infinitespire:WardingShard","Bag of Marbles","Letter Opener","Shovel","Happy Flower","aspiration:FetidBarrel","aspiration:Nostalgia","Torii","Bronze Scales","Ornamental Fan","Thread and Needle"],"campfire_rested":10,"item_purchase_floors":[0,0,0,0,0,0,0,0,0,0,0,0,0,0,0,0,0,0,0,0,0,0,0,0,0,0,3,3,3,3,20,38,83,83,83,83,83,83,83,83,83,90,90,90,90,90,90,90,96,96,106,106,106,106],"current_hp_per_floor":[18,18,18,18,18,18,18,18,18,18,37,37,56,56,66,66,66,66,66,66,66,66,66,60,66,66,66,66,61,61,61,61,61,61,61,61,61,61,61,61,33,33,33,33,33,51,51,51,61,48,48,58,58,58,58,58,58,58,61,61,61,61,61,75,75,75,75,75,75,75,75,75,75,75,75,75,75,75,75,75,75,75,82,82,84,84,86,86,86,86,86,88,88,90,90,90,90,90,90,92,92,94,96,96,96,96,98,100],"gold":186,"neow_bonus":"","is_daily":false,"chose_seed":false,"campfire_upgraded":0,"win_rate":0.0,"timestamp":1609738544,"path_taken":["M","?","$","?","M","E","?","E","T","?","R","?","R","E","R","BOSS","M","?","?","M","?","E","NM","R","T","R","M","AVR","E","E","R","BOSS","M","M","M","$","M","NM","?","E","T","AVR","M","R","E","?","R","BOSS","BOSS","M","?","AVR","?","?","E","R","?","T","?","M","E","M","?","R","BOSS","M","M","?","?","?","E","M","?","T","E","M","?","M","$","R","BOSS","M","M","?","?","?","E","?","E","T","?","$","R","AVR","NM","R","BOSS","BOSS","R","$","E","BOSS"],"items_purchased_type":["Relic","Card","Card","Card","Card","Relic","Relic","Card","Relic","Card","Relic","Card","Card","Relic","Relic","Card","Card","Card","Relic","Card","Card","Relic","Card","Relic","Card","Card","Relic","Relic","Card","Relic","Card","Relic","Card","Card","Relic","Relic","Relic","Relic","Relic","Relic","Relic","Relic","Relic","Relic","Relic","Relic","Relic","Relic","Relic","Relic","Relic","Relic","Relic","Relic"],"build_version":"2020-12-22","purchased_purges":0,"victory":true,"max_hp_per_floor":[66,66,66,66,66,66,66,66,66,66,66,66,66,66,66,66,66,66,66,66,66,66,66,66,66,66,66,66,61,61,61,61,61,61,61,61,61,61,61,61,61,61,61,61,61,61,61,61,61,61,61,61,61,61,61,61,61,61,61,61,61,61,61,75,75,75,75,75,75,75,75,75,75,75,75,75,75,75,75,75,75,75,82,82,84,84,86,86,86,86,86,88,88,90,90,90,90,90,90,92,92,94,96,96,96,96,98,100],"card_choices":[{"not_picked":["Dodge and Roll","Outmaneuver"],"picked":"Catalyst","floor":1},{"not_picked":["Expertise","PiercingWail","Dodge and Roll"],"picked":"SKIP","floor":5},{"not_picked":["Slice","Dagger Spray"],"picked":"Deflect","floor":6},{"not_picked":["Concentrate","Accuracy","Leg Sweep"],"picked":"SKIP","floor":7},{"not_picked":["Eviscerate","Dodge and Roll"],"picked":"Bane","floor":8},{"not_picked":["Bane","Blade Dance"],"picked":"Blur","floor":10},{"not_picked":["Slice","Dagger Throw","Reflex"],"picked":"SKIP","floor":14},{"not_picked":["Outmaneuver","Blade Dance","Bane+1"],"picked":"SKIP","floor":18},{"not_picked":["Prepared+1","Cloak And Dagger+1","Bouncing Flask+1"],"picked":"SKIP","floor":21},{"not_picked":["Catalyst","Prepared","Flying Knee+1"],"picked":"SKIP","floor":23},{"not_picked":["Dodge and Roll","Backflip","All Out Attack+1"],"picked":"SKIP","floor":24},{"not_picked":["Deflect","Backflip","Bane+1"],"picked":"SKIP","floor":28},{"not_picked":["Finisher+1","Dodge and Roll","Deadly Poison"],"picked":"SKIP","floor":30},{"not_picked":["Dagger Throw+1","Crippling Poison","Eviscerate+1"],"picked":"SKIP","floor":31},{"not_picked":["Venomology","Grand Finale+1"],"picked":"Envenom","floor":33},{"not_picked":["Blade Dance+1","Well Laid Plans+1","Footwork+1"],"picked":"SKIP","floor":35},{"not_picked":["Choke+1","Bane+1"],"picked":"Dagger Throw+1","floor":36},{"not_picked":["Cloak And Dagger","PiercingWail","Deadly Poison"],"picked":"SKIP","floor":37},{"not_picked":["Footwork","aspiration:Lunge+1","Prepared"],"picked":"SKIP","floor":39},{"not_picked":["Endless Agony+1","All Out Attack+1","Escape Plan"],"picked":"SKIP","floor":40},{"not_picked":["Accuracy","Prepared","Flechettes+1"],"picked":"SKIP","floor":42},{"not_picked":["Quick Slash+1","Dodge and Roll+1","Footwork"],"picked":"SKIP","floor":45},{"not_picked":["Quick Slash+1","Dodge and Roll+1","Footwork"],"picked":"SKIP","floor":45},{"not_picked":["Backflip","Slice+1","Backstab+1"],"picked":"SKIP","floor":47},{"not_picked":["infinitespire:TheBestDefense","infinitespire:DeathsTouch"],"picked":"infinitespire:Collect","floor":51},{"not_picked":["Blade Dance","Underhanded Strike+1","Predator+1"],"picked":"SKIP","floor":53},{"not_picked":["Outmaneuver","Accuracy"],"picked":"Quick Slash+1","floor":58},{"not_picked":["Dagger Throw+1","Crippling Poison","Outmaneuver","Bane+1"],"picked":"SKIP","floor":63},{"not_picked":["Dagger Throw+1","Outmaneuver","Bane+1"],"picked":"Crippling Poison","floor":63},{"not_picked":["Flechettes+1","Expertise","Burst","Crippling Poison"],"picked":"SKIP","floor":64},{"not_picked":["Deflect","Dodge and Roll","Setup"],"picked":"Cloak And Dagger","floor":65},{"not_picked":["Backstab+1","Endless Agony+1","Sucker Punch+1"],"picked":"Slice+1","floor":67},{"not_picked":["Doppelganger","Wraith Form v2","Die Die Die+1"],"picked":"Adrenaline","floor":68},{"not_picked":["Blade Dance","Quick Slash+1","Poisoned Stab+1"],"picked":"Deflect","floor":70},{"not_picked":["Bane+1","Blade Dance","Endless Agony+1"],"picked":"Slice+1","floor":71},{"not_picked":["infinitespire:Fortify","infinitespire:Gouge"],"picked":"infinitespire:UltimateForm","floor":74},{"not_picked":["Acrobatics","Dagger Spray+1","Malaise"],"picked":"Slice+1","floor":75},{"not_picked":["Dagger Throw+1","Deadly Poison","Dagger Spray+1"],"picked":"Blur","floor":76},{"not_picked":["Acrobatics","Sucker Punch+1","Terror"],"picked":"Deflect+1","floor":79},{"not_picked":["Distraction","Dagger Spray+1","Quick Slash+1"],"picked":"Well Laid Plans+1","floor":80},{"not_picked":["Quick Slash+1","Choke+1","Finisher+1"],"picked":"PiercingWail+1","floor":82},{"not_picked":["Doppelganger","Bullet Time","Burst","Grand Finale+1"],"picked":"Singing Bowl","floor":85},{"not_picked":["Masterful Stab+1","Predator+1","Anger+1","Reflex","Iron Wave+1"],"picked":"Singing Bowl","floor":87},{"not_picked":["Dagger Spray+1","Spot Weakness","Flame Barrier+1","Backflip"],"picked":"True Grit","floor":88},{"not_picked":["Distraction","Eviscerate","Uppercut+1","Havoc","Searing Blow"],"picked":"Singing Bowl","floor":92},{"not_picked":["Perfected Strike","Infinite Blades+1","Intimidate+1","Rampage","Concentrate"],"picked":"Singing Bowl","floor":94},{"not_picked":["infinitespire:FinalStrike","infinitespire:DeathsTouch"],"picked":"infinitespire:Fortify","floor":100},{"not_picked":["Venomology","Pommel Strike","Expertise","Infinite Blades+1","Dagger Spray"],"picked":"Singing Bowl","floor":100},{"not_picked":["Phantasmal Killer","Feed","Impervious","Limit Break","Fiend Fire"],"picked":"Singing Bowl","floor":102},{"not_picked":["Reaper","Bludgeon","Grand Finale","Corpse Explosion","Phantasmal Killer"],"picked":"Singing Bowl","floor":103},{"not_picked":["Sucker Punch+1","Cloak And Dagger+1","Prepared","Escape Plan","True Grit"],"picked":"Singing Bowl","floor":107},{"not_picked":["Corpse Explosion","Phantasmal Killer","Barricade","Storm of Steel","aspiration:Lunge"],"picked":"Singing Bowl","floor":108}],"player_experience":815796,"relics_obtained":[{"floor":6,"key":"infinitespire:PuzzleCube"},{"floor":8,"key":"infinitespire:Eraser"},{"floor":12,"key":"infinitespire:Midas Blood"},{"floor":14,"key":"Juzu Bracelet"},{"floor":22,"key":"Molten Egg 2"},{"floor":23,"key":"aspiration:SneckoTail"},{"floor":24,"key":"aspiration:Lifesprig"},{"floor":26,"key":"Nunchaku"},{"floor":30,"key":"Kunai"},{"floor":31,"key":"The Courier"},{"floor":40,"key":"Akabeko"},{"floor":42,"key":"Bottled Tornado"},{"floor":43,"key":"infinitespire:Bottled Soul"},{"floor":47,"key":"Ice Cream"},{"floor":48,"key":"infinitespire:Golems Mask"},{"floor":56,"key":"Anchor"},{"floor":58,"key":"CeramicFish"},{"floor":61,"key":"Question Card"},{"floor":64,"key":"Mango"},{"floor":66,"key":"Dream Catcher"},{"floor":69,"key":"Smiling Mask"},{"floor":69,"key":"Pantograph"},{"floor":69,"key":"CaptainsWheel"},{"floor":72,"key":"Ancient Tea Set"},{"floor":73,"key":"infinitespire:Beetle Shell"},{"floor":75,"key":"Frozen Egg 2"},{"floor":77,"key":"Potion Belt"},{"floor":78,"key":"Orichalcum"},{"floor":79,"key":"Art of War"},{"floor":91,"key":"infinitespire:BottledMercury"},{"floor":92,"key":"Mummified Hand"},{"floor":94,"key":"Regal Pillow"},{"floor":95,"key":"infinitespire:Lucky Rock"},{"floor":95,"key":"aspiration:VileToxins"},{"floor":100,"key":"War Paint"},{"floor":101,"key":"Centennial Puzzle"},{"floor":105,"key":"Bottled Flame"},{"floor":107,"key":"aspiration:FrozenJewel"}],"event_choices":[{"damage_healed":0,"gold_gain":0,"player_choice":"1 cards matched","damage_taken":0,"max_hp_gain":0,"max_hp_loss":0,"event_name":"Match and Keep!","floor":4,"gold_loss":0,"cards_obtained":["Corpse Explosion"]},{"damage_healed":0,"gold_gain":0,"player_choice":"Searched \u00271\u0027 times","damage_taken":0,"max_hp_gain":0,"max_hp_loss":0,"event_name":"Dead Adventurer","floor":12,"gold_loss":0},{"damage_healed":0,"gold_gain":0,"player_choice":"Got Potions","damage_taken":0,"max_hp_gain":0,"max_hp_loss":0,"event_name":"Lab","floor":19,"gold_loss":0},{"damage_healed":0,"gold_gain":0,"player_choice":"Fight","damage_taken":0,"max_hp_gain":0,"max_hp_loss":0,"event_name":"MindBloom","floor":48,"gold_loss":0},{"damage_healed":0,"gold_gain":0,"player_choice":"Leave","damage_taken":0,"max_hp_gain":0,"max_hp_loss":0,"event_name":"The Cleric","floor":54,"gold_loss":0},{"damage_healed":0,"gold_gain":0,"player_choice":"Paid Gold","damage_taken":0,"relics_obtained":["Ninja Scroll"],"max_hp_gain":0,"max_hp_loss":0,"event_name":"WeMeetAgain","floor":57,"gold_loss":62},{"damage_healed":0,"gold_gain":0,"player_choice":"Take Wound","damage_taken":0,"relics_obtained":["Golden Idol"],"max_hp_gain":0,"max_hp_loss":0,"event_name":"Golden Idol","floor":60,"gold_loss":0,"cards_obtained":["Injury"]},{"damage_healed":0,"gold_gain":0,"player_choice":"Ignored","damage_taken":0,"max_hp_gain":0,"max_hp_loss":0,"event_name":"Upgrade Shrine","floor":62,"gold_loss":0},{"damage_healed":0,"gold_gain":0,"player_choice":"Relic","damage_taken":0,"max_hp_gain":0,"max_hp_loss":0,"event_name":"Wheel of Change","floor":72,"gold_loss":0},{"damage_healed":0,"gold_gain":0,"player_choice":"Stole Relic","damage_taken":0,"relics_obtained":["Blood Vial"],"max_hp_gain":0,"max_hp_loss":0,"event_name":"Addict","floor":81,"gold_loss":0,"cards_obtained":["Shame"]},{"damage_healed":0,"gold_gain":0,"player_choice":"Bought 1 Potion","damage_taken":0,"max_hp_gain":0,"max_hp_loss":0,"event_name":"The Woman in Blue","floor":89,"gold_loss":0},{"damage_healed":0,"gold_gain":0,"player_choice":"Got Potions","damage_taken":0,"max_hp_gain":0,"max_hp_loss":0,"event_name":"Lab","floor":93,"gold_loss":0}],"is_beta":false,"boss_relics":[{"not_picked":["Astrolabe","Velvet Choker","energizedSpire:EnergizedDie"]},{"not_picked":["aspiration:RunicSpoon","aspiration:IroncladSkillbook"],"picked":"Philosopher\u0027s Stone"},{"not_picked":["Snecko Eye","Runic Dome"],"picked":"Fusion Hammer"},{"not_picked":["energizedSpire:MagnifyingGlass","aspiration:WatcherSkillbook"],"picked":"Calling Bell"},{"not_picked":["Runic Dome","Busted Crown"],"picked":"aspiration:IroncladSkillbook"},{"not_picked":["energizedSpire:OgreHead","aspiration:BursterCore"],"picked":"energizedSpire:StickyHand"}],"items_purged_floors":[],"is_endless":true,"potions_floor_spawned":[6,7,8,12,21,28,30,33,36,37,40,41,42,48,58,63,65,68,75,76,80,94,103,107],"ascension_level":20}}