{"host":"ikjt6v4q6zrcj3if","time":1609798882,"event":{"mods":["BaseMod","CapriCore","Colored Map","Downfall","Luminous","Minty Spire (QoL Compilation)","Permanent Neow","Quick Restart","Replay The Spire","Robot Space Explorer","Spicy Shops","StSLib","SuperFastMode","The Exalted","The Marked","TheSwordswoman","WarShipGirlsR/??è≠èóR mod"],"gold_per_floor":[110,127,127,77,91,91,91,106,158,83,83,110,143,158,158,158,158],"floor_reached":16,"playtime":868,"items_purged":["RobotSpaceExplorer:Strike"],"score":100,"play_id":"171cb8ad-2eb7-466a-b4ee-60743083e34c","local_time":"20210105072122","is_ascension_mode":false,"campfire_choices":[{"data":"RobotSpaceExplorer:Explosion","floor":6,"key":"SMITH"},{"data":"RobotSpaceExplorer:GearShield","floor":11,"key":"SMITH"},{"data":"RobotSpaceExplorer:StarDust","floor":15,"key":"SMITH"}],"circlet_count":0,"master_deck":["RobotSpaceExplorer:Strike","RobotSpaceExplorer:Strike+1","RobotSpaceExplorer:Defend","RobotSpaceExplorer:Defend","RobotSpaceExplorer:Scan+1","RobotSpaceExplorer:MiniLasers+1","RobotSpaceExplorer:GearShield+1","RobotSpaceExplorer:Explosion+1","RobotSpaceExplorer:Probe","RobotSpaceExplorer:StarDust+1"],"relics":["RobotSpaceExplorer:RoboCore","Nunchaku","Odd Mushroom","MealTicket"],"acts_visited":["Exordium"],"potions_floor_usage":[16],"damage_taken":[{"damage":0,"enemies":"Small Slimes","floor":1,"turns":3},{"damage":1,"enemies":"Cultist","floor":2,"turns":4},{"damage":0,"enemies":"2 Louse","floor":5,"turns":2},{"damage":0,"enemies":"Blue Slaver","floor":8,"turns":2},{"damage":15,"enemies":"The Mushroom Lair","floor":12,"turns":4},{"damage":3,"enemies":"Lagavulin","floor":13,"turns":5},{"damage":0,"enemies":"Large Slime","floor":14,"turns":4},{"damage":25,"enemies":"Fading Forest","floor":16,"turns":11}],"seed_played":"5750816263525052900","potions_obtained":[{"floor":5,"key":"Explosive Potion"},{"floor":8,"key":"Elixir"}],"is_trial":false,"path_per_floor":["M","M","?","?","M","R","?","M","T","$","R","?","E","M","R","B"],"character_chosen":"RobotSpaceExplorer","items_purchased":[],"campfire_rested":0,"item_purchase_floors":[],"current_hp_per_floor":[54,53,38,38,38,38,38,38,38,38,38,23,20,20,20,5,5],"gold":158,"neow_bonus":"REMOVE_TWO","is_daily":false,"chose_seed":false,"campfire_upgraded":3,"win_rate":0.0,"timestamp":1609798882,"path_taken":["M","M","?","?","M","R","?","?","T","$","R","?","E","M","R","BOSS"],"items_purchased_type":[],"build_version":"2020-12-22","purchased_purges":1,"victory":false,"max_hp_per_floor":[75,75,75,75,75,75,75,75,75,75,75,75,75,75,75,75,75],"card_choices":[{"not_picked":["RobotSpaceExplorer:Counterblock","RobotSpaceExplorer:ImprovisedAttack"],"picked":"RobotSpaceExplorer:GearShield","floor":1},{"not_picked":["RobotSpaceExplorer:SlimeMissile","RobotSpaceExplorer:StunGrenade"],"picked":"RobotSpaceExplorer:Explosion","floor":2},{"not_picked":["RobotSpaceExplorer:StunGrenade","RobotSpaceExplorer:ImprovisedAttack","RobotSpaceExplorer:SurgingStrike"],"picked":"SKIP","floor":5},{"not_picked":["RobotSpaceExplorer:LaserBurst","RobotSpaceExplorer:ShockKick","RobotSpaceExplorer:PowerCollector"],"picked":"SKIP","floor":8},{"not_picked":["RobotSpaceExplorer:Ammunition","RobotSpaceExplorer:FranticSearch"],"picked":"RobotSpaceExplorer:Probe","floor":13},{"not_picked":["RobotSpaceExplorer:MetalStrike","RobotSpaceExplorer:FreezeRay"],"picked":"RobotSpaceExplorer:StarDust","floor":14}],"player_experience":333717,"relics_obtained":[{"floor":9,"key":"Nunchaku"},{"floor":12,"key":"Odd Mushroom"},{"floor":13,"key":"MealTicket"}],"event_choices":[{"damage_healed":0,"gold_gain":0,"player_choice":"Entered Light","damage_taken":15,"max_hp_gain":0,"max_hp_loss":0,"event_name":"Shining Light","floor":3,"gold_loss":0,"cards_upgraded":["RobotSpaceExplorer:MiniLasers","RobotSpaceExplorer:Strike"]},{"cards_removed":["RobotSpaceExplorer:Defend"],"damage_healed":0,"gold_gain":0,"player_choice":"Card Removal","damage_taken":0,"max_hp_gain":0,"max_hp_loss":0,"event_name":"The Cleric","floor":4,"gold_loss":50},{"damage_healed":0,"gold_gain":0,"player_choice":"Forge","damage_taken":0,"max_hp_gain":0,"max_hp_loss":0,"event_name":"Accursed Blacksmith","floor":7,"gold_loss":0,"cards_upgraded":["RobotSpaceExplorer:Scan"]},{"damage_healed":0,"gold_gain":0,"player_choice":"Fought Mushrooms","damage_taken":0,"max_hp_gain":0,"max_hp_loss":0,"event_name":"Mushrooms","floor":12,"gold_loss":0}],"is_beta":false,"boss_relics":[],"items_purged_floors":[10],"is_endless":false,"potions_floor_spawned":[5,8],"killed_by":"Fading Forest","ascension_level":0}}