{"host":"f1miojwxaupu79sp","time":1609787894,"event":{"mods":["BaseMod","Better Vampires","Minty Spire (QoL Compilation)","Shop Mod"],"gold_per_floor":[14,14,14,14,39,39,75,0,23,38,62,32,32,0,0,0,0],"floor_reached":16,"playtime":1849,"items_purged":["Strike_G"],"score":167,"play_id":"9d2b4992-ede3-433d-889c-602390ee3479","local_time":"20210104141814","is_ascension_mode":true,"campfire_choices":[{"data":"Distraction","floor":6,"key":"SMITH"},{"floor":13,"key":"REST"},{"floor":15,"key":"REST"}],"circlet_count":0,"master_deck":["AscendersBane","Strike_G","Strike_G","Strike_G","Strike_G","Defend_G","Defend_G","Defend_G","Defend_G","Defend_G","Survivor","Neutralize","Distraction+1","Slice","Venomology","Blur","Well Laid Plans"],"relics":["Ring of the Snake","FossilizedHelix","Golden Idol","Ancient Tea Set","Ice Cream","Oddly Smooth Stone","PreservedInsect"],"acts_visited":["Exordium"],"potions_floor_usage":[7,10,11,12,16,16],"damage_taken":[{"damage":0,"enemies":"2 Louse","floor":1,"turns":3},{"damage":0,"enemies":"Small Slimes","floor":5,"turns":5},{"damage":41,"enemies":"Lagavulin","floor":7,"turns":13},{"damage":0,"enemies":"Jaw Worm","floor":10,"turns":5},{"damage":0,"enemies":"Exordium Wildlife","floor":11,"turns":3},{"damage":0,"enemies":"Looter","floor":12,"turns":4},{"damage":35,"enemies":"Slime Boss","floor":16,"turns":15}],"seed_played":"-6048985619637814269","potions_obtained":[{"floor":1,"key":"LiquidBronze"},{"floor":7,"key":"Ancient Potion"}],"is_trial":false,"path_per_floor":["M","?","?","T","M","R","E","$","T","M","M","M","R","?","R","B"],"character_chosen":"THE_SILENT","items_purchased":[],"campfire_rested":2,"item_purchase_floors":[],"current_hp_per_floor":[59,59,47,47,47,47,6,6,6,6,6,6,24,24,42,7,7],"gold":0,"neow_bonus":"ONE_RARE_RELIC","is_daily":false,"chose_seed":false,"campfire_upgraded":1,"win_rate":0.0,"timestamp":1609787894,"path_taken":["M","?","?","?","?","R","E","$","T","M","M","M","R","?","R","BOSS"],"items_purchased_type":[],"build_version":"2020-12-22","purchased_purges":1,"victory":false,"max_hp_per_floor":[66,61,61,61,61,61,61,61,61,61,61,61,61,61,61,61,61],"card_choices":[{"not_picked":["Poisoned Stab","Outmaneuver"],"picked":"Distraction","floor":1},{"not_picked":["Flying Knee","Blade Dance"],"picked":"Slice","floor":5},{"not_picked":["Glass Knife","Poisoned Stab"],"picked":"Venomology","floor":7},{"not_picked":["Accuracy","Flying Knee"],"picked":"Blur","floor":10},{"not_picked":["Flechettes","Dodge and Roll","Terror"],"picked":"SKIP","floor":11},{"not_picked":["Prepared","Blade Dance"],"picked":"Well Laid Plans","floor":12}],"player_experience":1014227,"relics_obtained":[{"floor":4,"key":"Ice Cream"},{"floor":7,"key":"Oddly Smooth Stone"},{"floor":9,"key":"PreservedInsect"}],"event_choices":[{"damage_healed":0,"gold_gain":0,"player_choice":"Lose Max HP","damage_taken":0,"relics_obtained":["Golden Idol"],"max_hp_gain":0,"max_hp_loss":5,"event_name":"Golden Idol","floor":2,"gold_loss":0},{"damage_healed":0,"gold_gain":0,"player_choice":"Success","damage_taken":12,"relics_obtained":["Ancient Tea Set"],"max_hp_gain":0,"max_hp_loss":0,"event_name":"Scrap Ooze","floor":3,"gold_loss":0},{"damage_healed":0,"gold_gain":0,"player_choice":"Left Gold","damage_taken":0,"max_hp_gain":0,"max_hp_loss":0,"event_name":"World of Goop","floor":14,"gold_loss":32}],"is_beta":false,"boss_relics":[],"items_purged_floors":[8],"is_endless":false,"potions_floor_spawned":[1,7],"killed_by":"Slime Boss","ascension_level":14}}