{"host":"Qube","time":1609728102,"event":{"mods":["AchievementEnabler","BaseMod","Colored Map","Colored Powertips","Minty Spire (QoL Compilation)","Quick Restart","Random Character Button","StSLib","The Cursed"],"gold_per_floor":[111,127,138,138,152,196,196,196,196],"floor_reached":8,"playtime":349,"items_purged":[],"score":104,"play_id":"0ca26a51-6549-4b5a-9a6c-49ae65a96acd","local_time":"20210103184142","is_ascension_mode":true,"campfire_choices":[{"data":"ForeignInfluence","floor":7,"key":"SMITH"}],"circlet_count":0,"master_deck":["AscendersBane","Strike_P","Strike_P","Strike_P","Strike_P","Defend_P","Defend_P","Defend_P","Eruption","Vigilance","ForeignInfluence+1","WindmillStrike","Prostrate","Prostrate","EmptyMind"],"relics":["PureWater","Centennial Puzzle","CeramicFish"],"acts_visited":["Exordium"],"potions_floor_usage":[],"damage_taken":[{"damage":2.0,"enemies":"Jaw Worm","floor":1.0,"turns":3.0},{"damage":0.0,"enemies":"Cultist","floor":2.0,"turns":4.0},{"damage":2.0,"enemies":"2 Louse","floor":3.0,"turns":2.0},{"damage":8.0,"enemies":"Blue Slaver","floor":5.0,"turns":3.0},{"damage":15,"enemies":"3 Sentries","floor":6,"turns":6},{"damage":0,"enemies":"Lagavulin","floor":8,"turns":4}],"seed_played":"-4635749706269574708","potions_obtained":[{"floor":1.0,"key":"FairyPotion"},{"floor":5.0,"key":"Swift Potion"}],"is_trial":false,"path_per_floor":["M","M","M","?","M","E","R","E"],"character_chosen":"WATCHER","items_purchased":[],"campfire_rested":0,"item_purchase_floors":[],"current_hp_per_floor":[59,59,57,57,49,34,34,34,34],"gold":196,"neow_bonus":"RANDOM_COMMON_RELIC","is_daily":false,"chose_seed":false,"campfire_upgraded":1,"win_rate":0.0,"timestamp":1609728102,"path_taken":["M","M","M","?","M","E","R","E"],"items_purchased_type":[],"build_version":"2020-12-18","purchased_purges":0,"victory":false,"max_hp_per_floor":[68,68,68,68,68,68,68,68,68],"card_choices":[{"not_picked":["Meditate","ThirdEye"],"picked":"ForeignInfluence","floor":1.0},{"not_picked":["JustLucky","PathToVictory"],"picked":"WindmillStrike","floor":2.0},{"not_picked":["Consecrate","Crescendo"],"picked":"Prostrate","floor":3.0},{"not_picked":["Evaluate","BowlingBash"],"picked":"Prostrate","floor":5.0},{"not_picked":["Fasting2","EmptyFist"],"picked":"EmptyMind","floor":6}],"player_experience":750704,"relics_obtained":[{"floor":6,"key":"CeramicFish"}],"event_choices":[{"cards_removed":["Defend_P"],"damage_healed":0.0,"max_hp_gain":0.0,"max_hp_loss":0.0,"gold_gain":0.0,"event_name":"Bonfire Elementals","player_choice":"Offered Basic","floor":4.0,"gold_loss":0.0,"damage_taken":0.0}],"is_beta":true,"boss_relics":[],"items_purged_floors":[],"is_endless":false,"potions_floor_spawned":[1,5],"killed_by":"Lagavulin","ascension_level":16}}