{"host":"f1miojwxaupu79sp","time":1609755290,"event":{"mods":["BaseMod","Better Vampires","Minty Spire (QoL Compilation)","Shop Mod"],"gold_per_floor":[113,126,51,1,1,1,335,335,360,392,416,435,435,454,454,525,525,545,564,564,89,89,89,123,135,147,186,208,220,266,289,301,385,397,427,29,29,29],"floor_reached":37,"playtime":7323,"items_purged":["Strike_G","Defend_G","Bite"],"score":736,"play_id":"e55d76aa-3075-4acf-8418-ccd7fa717098","local_time":"20210104051450","is_ascension_mode":true,"campfire_choices":[{"data":"Bouncing Flask","floor":6,"key":"SMITH"},{"data":"Swift Strike","floor":8,"key":"SMITH"},{"floor":15,"key":"REST"},{"data":"Doppelganger","floor":23,"key":"SMITH"},{"floor":29,"key":"REST"},{"floor":32,"key":"REST"}],"circlet_count":0,"master_deck":["AscendersBane","Defend_G","Defend_G","Defend_G","Defend_G","Survivor","Neutralize+1","Swift Strike+1","PiercingWail","Bouncing Flask+1","All Out Attack","Distraction","Doppelganger+1","Leg Sweep","Poisoned Stab+1","Bite+1","Good Instincts","Dash","Crippling Poison"],"relics":["Ring of the Snake","Old Coin","Boot","Singing Bowl","Odd Mushroom","SacredBark","Prayer Wheel","MawBank","Paper Crane","Whetstone","Happy Flower","Juzu Bracelet","SlaversCollar","Mercury Hourglass"],"acts_visited":["Exordium","TheCity","TheBeyond"],"potions_floor_usage":[11,16,19,24,24,30,30,37],"damage_taken":[{"damage":7,"enemies":"Jaw Worm","floor":1,"turns":5},{"damage":7,"enemies":"Small Slimes","floor":2,"turns":4},{"damage":14,"enemies":"Lagavulin","floor":7,"turns":8},{"damage":13,"enemies":"Gremlin Nob","floor":10,"turns":4},{"damage":16,"enemies":"The Mushroom Lair","floor":11,"turns":3},{"damage":1,"enemies":"2 Louse","floor":12,"turns":3},{"damage":2,"enemies":"Lots of Slimes","floor":14,"turns":5},{"damage":8,"enemies":"Hexaghost","floor":16,"turns":8},{"damage":17,"enemies":"3 Byrds","floor":18,"turns":6},{"damage":13,"enemies":"Spheric Guardian","floor":19,"turns":6},{"damage":30,"enemies":"Slavers","floor":24,"turns":7},{"damage":28,"enemies":"Book of Stabbing","floor":27,"turns":7},{"damage":11,"enemies":"Chosen and Byrds","floor":28,"turns":9},{"damage":25,"enemies":"Slavers","floor":30,"turns":5},{"damage":3,"enemies":"Shelled Parasite and Fungi","floor":31,"turns":8},{"damage":47,"enemies":"Champ","floor":33,"turns":15},{"damage":6,"enemies":"Orb Walker","floor":35,"turns":5},{"damage":56,"enemies":"2 Orb Walkers","floor":37,"turns":5}],"seed_played":"6007604342684996889","potions_obtained":[{"floor":10,"key":"DuplicationPotion"},{"floor":11,"key":"AttackPotion"},{"floor":14,"key":"GhostInAJar"},{"floor":16,"key":"SteroidPotion"},{"floor":19,"key":"AttackPotion"},{"floor":27,"key":"DuplicationPotion"},{"floor":28,"key":"DistilledChaos"},{"floor":35,"key":"Weak Potion"}],"is_trial":false,"path_per_floor":["M","M","$","?","?","R","E","R","T","E","?","M","?","M","R","B",null,"M","M","?","$","?","R","E","T","T","E","M","R","E","M","R","B",null,"M","$","?"],"character_chosen":"THE_SILENT","items_purchased":["Good Instincts","Prayer Wheel","Mercury Hourglass","Crippling Poison"],"campfire_rested":3,"item_purchase_floors":[21,21,36,36],"current_hp_per_floor":[52,45,45,45,45,45,31,31,31,18,4,5,5,5,26,18,59,42,29,29,29,50,50,30,30,30,9,8,29,12,24,47,23,65,64,64,11,11],"gold":29,"neow_bonus":"RANDOM_COLORLESS","is_daily":false,"chose_seed":false,"campfire_upgraded":3,"win_rate":0.0,"timestamp":1609755290,"path_taken":["M","M","$","?","?","R","E","R","T","E","?","M","?","?","R","BOSS","M","M","?","$","?","R","E","?","T","E","?","R","E","M","R","BOSS","M","$","?"],"items_purchased_type":["Card","Relic","Relic","Card"],"build_version":"2020-12-22","purchased_purges":3,"victory":false,"max_hp_per_floor":[66,66,66,66,66,66,66,66,66,66,68,70,70,72,72,72,72,72,72,63,63,63,63,65,65,65,67,71,71,73,77,77,79,79,81,81,81,81],"card_choices":[{"not_picked":["Blind","Deep Breath"],"picked":"Swift Strike","floor":0},{"not_picked":["Eviscerate","Sucker Punch"],"picked":"PiercingWail","floor":1},{"not_picked":["Distraction","Deflect"],"picked":"Bouncing Flask","floor":2},{"not_picked":["Skewer","Dagger Spray"],"picked":"All Out Attack","floor":7},{"not_picked":["Dagger Spray","Acrobatics"],"picked":"Distraction","floor":10},{"not_picked":["Dagger Throw","Quick Slash","Underhanded Strike"],"picked":"Singing Bowl","floor":11},{"not_picked":["Calculated Gamble","Infinite Blades","Prepared"],"picked":"Singing Bowl","floor":12},{"not_picked":["Bouncing Flask","Bane","Backstab"],"picked":"Singing Bowl","floor":14},{"not_picked":["Glass Knife","Unload"],"picked":"Doppelganger","floor":16},{"not_picked":["All Out Attack","Sucker Punch"],"picked":"Leg Sweep","floor":18},{"not_picked":["Dash","Acrobatics"],"picked":"Poisoned Stab+1","floor":19},{"not_picked":["Flying Knee","PiercingWail","Accuracy"],"picked":"Singing Bowl","floor":24},{"not_picked":["Grand Finale","Poisoned Stab+1","Slice"],"picked":"Singing Bowl","floor":27},{"not_picked":["Acrobatics+1","Flying Knee","Quick Slash"],"picked":"Singing Bowl","floor":28},{"not_picked":["Dagger Throw","Tactician","Bane"],"picked":"Singing Bowl","floor":28},{"not_picked":["Bane","Setup","Flying Knee"],"picked":"Singing Bowl","floor":30},{"not_picked":["Infinite Blades","Predator","Dagger Throw"],"picked":"Singing Bowl","floor":31},{"not_picked":["Setup+1","Blade Dance","Flechettes+1"],"picked":"Singing Bowl","floor":31},{"not_picked":["Tools of the Trade","A Thousand Cuts","Burst"],"picked":"Singing Bowl","floor":33},{"not_picked":["Underhanded Strike+1","Bane","Blade Dance"],"picked":"Singing Bowl","floor":35},{"not_picked":["Predator","Poisoned Stab"],"picked":"Dash","floor":35}],"player_experience":989578,"relics_obtained":[{"floor":7,"key":"Old Coin"},{"floor":9,"key":"Boot"},{"floor":10,"key":"Singing Bowl"},{"floor":11,"key":"Odd Mushroom"},{"floor":24,"key":"MawBank"},{"floor":25,"key":"Paper Crane"},{"floor":26,"key":"Whetstone"},{"floor":27,"key":"Happy Flower"},{"floor":30,"key":"Juzu Bracelet"}],"event_choices":[{"cards_removed":["Strike_G"],"damage_healed":0,"gold_gain":0,"player_choice":"Card Removal","damage_taken":0,"max_hp_gain":0,"max_hp_loss":0,"event_name":"The Cleric","floor":4,"gold_loss":50},{"damage_healed":0,"gold_gain":0,"player_choice":"Ignored","damage_taken":0,"max_hp_gain":0,"max_hp_loss":0,"event_name":"Liars Game","floor":5,"gold_loss":0},{"damage_healed":0,"gold_gain":0,"player_choice":"Fought Mushrooms","damage_taken":0,"max_hp_gain":0,"max_hp_loss":0,"event_name":"Mushrooms","floor":11,"gold_loss":0},{"cards_removed":["Strike_G"],"damage_healed":0,"gold_gain":0,"player_choice":"Purged","damage_taken":0,"max_hp_gain":0,"max_hp_loss":0,"event_name":"Purifier","floor":13,"gold_loss":0},{"damage_healed":0,"gold_gain":0,"player_choice":"Became a vampire","damage_taken":0,"max_hp_gain":0,"max_hp_loss":9,"event_name":"Vampires","floor":20,"gold_loss":0,"cards_obtained":["Bite","Bite"]},{"damage_healed":21,"gold_gain":0,"player_choice":"Heal","damage_taken":0,"max_hp_gain":0,"max_hp_loss":0,"event_name":"The Library","floor":22,"gold_loss":0},{"damage_healed":0,"gold_gain":0,"player_choice":"Fight","damage_taken":0,"max_hp_gain":0,"max_hp_loss":0,"event_name":"Mysterious Sphere","floor":37,"gold_loss":0}],"is_beta":false,"boss_relics":[{"not_picked":["WristBlade","Pandora\u0027s Box"],"picked":"SacredBark"},{"not_picked":["Snecko Eye","Philosopher\u0027s Stone"],"picked":"SlaversCollar"}],"items_purged_floors":[3,21,36],"is_endless":false,"potions_floor_spawned":[10,11,14,16,19,27,28,35],"killed_by":"2 Orb Walkers","ascension_level":14}}