{"host":"2gugywxuw0nvjb3h","time":1609738058,"event":{"mods":["AchievementEnabler","BaseMod","Better Altar","Better Match","Better Note","Better Sensory Stone","Better Skull","Better Third Choice","BetterRewards","Colored Map","Colored Powertips","Curses Come First","Evolution","GifTheSpireLib","Hermit","Key Reminder","Marisa????????","Minty Spire (QoL Compilation)","Rare Cards Sparkle","Relic Sorter","Replay The Spire","Spicy Shops","StSLib","The Cursed","The Disciple","The Servant 0.9.4"],"gold_per_floor":[113,128,128,140,140,173,173,188,188,222,234,234,251,263,359,459,459,473,483,150,172,200,244,272,272,350,350,350,350,375,400,400,517,517,543,543,59,59,81,124,146,146,146,146,171,195,44,68,115,144,144,144],"floor_reached":53,"playtime":11421,"items_purged":["Doubt"],"score":1155,"play_id":"08d3b41d-e4c7-478a-8864-2bbba3659924","local_time":"20210103222738","is_ascension_mode":false,"campfire_choices":[{"data":"LockedTornado","floor":7,"key":"SMITH"},{"data":"LockedWhetstone","floor":12,"key":"SMITH"},{"data":"LockedBlood","floor":25,"key":"SMITH"},{"data":"LockedMedicine","floor":28,"key":"SMITH"},{"data":"AlternateTimeline","floor":32,"key":"SMITH"},{"data":"LockedLightning","floor":44,"key":"SMITH"},{"data":"Allegro","floor":51,"key":"SMITH"}],"circlet_count":0,"master_deck":["Allegretto+1","Misterioso+1","Moderato+1","Sospirando+1","Accelerando+1","Allegro+1","Accelerando","Vivace+1","Moderato+1","Moderato+1","Strike_Br","Strike_Br","Strike_Br","Strike_Br","Defend_Br+1","Defend_Br+1","Defend_Br","Defend_Br","SecondHand","PatternShift","Echonomics","DaylightSavings","AlternateTimeline+1","LockedLightning+1","Allegro+1","Rallentando","Allegro","LockedBlood","Echoward","HandsUpB","LockedTornado+1","LockedMedicine+1","LockedWhetstone+1","WindUp","BeatsPerMinute","BiteCommand","MasterKey+1","WatchCommand+1","LockedMawBank","Echoward+1","LockedWarPaint+1","LockedMercury+1","LockedBlood+1","LockedTornado","LockedUrn","LockedScales+1","PrimeTime+1","RageCommand+1","ExoVibe+7","Engulf+1","LockedMedicine+1","MasterKey+1","DaylightSavings","Parasite","WindUp","MasterKey+1","LockedTornado","MasterKey+1","FormalWear+1","Keepsakes","Parasite","ExoVibe+2"],"relics":["Chronometer","Nunchaku","Orrery","Anchor","Pondfish Scales","MysticCrockPot","Question Card","Replay:Bottled Flurry","Golden Egg","War Paint","Honey Jar","Happy Flower","Bag of Marbles","StrikeDummy","Nloth\u0027s Gift","Replay:Grab Bag","Sozu","Coffee Dripper","Black Star","ClockworkSouvenir","Ornamental Fan","Toy Ornithopter","Oddly Smooth Stone","BlueBox","ReplayTheSpireMod:TigerMarble","Sundial","Akabeko"],"acts_visited":["Exordium","TheCity","TheBeyond"],"potions_floor_usage":[18,18,31,35,52,52],"damage_taken":[{"damage":0,"enemies":"2 Louse","floor":1,"turns":3},{"damage":0,"enemies":"Cultist","floor":2,"turns":4},{"damage":2,"enemies":"Small Slimes","floor":4,"turns":5},{"damage":5,"enemies":"3 Sentries","floor":6,"turns":8},{"damage":8,"enemies":"Blue Slaver","floor":8,"turns":5},{"damage":0,"enemies":"Replay:BlueRogue","floor":10,"turns":8},{"damage":0,"enemies":"2 Fungi Beasts","floor":11,"turns":2},{"damage":4,"enemies":"Lots of Slimes","floor":13,"turns":4},{"damage":6,"enemies":"Blue Slaver","floor":14,"turns":5},{"damage":15,"enemies":"Fading Forest","floor":16,"turns":11},{"damage":0,"enemies":"Shell Parasite","floor":18,"turns":4},{"damage":0,"enemies":"Chosen","floor":19,"turns":3},{"damage":16,"enemies":"Shelled Parasite and Fungi","floor":21,"turns":6},{"damage":0,"enemies":"Chosen and Byrds","floor":22,"turns":6},{"damage":4,"enemies":"Replay:Snechameleon","floor":23,"turns":8},{"damage":27,"enemies":"3 Cultists","floor":24,"turns":6},{"damage":12,"enemies":"Centurion and Healer","floor":30,"turns":6},{"damage":7,"enemies":"Shelled Parasite and Fungi","floor":31,"turns":5},{"damage":7,"enemies":"Pondfish","floor":33,"turns":8},{"damage":18,"enemies":"Orb Walker","floor":35,"turns":5},{"damage":3,"enemies":"3 Shapes","floor":39,"turns":5},{"damage":0,"enemies":"Reptomancer","floor":40,"turns":6},{"damage":46,"enemies":"Writhing Mass","floor":41,"turns":5},{"damage":6,"enemies":"Maw","floor":46,"turns":7},{"damage":15,"enemies":"Jaw Worm Horde","floor":48,"turns":5},{"damage":16,"enemies":"Nemesis","floor":49,"turns":7},{"damage":0,"enemies":"Writhing Mass","floor":50,"turns":8},{"damage":94,"enemies":"Awakened One","floor":52,"turns":14}],"seed_played":"6236312069565736368","potions_obtained":[{"floor":4,"key":"Death Potion"},{"floor":11,"key":"Fruit Juice"},{"floor":13,"key":"EssenceOfSteel"},{"floor":22,"key":"BlessingOfTheForge"},{"floor":23,"key":"SkillPotion"},{"floor":24,"key":"Explosive Potion"},{"floor":30,"key":"SmokeBomb"},{"floor":31,"key":"Block Potion"}],"is_trial":false,"path_per_floor":["M","M","?","M","$","E","R","M","T","E","M","R","M","M","R_BF","B",null,"M","M","$","M","M","E","M","R","T","?","R","?","M","M","R","B",null,"M","?","$","?","M","E","M","PTL","PTL","R","T","M","$","M","E","M","R","B",null],"character_chosen":"CHRONO_CLASS","items_purchased":["Orrery","Nunchaku","Tempo","Anchor","Pondfish Scales","MysticCrockPot","Happy Flower","Echoward","LockedWarPaint","SpringShield","ClockworkSouvenir","Engulf","Ornamental Fan","LockedMedicine","ReplayTheSpireMod:TigerMarble"],"campfire_rested":0,"item_purchase_floors":[0,0,0,0,0,0,20,20,20,20,37,37,37,37,47],"current_hp_per_floor":[65,65,65,65,65,65,65,63,63,65,65,65,63,61,61,52,65,70,70,70,58,64,70,50,50,50,50,50,47,58,66,66,66,70,66,70,70,70,70,70,38,38,38,38,38,57,57,62,62,70,70,14],"gold":144,"neow_bonus":"","is_daily":false,"chose_seed":false,"campfire_upgraded":7,"win_rate":0.0,"timestamp":1609738058,"path_taken":["M","M","?","M","$","E","R","M","T","E","?","R","M","M","R_BF","BOSS","M","M","$","M","M","E","M","R","T","?","R","?","M","M","R","BOSS","M","?","$","?","M","E","?","PTL","PTL","R","T","M","$","M","E","M","R","BOSS"],"items_purchased_type":["Relic","Relic","Card","Relic","Relic","Relic","Relic","Card","Card","Relic","Relic","Card","Relic","Card","Relic"],"build_version":"2020-12-22","purchased_purges":1,"victory":true,"max_hp_per_floor":[65,65,65,65,65,65,65,65,65,65,65,65,65,65,65,65,65,70,70,70,70,70,70,70,70,70,70,70,70,70,70,70,70,70,70,70,70,70,70,70,70,70,70,70,70,70,70,70,70,70,70,70],"card_choices":[{"not_picked":["ExoVibe","Pendulum"],"picked":"Echonomics","floor":0},{"not_picked":["Fragmentalize","LockedScales"],"picked":"DaylightSavings","floor":0},{"not_picked":["WakeUpCall","Parity"],"picked":"AlternateTimeline","floor":0},{"not_picked":["AlternateTimeline","Engulf"],"picked":"Tempo","floor":0},{"not_picked":["WindUp","LockedScales"],"picked":"LockedLightning","floor":0},{"not_picked":["LockedScales","AlternateTimeline"],"picked":"LockedBlood","floor":1},{"not_picked":["LockedBlood","LockedUrn"],"picked":"Echoward","floor":2},{"not_picked":["HandsUpC","Echoward","Engulf"],"picked":"HandsUpB","floor":4},{"not_picked":["MasterKey","LockedMawBank","Analog"],"picked":"LockedTornado","floor":6},{"not_picked":["LockedThread","CrunchTime","ResonantCall"],"picked":"LockedMedicine","floor":8},{"not_picked":["BlueShift","LockedTurtyl","LockedMedicine"],"picked":"LockedWhetstone","floor":10},{"not_picked":["CrunchTime","LockedMedicine","HandsUpC"],"picked":"WindUp","floor":11},{"not_picked":["LockedBlood","Recurrance","ReapSow"],"picked":"BeatsPerMinute","floor":13},{"not_picked":["CrunchTime","HandsUpB","HandsUpC"],"picked":"BiteCommand","floor":14},{"not_picked":["Chronoelasticity","LockedBell","LockedFlame"],"picked":"MasterKey","floor":16},{"not_picked":["VestedLegacy+1","HandsUpC+1","Echoward","LockedBlood"],"picked":"WatchCommand+1","floor":18},{"not_picked":["HandsUpC","LockedMedicine","Parity+1","Facsimile"],"picked":"LockedMawBank","floor":19},{"not_picked":["Accruing+1","Flay","FormalWear","TickedOff"],"picked":"LockedMercury+1","floor":21},{"not_picked":["EscortCommand","Echoward","ResonantCall+1","LockedWhetstone+1"],"picked":"LockedBlood","floor":22},{"not_picked":["BiteCommand","HandsUpC","LockedMawBank+1","Echonomics"],"picked":"LockedTornado","floor":23},{"not_picked":["LockedScales","HandsUpC","ExoVibe","CrunchTime"],"picked":"LockedUrn","floor":24},{"not_picked":["LockedLightning","WindUp","LockedTornado","FormalWear+1"],"picked":"LockedScales+1","floor":30},{"not_picked":["Echoward","CrunchTime","Break","Cuckoo"],"picked":"PrimeTime+1","floor":31},{"not_picked":["LockedAstrolabe","LockedLightning","OldTimer","LockedCalendar"],"picked":"RageCommand","floor":33},{"not_picked":["LockedThread","Engulf","Cuckoo","HandsUpB"],"picked":"ExoVibe+1","floor":35},{"not_picked":["LockedBlood","Goo+1","LockedScales","ResonantCall"],"picked":"MasterKey","floor":39},{"not_picked":["Keepsakes","TiringSlam","Tempo","Break"],"picked":"DaylightSavings","floor":40},{"not_picked":["BlueShift","LockedAnchor","VestedLegacy+1","ExoVibe+1"],"picked":"WindUp","floor":41},{"not_picked":["HandsUpB","Echoward","LockedScales","LockedMawBank+1"],"picked":"MasterKey","floor":46},{"not_picked":["Echoward","LockedBell","Flay","Tempo"],"picked":"FormalWear+1","floor":48},{"not_picked":["HandsUpB","Pendulum","Echonomics","PrimeTime"],"picked":"Keepsakes","floor":49},{"not_picked":["FormalWear+1","WindUp+1","Parity+1","Engulf+1"],"picked":"ExoVibe+1","floor":50}],"player_experience":220649,"relics_obtained":[{"floor":3,"key":"Question Card"},{"floor":6,"key":"Replay:Bottled Flurry"},{"floor":9,"key":"Golden Egg"},{"floor":10,"key":"War Paint"},{"floor":23,"key":"Bag of Marbles"},{"floor":26,"key":"StrikeDummy"},{"floor":40,"key":"Toy Ornithopter"},{"floor":40,"key":"Oddly Smooth Stone"},{"floor":45,"key":"BlueBox"},{"floor":49,"key":"Sundial"},{"floor":49,"key":"Akabeko"}],"event_choices":[{"damage_healed":0,"gold_gain":0,"player_choice":"Relic","damage_taken":0,"max_hp_gain":0,"max_hp_loss":0,"event_name":"Wheel of Change","floor":3,"gold_loss":0},{"damage_healed":0,"gold_gain":0,"player_choice":"Traded Relic","damage_taken":0,"relics_obtained":["Nloth\u0027s Gift"],"max_hp_gain":0,"max_hp_loss":0,"event_name":"N\u0027loth","floor":27,"relics_lost":["SpringShield"],"gold_loss":0},{"damage_healed":0,"gold_gain":0,"player_choice":"Punched","damage_taken":3,"max_hp_gain":0,"max_hp_loss":0,"event_name":"Designer","floor":29,"gold_loss":0},{"damage_healed":18,"gold_gain":0,"player_choice":"Writhe","damage_taken":0,"max_hp_gain":0,"max_hp_loss":0,"event_name":"Winding Halls","floor":36,"gold_loss":0,"cards_obtained":["Writhe"]},{"cards_removed":["Writhe"],"damage_healed":0,"gold_gain":0,"player_choice":"Removed Curses","damage_taken":0,"max_hp_gain":0,"max_hp_loss":0,"event_name":"Fountain of Cleansing","floor":38,"gold_loss":0}],"is_beta":false,"boss_relics":[{"not_picked":["Runic Dome","Tiny House"],"picked":"Honey Jar"},{"not_picked":["HangingClock","ReplayTheSpireMod:DimensionalGlitch"],"picked":"Replay:Grab Bag"},{"not_picked":["Velvet Choker","Replay:Wanted Poster"],"picked":"Sozu"},{"not_picked":["Cursed Key","Abe\u0027s Treasure"],"picked":"Coffee Dripper"},{"not_picked":["Empty Cage","Ring of Chaos"],"picked":"Black Star"}],"items_purged_floors":[0],"is_endless":false,"potions_floor_spawned":[4,11,13,16,22,23,24,30,31,35,39,46,50],"ascension_level":0}}