{"host":"qj91dvco5uhu9oti","time":1609759310,"event":{"mods":["BaseMod","Colored Map","Keyboard Shortcuts","Minty Spire (QoL Compilation)","Permanent Neow","Relic Stats","StSLib","SuperFastMode","everything is the same but u backflip on backflip"],"gold_per_floor":[117,42,61,11,24,24,57,72,154,154,168,0,0,16,16,121,121,131,131,148,247,45,70,70,70,97,15,40,40,54,67,67,165,165,165],"floor_reached":34,"playtime":885,"items_purged":["Strike_G","Strike_G","Strike_G"],"score":415,"play_id":"76ec773e-1c8f-40f9-821e-b5a088f7e36e","local_time":"20210104202150","is_ascension_mode":false,"campfire_choices":[{"data":"Noxious Fumes","floor":6.0,"key":"SMITH"},{"data":"Footwork","floor":10.0,"key":"SMITH"},{"data":"Backflip","floor":15.0,"key":"SMITH"},{"data":"Noxious Fumes","floor":24.0,"key":"SMITH"},{"data":"Crippling Poison","floor":29.0,"key":"SMITH"},{"data":"Footwork","floor":32,"key":"SMITH"}],"circlet_count":0,"master_deck":["Defend_G","Defend_G","Defend_G","Defend_G","Survivor","Neutralize","Cloak And Dagger","Footwork+1","Noxious Fumes+1","Backflip+1","Tactician","Deflect","Burst","Crippling Poison","Crippling Poison+1","Noxious Fumes+1","Choke","Burst","Footwork+1","Acrobatics","Dodge and Roll+1"],"relics":["Ring of the Snake","NeowsBlessing","Mango","Ornamental Fan","Strawberry","Anchor","Regal Pillow","Runic Dome"],"acts_visited":["Exordium","TheCity","TheBeyond"],"potions_floor_usage":[],"damage_taken":[{"damage":0.0,"enemies":"Jaw Worm","floor":1.0,"turns":1.0},{"damage":0.0,"enemies":"Small Slimes","floor":3.0,"turns":1.0},{"damage":0.0,"enemies":"2 Louse","floor":5.0,"turns":1.0},{"damage":14.0,"enemies":"Gremlin Nob","floor":7.0,"turns":5.0},{"damage":0.0,"enemies":"Blue Slaver","floor":8.0,"turns":5.0},{"damage":2.0,"enemies":"Looter","floor":11.0,"turns":4.0},{"damage":0.0,"enemies":"2 Fungi Beasts","floor":14.0,"turns":5.0},{"damage":6.0,"enemies":"The Guardian","floor":16.0,"turns":14.0},{"damage":17.0,"enemies":"3 Byrds","floor":18.0,"turns":6.0},{"damage":0.0,"enemies":"Chosen","floor":20.0,"turns":7.0},{"damage":18.0,"enemies":"Slavers","floor":23.0,"turns":6.0},{"damage":5.0,"enemies":"Book of Stabbing","floor":28.0,"turns":9.0},{"damage":0.0,"enemies":"Shelled Parasite and Fungi","floor":30.0,"turns":6.0},{"damage":15,"enemies":"Centurion and Healer","floor":31,"turns":7},{"damage":4,"enemies":"Champ","floor":33,"turns":17}],"seed_played":"6786660066434955553","potions_obtained":[{"floor":3.0,"key":"Strength Potion"},{"floor":8.0,"key":"SpeedPotion"},{"floor":11.0,"key":"Fire Potion"},{"floor":18.0,"key":"Poison Potion"},{"floor":33,"key":"Swift Potion"}],"is_trial":false,"path_per_floor":["M","$","M","?","M","R","E","M","T","R","M","$","?","M","R","B",null,"M","?","M","?","$","E","R","?","T","$","E","R","M","M","R","B",null],"character_chosen":"THE_SILENT","items_purchased":["Tactician","Noxious Fumes","Footwork"],"campfire_rested":0,"item_purchase_floors":[12,22,27],"current_hp_per_floor":[70,70,70,70,70,70,70,70,70,70,68,68,73,73,73,67,89,72,72,72,72,72,61,61,61,61,61,56,56,56,41,41,37,96,96],"gold":165,"neow_bonus":"THREE_ENEMY_KILL","is_daily":false,"chose_seed":false,"campfire_upgraded":6,"win_rate":0.0,"timestamp":1609759310,"path_taken":["M","$","M","?","M","R","E","M","T","R","M","$","?","M","R","BOSS","M","?","M","?","$","E","R","?","T","$","E","R","M","M","R","BOSS"],"items_purchased_type":["Card","Card","Card"],"build_version":"2020-12-22","purchased_purges":3,"victory":false,"max_hp_per_floor":[70,70,70,70,70,70,84,84,84,84,84,84,89,89,89,89,89,89,89,89,89,89,96,96,96,96,96,96,96,96,96,96,96,96,96],"relic_stats":{"Regal Pillow":0,"counters":[15,94],"Ornamental Fan":[24],"obtain_stats":[{"Runic Dome":34,"Anchor":26,"Regal Pillow":28,"NeowsBlessing":0,"Ornamental Fan":9,"Strawberry":23,"Mango":7,"Ring of the Snake":0},{"Runic Dome":15,"Anchor":11,"Regal Pillow":12,"NeowsBlessing":0,"Ornamental Fan":5,"Strawberry":11,"Mango":4,"Ring of the Snake":0},{"Runic Dome":94,"Anchor":55,"Regal Pillow":64,"NeowsBlessing":0,"Ornamental Fan":13,"Strawberry":55,"Mango":8,"Ring of the Snake":0}],"Ring of the Snake":[30]},"card_choices":[{"not_picked":["Dodge and Roll","Flying Knee"],"picked":"Cloak And Dagger","floor":1.0},{"not_picked":["Deflect","Cloak And Dagger"],"picked":"Footwork","floor":3.0},{"not_picked":["Terror","Dagger Throw"],"picked":"Noxious Fumes","floor":5.0},{"not_picked":["Night Terror","Expertise","Bane"],"picked":"SKIP","floor":7.0},{"not_picked":["Underhanded Strike","Dodge and Roll"],"picked":"Backflip","floor":8.0},{"not_picked":["Dagger Spray","Bane","Flechettes"],"picked":"SKIP","floor":11.0},{"not_picked":["Phantasmal Killer","Dagger Throw"],"picked":"Deflect","floor":14.0},{"not_picked":["Bullet Time","Tools of the Trade"],"picked":"Burst","floor":16.0},{"not_picked":["Poisoned Stab","Flechettes"],"picked":"Crippling Poison","floor":18.0},{"not_picked":["Underhanded Strike+1","Flying Knee"],"picked":"Crippling Poison","floor":20.0},{"not_picked":["Choke+1","Dagger Throw","Bane"],"picked":"SKIP","floor":23.0},{"not_picked":["Quick Slash","Well Laid Plans+1"],"picked":"Acrobatics","floor":28.0},{"not_picked":["Bouncing Flask+1","Setup","Skewer+1"],"picked":"SKIP","floor":30},{"not_picked":["Cloak And Dagger+1","Expertise"],"picked":"Dodge and Roll+1","floor":31}],"player_experience":342233,"relics_obtained":[{"floor":7.0,"key":"Mango"},{"floor":9.0,"key":"Ornamental Fan"},{"floor":23.0,"key":"Strawberry"},{"floor":26.0,"key":"Anchor"},{"floor":28.0,"key":"Regal Pillow"}],"event_choices":[{"cards_removed":["Defend_G"],"damage_healed":0.0,"max_hp_gain":0.0,"max_hp_loss":0.0,"gold_gain":0.0,"event_name":"The Cleric","player_choice":"Card Removal","floor":4.0,"gold_loss":50.0,"damage_taken":0.0},{"damage_healed":0.0,"max_hp_gain":5.0,"max_hp_loss":0.0,"gold_gain":0.0,"event_name":"Big Fish","player_choice":"Donut","floor":13.0,"gold_loss":0.0,"damage_taken":0.0},{"damage_healed":0.0,"max_hp_gain":0.0,"max_hp_loss":0.0,"gold_gain":0.0,"event_name":"Cursed Tome","player_choice":"Ignored","floor":19.0,"gold_loss":0.0,"damage_taken":0.0},{"damage_healed":0.0,"max_hp_gain":0.0,"max_hp_loss":0.0,"gold_gain":99.0,"event_name":"Nest","player_choice":"Stole From Cult","floor":21.0,"gold_loss":0.0,"damage_taken":0.0},{"damage_healed":0.0,"max_hp_gain":0.0,"max_hp_loss":0.0,"gold_gain":0.0,"cards_transformed":["Strike_G","Strike_G"],"event_name":"Drug Dealer","player_choice":"Became Test Subject","floor":25.0,"gold_loss":0.0,"damage_taken":0.0,"cards_obtained":["Choke","Burst"]}],"is_beta":false,"boss_relics":[{"not_picked":["Pandora\u0027s Box","Fusion Hammer","Busted Crown"]},{"not_picked":["Astrolabe","Runic Pyramid"],"picked":"Runic Dome"}],"items_purged_floors":[2,12,22],"is_endless":false,"potions_floor_spawned":[3,8,11,16,18,20,33],"ascension_level":0}}