{"host":"j0vzbnzm6n2ctevn","time":1609764429,"event":{"mods":["AchievementEnabler","BaseMod","Better Note","Dota2Spire","Minty Spire (QoL Compilation)","Quick Restart","Shop Mod","Spicy Shops","StSLib"],"gold_per_floor":[113,113,127,127,142,173,173,205,231,258,82,82,82,95,95,193,193,207,482,482,499,499,526,550,562,601,630,667,679,705,41,41,139,139,157,169,184,184,202,202,237,237,261,278,278,278],"floor_reached":45,"playtime":1704,"items_purged":["Pain","Strike_B"],"score":518,"play_id":"9e1fbefd-a417-46b3-8ab6-dd742312d8ab","local_time":"20210104204709","is_ascension_mode":false,"campfire_choices":[{"data":"Double Energy","floor":7.0,"key":"SMITH"},{"floor":13.0,"key":"REST"},{"data":"Zap","floor":15.0,"key":"SMITH"},{"floor":25.0,"key":"REST"},{"data":"Static Discharge","floor":29.0,"key":"SMITH"},{"floor":32.0,"key":"REST"},{"floor":40.0,"key":"REST"},{"floor":42.0,"key":"REST"}],"circlet_count":0,"master_deck":["Strike_B","Strike_B","Defend_B","Defend_B","Defend_B","Defend_B","Zap+1","Dualcast","Doom and Gloom+1","Hologram","Ball Lightning+1","Double Energy+1","Lockon","Hologram","Parasite","Auto Shields","Reboot","Melter+1","Regret","Static Discharge+1","Ball Lightning+1","Melter+1","Turbo","Thunder Strike+1","Storm+1","Capacitor","Sunder+1","Echo Form","Double Energy","White Noise+1","Hologram","Enlightenment","Loop+1","Redo+1"],"relics":["Cracked Core","NeowsBlessing","WarpedTongs","Bronze Scales","Regal Pillow","Dota2Spire:EyeOfSkadi","Dota2Spire:BladeMail","Odd Mushroom","Bottled Lightning","Molten Egg 2","Black Star","Shuriken","MawBank","Dota2Spire:MonkeyKingBar","Pantograph","Dota2Spire:MantaStyle","Frozen Eye","Runic Pyramid","Dota2Spire:MaskOfMadness","Whetstone","Dota2Spire:UrnOfShadows"],"acts_visited":["Exordium","TheCity","TheBeyond"],"potions_floor_usage":[],"damage_taken":[{"damage":0.0,"enemies":"Jaw Worm","floor":1.0,"turns":1.0},{"damage":1.0,"enemies":"Cultist","floor":3.0,"turns":1.0},{"damage":0.0,"enemies":"2 Louse","floor":5.0,"turns":1.0},{"damage":37.0,"enemies":"Lagavulin","floor":6.0,"turns":4.0},{"damage":11.0,"enemies":"3 Sentries","floor":8.0,"turns":4.0},{"damage":8.0,"enemies":"The Mushroom Lair","floor":10.0,"turns":3.0},{"damage":0.0,"enemies":"2 Fungi Beasts","floor":14.0,"turns":2.0},{"damage":20.0,"enemies":"Hexaghost","floor":16.0,"turns":5.0},{"damage":4.0,"enemies":"Spheric Guardian","floor":18.0,"turns":3.0},{"damage":32.0,"enemies":"2 Thieves","floor":21.0,"turns":4.0},{"damage":13.0,"enemies":"Book of Stabbing","floor":23.0,"turns":3.0},{"damage":9.0,"enemies":"Shelled Parasite and Fungi","floor":24.0,"turns":4.0},{"damage":14.0,"enemies":"Snake Plant","floor":27.0,"turns":3.0},{"damage":14.0,"enemies":"Slavers","floor":28.0,"turns":4.0},{"damage":6.0,"enemies":"Snecko","floor":30.0,"turns":3.0},{"damage":18.0,"enemies":"Collector","floor":33.0,"turns":5.0},{"damage":17.0,"enemies":"3 Darklings","floor":35.0,"turns":6.0},{"damage":21.0,"enemies":"3 Shapes","floor":36.0,"turns":3.0},{"damage":10.0,"enemies":"3 Darklings","floor":37.0,"turns":4.0},{"damage":19.0,"enemies":"Transient","floor":39.0,"turns":5.0},{"damage":56.0,"enemies":"Giant Head","floor":41.0,"turns":7.0},{"damage":43,"enemies":"4 Shapes","floor":44,"turns":3},{"damage":12,"enemies":"Writhing Mass","floor":45,"turns":2}],"seed_played":"-6784799370616150142","potions_obtained":[{"floor":1.0,"key":"SpeedPotion"},{"floor":3.0,"key":"Fire Potion"},{"floor":10.0,"key":"LiquidBronze"},{"floor":14.0,"key":"LiquidMemories"},{"floor":16.0,"key":"Weak Potion"},{"floor":18.0,"key":"Fruit Juice"},{"floor":21.0,"key":"GamblersBrew"},{"floor":27.0,"key":"BlessingOfTheForge"},{"floor":28.0,"key":"AttackPotion"},{"floor":44,"key":"Strength Potion"}],"is_trial":false,"path_per_floor":["M","?","M","?","M","E","R","E","T","?","$","?","R","M","R","B",null,"M","?","?","M","?","E","M","R","T","M","E","R","M","$","R","B",null,"M","M","M","?","M","R","E","R","T","M","M"],"character_chosen":"DEFECT","items_purchased":["Bottled Lightning","Capacitor","Sunder+1","Dota2Spire:MantaStyle","Frozen Eye"],"campfire_rested":5,"item_purchase_floors":[11,31,31,31,31],"current_hp_per_floor":[75,75,74,67,67,30,30,24,24,16,16,16,55,55,55,35,80,81,81,81,49,49,36,27,67,67,53,39,39,33,33,73,67,85,68,47,37,37,18,58,2,42,42,2,0,0],"gold":278,"neow_bonus":"THREE_ENEMY_KILL","is_daily":false,"chose_seed":false,"campfire_upgraded":3,"win_rate":0.0,"timestamp":1609764429,"path_taken":["M","?","?","?","M","E","R","E","T","?","$","?","R","M","R","BOSS","M","?","?","?","?","E","M","R","T","M","E","R","M","$","R","BOSS","M","?","?","?","M","R","E","R","T","M","M"],"items_purchased_type":["Relic","Card","Card","Relic","Relic"],"build_version":"2020-12-22","purchased_purges":2,"victory":false,"max_hp_per_floor":[75,75,75,75,75,75,75,80,80,80,80,80,80,80,80,80,80,85,85,85,85,85,85,85,85,85,85,85,85,85,85,85,85,85,85,85,85,85,85,85,85,85,85,85,85,85],"card_choices":[{"not_picked":["Gash","Steam Power"],"picked":"Doom and Gloom","floor":1.0},{"not_picked":["Compile Driver","Glacier"],"picked":"Hologram","floor":3.0},{"not_picked":["Reinforced Body","Gash"],"picked":"Ball Lightning","floor":5.0},{"not_picked":["BootSequence","Static Discharge"],"picked":"Double Energy","floor":6.0},{"not_picked":["Reprogram","Cold Snap"],"picked":"Lockon","floor":8.0},{"not_picked":["Sweeping Beam","Gash"],"picked":"Hologram","floor":10.0},{"not_picked":["Gash+1","Stack"],"picked":"Auto Shields","floor":14.0},{"not_picked":["Fission","Seek"],"picked":"Reboot","floor":16.0},{"not_picked":["Sweeping Beam+1","Force Field"],"picked":"Melter+1","floor":18.0},{"not_picked":["Rebound+1","Steam Power"],"picked":"Ball Lightning+1","floor":21.0},{"not_picked":["Compile Driver+1","Force Field","Reprogram"],"picked":"SKIP","floor":23.0},{"not_picked":["Lockon+1","Hello World"],"picked":"Melter+1","floor":24.0},{"not_picked":["Melter+1","Gash+1"],"picked":"Turbo","floor":27.0},{"not_picked":["Hologram+1","Steam Power"],"picked":"Thunder Strike+1","floor":28.0},{"not_picked":["Go for the Eyes+1","Leap"],"picked":"Storm+1","floor":30.0},{"not_picked":["Thunder Strike+1","Fission"],"picked":"Echo Form","floor":33.0},{"not_picked":["Sweeping Beam+1","White Noise+1"],"picked":"Double Energy","floor":35.0},{"not_picked":["Sweeping Beam+1","Compile Driver+1"],"picked":"White Noise+1","floor":36.0},{"not_picked":["Static Discharge","Ball Lightning+1"],"picked":"Hologram","floor":37.0},{"not_picked":["Blind","Magnetism"],"picked":"Enlightenment","floor":38.0},{"not_picked":["Turbo","Glacier"],"picked":"Loop+1","floor":39.0},{"not_picked":["Gash+1","Sweeping Beam+1"],"picked":"Redo+1","floor":41.0},{"not_picked":["Sweeping Beam+1","Darkness","Leap"],"picked":"SKIP","floor":44}],"player_experience":128846,"relics_obtained":[{"floor":6.0,"key":"Regal Pillow"},{"floor":8.0,"key":"Dota2Spire:EyeOfSkadi"},{"floor":9.0,"key":"Dota2Spire:BladeMail"},{"floor":10.0,"key":"Odd Mushroom"},{"floor":23.0,"key":"Shuriken"},{"floor":23.0,"key":"MawBank"},{"floor":28.0,"key":"Dota2Spire:MonkeyKingBar"},{"floor":28.0,"key":"Pantograph"},{"floor":41.0,"key":"Dota2Spire:MaskOfMadness"},{"floor":41.0,"key":"Whetstone"},{"floor":43.0,"key":"Dota2Spire:UrnOfShadows"}],"event_choices":[{"damage_healed":0.0,"max_hp_gain":0.0,"max_hp_loss":0.0,"gold_gain":0.0,"event_name":"Accursed Blacksmith","player_choice":"Rummage","floor":2.0,"gold_loss":0.0,"damage_taken":0.0,"relics_obtained":["WarpedTongs"],"cards_obtained":["Pain"]},{"damage_healed":0.0,"max_hp_gain":0.0,"max_hp_loss":0.0,"gold_gain":0.0,"event_name":"Scrap Ooze","player_choice":"Success","floor":4.0,"gold_loss":0.0,"damage_taken":7.0,"relics_obtained":["Bronze Scales"]},{"damage_healed":0.0,"max_hp_gain":0.0,"max_hp_loss":0.0,"gold_gain":0.0,"event_name":"Mushrooms","player_choice":"Fought Mushrooms","floor":10.0,"gold_loss":0.0,"damage_taken":0.0},{"damage_healed":0.0,"max_hp_gain":0.0,"max_hp_loss":0.0,"gold_gain":0.0,"event_name":"Dead Adventurer","player_choice":"Searched \u00272\u0027 times","floor":12.0,"gold_loss":0.0,"damage_taken":0.0,"relics_obtained":["Molten Egg 2"]},{"damage_healed":0.0,"max_hp_gain":0.0,"max_hp_loss":0.0,"gold_gain":275.0,"event_name":"Golden Shrine","player_choice":"Desecrate","floor":19.0,"gold_loss":0.0,"damage_taken":0.0,"cards_obtained":["Regret"]},{"damage_healed":0.0,"max_hp_gain":0.0,"max_hp_loss":0.0,"gold_gain":0.0,"cards_transformed":["Strike_B"],"event_name":"Transmorgrifier","player_choice":"Transformed","floor":20.0,"gold_loss":0.0,"damage_taken":0.0,"cards_obtained":["Static Discharge"]},{"damage_healed":0.0,"max_hp_gain":0.0,"max_hp_loss":0.0,"gold_gain":0.0,"event_name":"The Woman in Blue","player_choice":"Bought 0 Potions","floor":22.0,"gold_loss":0.0,"damage_taken":0.0},{"damage_healed":0.0,"max_hp_gain":0.0,"max_hp_loss":0.0,"gold_gain":0.0,"event_name":"SensoryStone","player_choice":"Memory 1","floor":38.0,"gold_loss":0.0,"damage_taken":0.0}],"is_beta":false,"boss_relics":[{"not_picked":["SacredBark","Runic Dome"],"picked":"Black Star"},{"not_picked":["Snecko Eye","Velvet Choker"],"picked":"Runic Pyramid"}],"items_purged_floors":[11,31],"is_endless":false,"potions_floor_spawned":[1,3,10,14,16,18,21,27,28,44],"killed_by":"Writhing Mass","ascension_level":0}}