{"host":"b7j598ve05halrwk","time":1609739531,"event":{"mods":["2.2 Compatiblity","BaseMod","Block Reminder","DeckTracker","Minty Spire (QoL Compilation)","Relic Stats","Slay the Relics Exporter","StSLib","ojb\u0027s Better Paths Mod","ojb\u0027s Info Mod"],"gold_per_floor":[115,115,40,55,71,98,57,67,146,146,165,194,103,159,159,236,236,246,3,32,47,60,60,70,70,96,96,125,152,183,199,199,278,278,295,307,307,35,53,84,306,357,428,428,454,464,495,518,530,542,554,566,578,72,100,100],"floor_reached":57,"playtime":7457,"items_purged":["Pain","Strike_B"],"score":2955,"play_id":"0b9dc189-37ba-4c57-9231-c93e578d2688","local_time":"20210104005211","is_ascension_mode":true,"campfire_choices":[{"data":"Sunder","floor":10.0,"key":"SMITH"},{"floor":15.0,"key":"REST"},{"data":"Echo Form","floor":23.0,"key":"SMITH"},{"data":"Seek","floor":25.0,"key":"SMITH"},{"data":"Reinforced Body","floor":32.0,"key":"SMITH"},{"data":"Defragment","floor":44.0,"key":"SMITH"},{"floor":49.0,"key":"RECALL"},{"floor":53,"key":"REST"}],"circlet_count":0,"master_deck":["AscendersBane","Strike_B","Strike_B","Strike_B","Defend_B","Defend_B","Defend_B","Defend_B","Zap","Dualcast","Compile Driver","Hello World","Sweeping Beam","Seek+1","Genetic Algorithm","Doom and Gloom+1","Leap","Auto Shields","Go for the Eyes+1","Echo Form+1","Sweeping Beam+1","Auto Shields","Glacier","White Noise","RitualDagger+1","Reinforced Body+1","Turbo+1","BootSequence","Multi-Cast","Defragment+1","Defragment","Glacier","Glacier","Rainbow","Tempest","Glacier"],"relics":["Sozu","WarpedTongs","Torii","Molten Egg 2","Lantern","Runic Pyramid","Bag of Preparation","Red Mask","Strawberry","Regal Pillow","Bronze Scales","Juzu Bracelet","Velvet Choker","Question Card","Dream Catcher","Girya","PreservedInsect","MawBank","Incense Burner","FossilizedHelix"],"acts_visited":["TheCity","TheBeyond","TheEnding"],"potions_floor_usage":[],"damage_taken":[{"damage":9.0,"enemies":"2 Louse","floor":1.0,"turns":3.0},{"damage":0.0,"enemies":"Cultist","floor":4.0,"turns":3.0},{"damage":8.0,"enemies":"Small Slimes","floor":5.0,"turns":3.0},{"damage":15.0,"enemies":"Lagavulin","floor":6.0,"turns":7.0},{"damage":0.0,"enemies":"2 Fungi Beasts","floor":8.0,"turns":2.0},{"damage":7.0,"enemies":"Blue Slaver","floor":11.0,"turns":3.0},{"damage":11.0,"enemies":"Gremlin Nob","floor":12.0,"turns":3.0},{"damage":8.0,"enemies":"The Guardian","floor":16.0,"turns":10.0},{"damage":9.0,"enemies":"3 Byrds","floor":18.0,"turns":4.0},{"damage":1.0,"enemies":"Masked Bandits","floor":20.0,"turns":3.0},{"damage":0.0,"enemies":"2 Thieves","floor":21.0,"turns":4.0},{"damage":2.0,"enemies":"Chosen and Byrds","floor":22.0,"turns":8.0},{"damage":2.0,"enemies":"Snake Plant","floor":24.0,"turns":5.0},{"damage":4.0,"enemies":"Book of Stabbing","floor":28.0,"turns":6.0},{"damage":0.0,"enemies":"Gremlin Leader","floor":30.0,"turns":7.0},{"damage":0.0,"enemies":"Snecko","floor":31.0,"turns":9.0},{"damage":2.0,"enemies":"Collector","floor":33.0,"turns":11.0},{"damage":1.0,"enemies":"Orb Walker","floor":35.0,"turns":4.0},{"damage":0.0,"enemies":"3 Shapes","floor":36.0,"turns":9.0},{"damage":1.0,"enemies":"Jaw Worm Horde","floor":39.0,"turns":6.0},{"damage":0.0,"enemies":"Giant Head","floor":40.0,"turns":9.0},{"damage":8.0,"enemies":"2 Orb Walkers","floor":42.0,"turns":6.0},{"damage":13.0,"enemies":"Reptomancer","floor":45.0,"turns":6.0},{"damage":11.0,"enemies":"Transient","floor":46.0,"turns":6.0},{"damage":0.0,"enemies":"Nemesis","floor":47.0,"turns":7.0},{"damage":0.0,"enemies":"3 Darklings","floor":48.0,"turns":6.0},{"damage":15,"enemies":"Awakened One","floor":50,"turns":20},{"damage":14,"enemies":"Time Eater","floor":51,"turns":16},{"damage":0,"enemies":"Shield and Spear","floor":55,"turns":4},{"damage":42,"enemies":"The Heart","floor":56,"turns":12}],"seed_played":"4081329157466001999","potions_obtained":[],"is_trial":false,"path_per_floor":["M","?","$","M","M","E","$","M","T","R","M","E","$","?","R","B",null,"M","$","?","M","M","R","M","R","T","?","E","T","E","M","R","B",null,"M","M","?","$","M","E","?","?","T","R","E","M","E","M","R","B","B",null,"R","$","E","B",null],"character_chosen":"DEFECT","items_purchased":["Sunder","Auto Shields","Go for the Eyes+1","Bag of Preparation","Auto Shields","Question Card","Incense Burner","Glacier"],"campfire_rested":2,"item_purchase_floors":[7,13,13,19,19,38,54,54],"current_hp_per_floor":[55,55,55,55,47,32,32,32,32,32,25,14,14,14,35,27,60,51,51,50,50,48,48,46,46,53,47,43,43,43,43,43,41,69,68,68,68,68,67,67,67,59,59,59,46,35,35,35,35,20,6,60,78,78,78,36],"gold":100,"neow_bonus":"BOSS_RELIC","is_daily":false,"chose_seed":false,"campfire_upgraded":5,"win_rate":0.0,"timestamp":1609739531,"path_taken":["M","?","?","M","M","E","$","?","T","R","M","E","$","?","R","BOSS","M","$","?","M","M","R","M","R","T","?","E","?","E","M","R","BOSS","M","M","?","$","M","E","?","?","T","R","E","M","E","M","R","BOSS","BOSS","R","$","E","BOSS"],"items_purchased_type":["Card","Card","Card","Relic","Card","Relic","Relic","Card"],"build_version":"2020-12-22","purchased_purges":2,"victory":true,"max_hp_per_floor":[71,71,71,71,71,71,71,71,71,71,71,71,71,71,71,71,71,71,71,71,71,71,71,71,71,78,78,78,78,78,78,78,78,78,78,78,78,78,78,78,78,78,78,78,78,78,78,78,78,78,78,78,78,78,78,78],"relic_stats":{"Regal Pillow":0,"Torii":49,"counters":[30,202],"PreservedInsect":140,"Bag of Preparation":[42],"Juzu Bracelet":0,"Question Card":9,"MawBank":84,"WarpedTongs":[199],"Sozu":12,"Dream Catcher":1,"Bronze Scales":[624],"obtain_stats":[{"Girya":42,"Lantern":12,"Regal Pillow":28,"Torii":6,"Velvet Choker":34,"PreservedInsect":45,"Bag of Preparation":19,"Juzu Bracelet":30,"Incense Burner":54,"Question Card":38,"MawBank":47,"WarpedTongs":2,"Sozu":0,"Dream Catcher":40,"Strawberry":26,"Bronze Scales":29,"Molten Egg 2":9,"Red Mask":20,"Cracked Core":0,"FossilizedHelix":55,"Runic Pyramid":17},{"Girya":22,"Lantern":7,"Regal Pillow":14,"Torii":4,"Velvet Choker":17,"PreservedInsect":23,"Bag of Preparation":9,"Juzu Bracelet":15,"Incense Burner":28,"Question Card":19,"MawBank":25,"WarpedTongs":1,"Sozu":0,"Dream Catcher":21,"Strawberry":13,"Bronze Scales":14,"Molten Egg 2":5,"Red Mask":10,"Cracked Core":0,"FossilizedHelix":29,"Runic Pyramid":8},{"Girya":125,"Lantern":24,"Regal Pillow":64,"Torii":16,"Velvet Choker":91,"PreservedInsect":131,"Bag of Preparation":38,"Juzu Bracelet":71,"Incense Burner":186,"Question Card":104,"MawBank":144,"WarpedTongs":3,"Sozu":0,"Dream Catcher":119,"Strawberry":58,"Bronze Scales":64,"Molten Egg 2":18,"Red Mask":41,"Cracked Core":0,"FossilizedHelix":190,"Runic Pyramid":34}]},"card_choices":[{"not_picked":["Coolheaded","Leap"],"picked":"Compile Driver","floor":1.0},{"not_picked":["Hologram","Redo"],"picked":"Hello World","floor":4.0},{"not_picked":["Seek","Redo"],"picked":"Sweeping Beam","floor":5.0},{"not_picked":["Darkness","Recycle"],"picked":"Seek","floor":6.0},{"not_picked":["Conserve Battery","Streamline"],"picked":"Genetic Algorithm","floor":8.0},{"not_picked":["Chill","Rebound+1"],"picked":"Doom and Gloom+1","floor":11.0},{"not_picked":["Lockon+1","Redo"],"picked":"Leap","floor":12.0},{"not_picked":["Buffer","Creative AI"],"picked":"Echo Form","floor":16.0},{"not_picked":["Barrage+1","Compile Driver+1"],"picked":"Sweeping Beam+1","floor":18.0},{"not_picked":["FTL+1","Cold Snap+1"],"picked":"Glacier","floor":21.0},{"not_picked":["Compile Driver+1","Go for the Eyes+1"],"picked":"White Noise","floor":22.0},{"not_picked":["Cold Snap+1","Conserve Battery","Creative AI"],"picked":"SKIP","floor":24.0},{"not_picked":["Barrage+1","Conserve Battery"],"picked":"Reinforced Body","floor":28.0},{"not_picked":["Ball Lightning+1","Streamline+1"],"picked":"Turbo+1","floor":30.0},{"not_picked":["Scrape+1","Heatsinks+1"],"picked":"BootSequence","floor":31.0},{"not_picked":["Electrodynamics","Thunder Strike+1"],"picked":"Multi-Cast","floor":33.0},{"not_picked":["Reinforced Body","Ball Lightning+1"],"picked":"Defragment","floor":35.0},{"not_picked":["Beam Cell+1","Go for the Eyes+1"],"picked":"Defragment","floor":36.0},{"not_picked":["Heatsinks","Cold Snap+1","Gash+1"],"picked":"Glacier","floor":39.0},{"not_picked":["Streamline+1","Conserve Battery+1","Scrape+1","Compile Driver+1"],"picked":"SKIP","floor":40.0},{"not_picked":["Conserve Battery","Skim+1","Leap"],"picked":"Glacier","floor":42.0},{"not_picked":["Scrape+1","Compile Driver+1","Force Field","Conserve Battery+1"],"picked":"SKIP","floor":45.0},{"not_picked":["Gash+1","Storm+1","Ball Lightning+1","Double Energy"],"picked":"SKIP","floor":46.0},{"not_picked":["Hologram","Redo","Steam+1"],"picked":"Rainbow","floor":47.0},{"not_picked":["Hello World","Cold Snap+1","Turbo","Undo"],"picked":"SKIP","floor":48.0},{"not_picked":["Hello World","Cold Snap+1","Turbo","Undo"],"picked":"SKIP","floor":48.0},{"not_picked":["Barrage+1","Gash+1","Streamline+1"],"picked":"Tempest","floor":53},{"not_picked":["Barrage+1","Undo","Self Repair","Fusion+1"],"picked":"SKIP","floor":55}],"player_experience":793151,"relics_obtained":[{"floor":6.0,"key":"Torii"},{"floor":9.0,"key":"Molten Egg 2"},{"floor":12.0,"key":"Lantern"},{"floor":20.0,"key":"Red Mask"},{"floor":26.0,"key":"Strawberry"},{"floor":28.0,"key":"Regal Pillow"},{"floor":29.0,"key":"Bronze Scales"},{"floor":30.0,"key":"Juzu Bracelet"},{"floor":40.0,"key":"Dream Catcher"},{"floor":42.0,"key":"Girya"},{"floor":45.0,"key":"PreservedInsect"},{"floor":47.0,"key":"MawBank"},{"floor":55,"key":"FossilizedHelix"}],"event_choices":[{"damage_healed":0.0,"max_hp_gain":0.0,"max_hp_loss":0.0,"gold_gain":0.0,"event_name":"Accursed Blacksmith","player_choice":"Rummage","floor":2.0,"gold_loss":0.0,"damage_taken":0.0,"relics_obtained":["WarpedTongs"],"cards_obtained":["Pain"]},{"damage_healed":0.0,"max_hp_gain":0.0,"max_hp_loss":0.0,"gold_gain":56.0,"event_name":"Golden Wing","player_choice":"Gained Gold","floor":14.0,"gold_loss":0.0,"damage_taken":0.0},{"damage_healed":0.0,"max_hp_gain":0.0,"max_hp_loss":0.0,"gold_gain":0.0,"event_name":"Masked Bandits","player_choice":"Fought Bandits","floor":20.0,"gold_loss":0.0,"damage_taken":0.0},{"damage_healed":0.0,"max_hp_gain":0.0,"max_hp_loss":0.0,"gold_gain":0.0,"event_name":"Nest","player_choice":"Joined the Cult","floor":27.0,"gold_loss":0.0,"damage_taken":6.0,"cards_obtained":["RitualDagger"]},{"cards_removed":["Sunder"],"damage_healed":0.0,"max_hp_gain":0.0,"max_hp_loss":0.0,"gold_gain":0.0,"event_name":"Falling","player_choice":"Removed Attack","floor":37.0,"gold_loss":0.0,"damage_taken":0.0},{"damage_healed":0.0,"max_hp_gain":0.0,"max_hp_loss":0.0,"gold_gain":222.0,"event_name":"Tomb of Lord Red Mask","player_choice":"Wore Mask","floor":41.0,"gold_loss":0.0,"damage_taken":0.0},{"damage_healed":0.0,"max_hp_gain":0.0,"max_hp_loss":0.0,"gold_gain":0.0,"event_name":"Mysterious Sphere","player_choice":"Fight","floor":42.0,"gold_loss":0.0,"damage_taken":0.0}],"is_beta":false,"boss_relics":[{"not_picked":["SacredBark","Empty Cage"],"picked":"Runic Pyramid"},{"not_picked":["Black Star","Busted Crown"],"picked":"Velvet Choker"}],"items_purged_floors":[3,54],"is_endless":false,"potions_floor_spawned":[5,8,11,16,20,21,22,31,35,36,45,47],"ascension_level":20}}