{"host":"mydft8i2zzydgggw","time":1609785416,"event":{"mods":["AchievementEnabler","BaseMod","Colored Map","Colored Powertips","Keyboard Shortcuts","Minty Spire (QoL Compilation)","Quick Restart","StSLib","SuperFastMode","The Poker Player"],"gold_per_floor":[113,128,128,148,323,323,213,241,287,316,326,154,154,69,69,164,164,178,196,246,260,260,260],"floor_reached":22,"playtime":490,"items_purged":["Doubt","Strike_G"],"score":309,"play_id":"c50921d7-d83c-46b4-ac0f-9994df2441b5","local_time":"20210105033656","is_ascension_mode":true,"campfire_choices":[{"data":"A Thousand Cuts","floor":6.0,"key":"SMITH"},{"data":"Accuracy","floor":15.0,"key":"SMITH"}],"circlet_count":0,"master_deck":["Strike_G","Strike_G","Strike_G","Defend_G","Defend_G","Defend_G","Defend_G","Defend_G","Survivor","Neutralize","A Thousand Cuts+1","Predator","Infinite Blades","Accuracy","Infinite Blades","Accuracy+1","Adrenaline","Backflip"],"relics":["Ring of the Snake","Nunchaku","Blood Vial","Ornamental Fan"],"acts_visited":["Exordium","TheCity"],"potions_floor_usage":[22],"damage_taken":[{"damage":6.0,"enemies":"Jaw Worm","floor":1.0,"turns":4.0},{"damage":11.0,"enemies":"Small Slimes","floor":2.0,"turns":4.0},{"damage":2.0,"enemies":"Cultist","floor":4.0,"turns":4.0},{"damage":0.0,"enemies":"Lagavulin","floor":8.0,"turns":6.0},{"damage":5.0,"enemies":"Gremlin Nob","floor":10.0,"turns":4.0},{"damage":3.0,"enemies":"Looter","floor":11.0,"turns":3.0},{"damage":0.0,"enemies":"Hexaghost","floor":16.0,"turns":6.0},{"damage":41.0,"enemies":"3 Byrds","floor":18.0,"turns":4.0},{"damage":3.0,"enemies":"Chosen","floor":19.0,"turns":4.0},{"damage":11.0,"enemies":"Centurion and Healer","floor":21.0,"turns":4.0},{"damage":21,"enemies":"Snake Plant","floor":22,"turns":4}],"seed_played":"-1228244156596913283","potions_obtained":[{"floor":1.0,"key":"Block Potion"},{"floor":4.0,"key":"Regen Potion"},{"floor":8.0,"key":"Block Potion"},{"floor":13.0,"key":"Energy Potion"},{"floor":13.0,"key":"SmokeBomb"},{"floor":13.0,"key":"DistilledChaos"},{"floor":18.0,"key":"BlessingOfTheForge"},{"floor":21.0,"key":"Block Potion"}],"is_trial":false,"path_per_floor":["M","M","?","M","?","R","$","E","T","E","M","$","?","$","R","B",null,"M","M","?","M","M"],"character_chosen":"THE_SILENT","items_purchased":["Infinite Blades","Infinite Blades","Accuracy","PowerPotion"],"campfire_rested":0,"item_purchase_floors":[7,12,14,14],"current_hp_per_floor":[57,46,46,44,44,44,44,56,56,53,52,52,52,52,52,54,63,22,21,21,12,0,0],"gold":260,"neow_bonus":"THREE_RARE_CARDS","is_daily":false,"chose_seed":false,"campfire_upgraded":2,"win_rate":0.0,"timestamp":1609785416,"path_taken":["M","M","?","M","?","R","$","E","T","E","?","$","?","?","R","BOSS","M","M","?","M","?"],"items_purchased_type":["Card","Card","Card","Potion"],"build_version":"2020-12-22","purchased_purges":2,"victory":false,"max_hp_per_floor":[63,63,63,63,63,63,63,63,63,63,63,63,63,63,63,63,63,63,63,63,63,63,63],"card_choices":[{"not_picked":["Adrenaline","Corpse Explosion"],"picked":"A Thousand Cuts","floor":0.0},{"not_picked":["Escape Plan","Deflect","Slice"],"picked":"SKIP","floor":1.0},{"not_picked":["Expertise","Dagger Throw","Sucker Punch"],"picked":"SKIP","floor":2.0},{"not_picked":["Calculated Gamble","Poisoned Stab","Bullet Time"],"picked":"SKIP","floor":4.0},{"not_picked":["Underhanded Strike","Dagger Spray","Reflex"],"picked":"SKIP","floor":8.0},{"not_picked":["Choke","Skewer","All Out Attack"],"picked":"SKIP","floor":10.0},{"not_picked":["Terror","Dagger Throw"],"picked":"Accuracy","floor":11.0},{"not_picked":["Burst","Envenom"],"picked":"Adrenaline","floor":16.0},{"not_picked":["Sucker Punch","Bane"],"picked":"Backflip","floor":18.0},{"not_picked":["Well Laid Plans","PiercingWail","Distraction"],"picked":"SKIP","floor":19.0},{"not_picked":["Quick Slash","Outmaneuver","Sucker Punch"],"picked":"SKIP","floor":21.0}],"player_experience":100592,"relics_obtained":[{"floor":8.0,"key":"Nunchaku"},{"floor":9.0,"key":"Blood Vial"},{"floor":10.0,"key":"Ornamental Fan"}],"event_choices":[{"damage_healed":0.0,"max_hp_gain":0.0,"max_hp_loss":0.0,"gold_gain":0.0,"cards_transformed":["Strike_G"],"event_name":"Living Wall","player_choice":"Change","floor":3.0,"gold_loss":0.0,"damage_taken":0.0,"cards_obtained":["Predator"]},{"damage_healed":0.0,"max_hp_gain":0.0,"max_hp_loss":0.0,"gold_gain":175.0,"event_name":"Liars Game","player_choice":"AGREE","floor":5.0,"gold_loss":0.0,"damage_taken":0.0,"cards_obtained":["Doubt"]},{"damage_healed":0.0,"max_hp_gain":0.0,"max_hp_loss":0.0,"gold_gain":0.0,"event_name":"Lab","player_choice":"Got Potions","floor":13.0,"gold_loss":0.0,"damage_taken":0.0},{"damage_healed":0.0,"max_hp_gain":0.0,"max_hp_loss":0.0,"gold_gain":100.0,"event_name":"The Joust","player_choice":"Bet on Murderer","floor":20.0,"gold_loss":50.0,"damage_taken":0.0}],"is_beta":false,"boss_relics":[{"not_picked":[]}],"items_purged_floors":[7,12],"is_endless":false,"potions_floor_spawned":[1,4,8,18,21],"killed_by":"Snake Plant","ascension_level":3}}