{"host":"7sni158j623xchr2","time":1609802056,"event":{"mods":["BaseMod","Colored Map","Highlight Path","Minty Spire (QoL Compilation)","Permanent Neow","Potion Indicator Mod","Rare Cards Sparkle","Relic Sorter","Relic Stats","StSLib","everything is the same but u backflip on backflip"],"gold_per_floor":[110,110,121,21,32,63,63,98,98,117,117,117],"floor_reached":11,"playtime":232,"items_purged":["Strike_G"],"score":95,"play_id":"c892e029-2d3e-48cf-b268-507cc5c33e5f","local_time":"20210104171416","is_ascension_mode":true,"campfire_choices":[],"circlet_count":0,"master_deck":["Strike_G","Strike_G","Strike_G","Strike_G","Defend_G","Defend_G","Defend_G","Defend_G","Defend_G","Survivor","Neutralize","All Out Attack","Dagger Spray","Deadly Poison","Flying Knee","Bullet Time"],"relics":["Ring of the Snake","NeowsBlessing","Darkstone Periapt","Girya","FaceOfCleric","Vajra","Ice Cream"],"acts_visited":["Exordium"],"potions_floor_usage":[8,11,11,11],"damage_taken":[{"damage":0,"enemies":"Jaw Worm","floor":1,"turns":1},{"damage":0,"enemies":"Cultist","floor":3,"turns":1},{"damage":0,"enemies":"2 Louse","floor":5,"turns":1},{"damage":40,"enemies":"Lagavulin","floor":6,"turns":8},{"damage":5,"enemies":"3 Sentries","floor":8,"turns":3},{"damage":7,"enemies":"Exordium Wildlife","floor":10,"turns":4},{"damage":13,"enemies":"Gremlin Nob","floor":11,"turns":4}],"seed_played":"826910967584026281","potions_obtained":[{"floor":3,"key":"Explosive Potion"},{"floor":6,"key":"SpeedPotion"},{"floor":8,"key":"SpeedPotion"},{"floor":10,"key":"LiquidBronze"}],"is_trial":false,"path_per_floor":["M","?","M","$","M","E","?","E","T","M","E"],"character_chosen":"THE_SILENT","items_purchased":["Deadly Poison"],"campfire_rested":0,"item_purchase_floors":[4],"current_hp_per_floor":[70,63,63,63,63,23,23,19,19,13,0,0],"gold":117,"neow_bonus":"THREE_ENEMY_KILL","is_daily":false,"chose_seed":false,"campfire_upgraded":0,"win_rate":0.0,"timestamp":1609802056,"path_taken":["M","?","M","$","M","E","?","E","T","?","E"],"items_purchased_type":["Card"],"build_version":"2020-12-22","purchased_purges":1,"victory":false,"max_hp_per_floor":[70,70,70,70,70,70,70,71,71,72,72,72],"relic_stats":{"Darkstone Periapt":0,"FaceOfCleric":2,"counters":[7,22],"obtain_stats":[{"Darkstone Periapt":2,"Ice Cream":9,"Girya":6,"NeowsBlessing":0,"FaceOfCleric":7,"Vajra":8,"Ring of the Snake":0},{"Darkstone Periapt":1,"Ice Cream":5,"Girya":4,"NeowsBlessing":0,"FaceOfCleric":4,"Vajra":5,"Ring of the Snake":0},{"Darkstone Periapt":1,"Ice Cream":14,"Girya":11,"NeowsBlessing":0,"FaceOfCleric":11,"Vajra":14,"Ring of the Snake":0}],"Ring of the Snake":[14]},"card_choices":[{"not_picked":["Poisoned Stab","Quick Slash"],"picked":"All Out Attack","floor":1},{"not_picked":["Slice","Finisher"],"picked":"Dagger Spray","floor":3},{"not_picked":["Prepared","Blade Dance"],"picked":"Flying Knee","floor":5},{"not_picked":["Underhanded Strike","Tactician"],"picked":"Bullet Time","floor":6},{"not_picked":["Quick Slash","Concentrate","Outmaneuver"],"picked":"SKIP","floor":8},{"not_picked":["Deadly Poison","Bane","Prepared"],"picked":"SKIP","floor":10}],"player_experience":1592324,"relics_obtained":[{"floor":6,"key":"Girya"},{"floor":8,"key":"Vajra"},{"floor":9,"key":"Ice Cream"}],"event_choices":[{"damage_healed":0,"gold_gain":0,"player_choice":"Success","damage_taken":7,"relics_obtained":["Darkstone Periapt"],"max_hp_gain":0,"max_hp_loss":0,"event_name":"Scrap Ooze","floor":2,"gold_loss":0},{"damage_healed":0,"gold_gain":0,"player_choice":"Trade","damage_taken":0,"relics_obtained":["FaceOfCleric"],"max_hp_gain":0,"max_hp_loss":0,"event_name":"FaceTrader","floor":7,"gold_loss":0}],"is_beta":false,"boss_relics":[],"items_purged_floors":[4],"is_endless":false,"potions_floor_spawned":[3,6,8,10],"killed_by":"Gremlin Nob","ascension_level":3}}