{"host":"jkgg7n5hn1slsm35","time":1609766399,"event":{"mods":["Aspiration","BaseMod","BetterRewards","Conspire","Googly Eyes","Gremlin Skip","Halation","Highlight Path","Hubris","Infinite Spire","Minty Spire (QoL Compilation)","Permanent Neow","StSLib","SuperFastMode","vexMod"],"gold_per_floor":[117,137,40,60,60,93,112,112,184,184,201,201,233,158,158,253,253,267,287,317,42,58,92,92,117,117,117,150,150,25,44,44,141,141,153,171,183,136,154,154,154,154],"floor_reached":41,"playtime":1120,"items_purged":["Deadly Poison","Deadly Poison","Bouncing Flask"],"score":556,"play_id":"f44c7a66-d5a9-438c-90be-1183171d8afa","local_time":"20210104141959","daily_mods":["SealedDeck","Heirloom","Time Dilation","DeadlyEvents","Elite Swarm","Lethality"],"is_ascension_mode":false,"campfire_choices":[{"data":"Noxious Fumes","floor":8,"key":"SMITH"},{"data":"Poisoned Stab","floor":10,"key":"SMITH"},{"data":"Dagger Spray","floor":12,"key":"SMITH"},{"data":"After Image","floor":15,"key":"SMITH"},{"floor":24,"key":"REST"},{"data":"Panache","floor":27,"key":"SMITH"},{"floor":29,"key":"REST"},{"data":"Envenom","floor":32,"key":"SMITH"},{"floor":40,"key":"REST"}],"circlet_count":0,"master_deck":["Quick Slash","Quick Slash","Dagger Spray+1","Flying Knee","Deflect","Dodge and Roll","Dodge and Roll","Deflect","Noxious Fumes+1","Poisoned Stab+1","Deflect","After Image+1","Adrenaline","Poisoned Stab","PiercingWail","After Image","Envenom+1","Panache+1","Poisoned Stab","After Image","Adrenaline","Quick Slash+1","Poisoned Stab"],"relics":["Ring of the Serpent","Thread and Needle","vexMod:HeadHunter","hubris:DeckOfHolding","Blood Vial","MawBank","Happy Flower","PreservedInsect","aspiration:SneckoTail","infinitespire:Lychee Nut"],"acts_visited":["Exordium","TheCity","TheBeyond"],"potions_floor_usage":[13,28],"damage_taken":[{"damage":0,"enemies":"Cultist","floor":1,"turns":2},{"damage":0,"enemies":"Small Slimes","floor":2,"turns":2},{"damage":0,"enemies":"Jaw Worm","floor":4,"turns":2},{"damage":9,"enemies":"3 Sentries","floor":6,"turns":4},{"damage":0,"enemies":"Gremlin Gang","floor":7,"turns":1},{"damage":0,"enemies":"Looter","floor":11,"turns":2},{"damage":7,"enemies":"Gremlin Nob","floor":13,"turns":3},{"damage":11,"enemies":"The Guardian","floor":16,"turns":7},{"damage":0,"enemies":"conspire:FuzzyDice","floor":18,"turns":4},{"damage":0,"enemies":"2 Thieves","floor":19,"turns":2},{"damage":25,"enemies":"Book of Stabbing","floor":20,"turns":5},{"damage":0,"enemies":"Snecko","floor":22,"turns":5},{"damage":14,"enemies":"Nightmare","floor":23,"turns":6},{"damage":13,"enemies":"conspire:SneckoGhost","floor":25,"turns":8},{"damage":27,"enemies":"Slavers","floor":28,"turns":3},{"damage":17,"enemies":"Cultist and Chosen","floor":31,"turns":5},{"damage":0,"enemies":"Collector","floor":33,"turns":7},{"damage":0,"enemies":"3 Shapes","floor":35,"turns":1},{"damage":12,"enemies":"3 Darklings","floor":36,"turns":3},{"damage":13,"enemies":"4 Shapes","floor":37,"turns":4},{"damage":10,"enemies":"Spire Growth","floor":39,"turns":4},{"damage":57,"enemies":"Nemesis","floor":41,"turns":4}],"seed_played":"6651881977802298616","potions_obtained":[{"floor":2,"key":"GhostInAJar"},{"floor":7,"key":"PowerPotion"},{"floor":11,"key":"conspire:TimeTravelPotion"},{"floor":20,"key":"FearPotion"},{"floor":28,"key":"SpeedPotion"}],"is_trial":true,"path_per_floor":["M","M","$","M","?","E","M","R","T","R","M","R","E","$","R","B",null,"M","M","E","$","M","NM","R","E","T","R","E","R","$","M","R","B",null,"M","M","M","$","M","R","E"],"character_chosen":"THE_SILENT","items_purchased":["Noxious Fumes","Poisoned Stab","Panache","Poisoned Stab"],"campfire_rested":3,"item_purchase_floors":[3,3,21,38],"current_hp_per_floor":[70,70,70,70,70,61,61,61,61,61,61,61,54,54,54,45,70,70,70,45,45,47,35,56,45,45,45,47,52,52,35,35,43,52,52,42,37,37,35,50,0,0],"gold":154,"neow_bonus":"","is_daily":false,"chose_seed":false,"campfire_upgraded":6,"win_rate":0.0,"timestamp":1609766399,"path_taken":["M","M","$","?","?","E","M","R","T","R","M","R","E","$","R","BOSS","M","?","?","$","?","NM","R","E","T","R","E","R","$","M","R","BOSS","M","M","M","$","M","R","E"],"items_purchased_type":["Card","Card","Card","Card"],"build_version":"2020-12-22","purchased_purges":3,"victory":false,"max_hp_per_floor":[70,70,70,70,70,70,70,70,70,70,70,70,70,70,70,70,70,70,70,70,70,70,70,70,70,70,70,52,52,52,52,52,52,52,52,52,52,52,52,52,52,52],"card_choices":[{"not_picked":["Outmaneuver","Backflip"],"picked":"Deflect","floor":1},{"not_picked":["Tactician","Underhanded Strike","Well Laid Plans"],"picked":"SKIP","floor":2},{"not_picked":["Cloak And Dagger","Slice"],"picked":"Deflect","floor":4},{"not_picked":["Grand Finale","Night Terror","Corpse Explosion"],"picked":"SKIP","floor":6},{"not_picked":["Acrobatics","Blade Dance","Underhanded Strike"],"picked":"SKIP","floor":7},{"not_picked":["Deadly Poison","Outmaneuver","Underhanded Strike"],"picked":"SKIP","floor":11},{"not_picked":["aspiration:Lunge","Doppelganger"],"picked":"After Image","floor":13},{"not_picked":["Storm of Steel","Grand Finale","Unload"],"picked":"SKIP","floor":13},{"not_picked":["Grand Finale","Die Die Die"],"picked":"Adrenaline","floor":16},{"not_picked":["Eviscerate+1","Flechettes+1"],"picked":"Poisoned Stab","floor":18},{"not_picked":["Predator","Eviscerate+1"],"picked":"PiercingWail","floor":19},{"not_picked":["Wraith Form v2","Die Die Die"],"picked":"After Image","floor":20},{"not_picked":["Venomology","Tools of the Trade"],"picked":"Envenom","floor":20},{"not_picked":["Riddle With Holes","hubris:SlightOfHand"],"picked":"Poisoned Stab","floor":22},{"not_picked":["A Thousand Cuts","Grand Finale"],"picked":"After Image","floor":23},{"not_picked":["Venomology","Malaise","Glass Knife"],"picked":"SKIP","floor":23},{"not_picked":["Envenom","Corpse Explosion"],"picked":"Adrenaline","floor":25},{"not_picked":["Tools of the Trade","infinitespire:Neurotoxin","A Thousand Cuts"],"picked":"SKIP","floor":25},{"not_picked":["Corpse Explosion","Night Terror","Venomology"],"picked":"SKIP","floor":28},{"not_picked":["Malaise","Envenom","Wraith Form v2"],"picked":"SKIP","floor":28},{"not_picked":["Outmaneuver","hubris:SlightOfHand","Acrobatics"],"picked":"SKIP","floor":31},{"not_picked":["Skewer","Acrobatics+1","Setup+1"],"picked":"SKIP","floor":35},{"not_picked":["Dagger Throw+1","Blade Dance"],"picked":"Quick Slash+1","floor":36},{"not_picked":["Tactician+1","hubris:SlightOfHand","conspire:DoublingDagger"],"picked":"SKIP","floor":37},{"not_picked":["Quick Slash+1","Eviscerate+1","Skewer+1"],"picked":"SKIP","floor":39}],"player_experience":1815656,"relics_obtained":[{"floor":6,"key":"vexMod:HeadHunter"},{"floor":9,"key":"hubris:DeckOfHolding"},{"floor":13,"key":"Blood Vial"},{"floor":20,"key":"MawBank"},{"floor":23,"key":"Happy Flower"},{"floor":25,"key":"PreservedInsect"},{"floor":26,"key":"aspiration:SneckoTail"},{"floor":28,"key":"infinitespire:Lychee Nut"}],"event_choices":[{"damage_healed":0,"gold_gain":0,"player_choice":"Ignored","damage_taken":0,"max_hp_gain":0,"max_hp_loss":0,"event_name":"NoteForYourself","floor":5,"gold_loss":0}],"is_beta":false,"boss_relics":[{"not_picked":["WristBlade","Snecko Eye","halation:Prosthetics"]},{"not_picked":["SacredBark","SlaversCollar"],"picked":"Ring of the Serpent"}],"items_purged_floors":[14,21,30],"is_endless":true,"potions_floor_spawned":[2,7,11,20,25,28,33,36,39],"killed_by":"Nemesis","ascension_level":0}}