{"host":"nox","time":1609779142,"event":{"mods":["Act Like it!","Aspiration","BaseMod","Better Altar","Better Match","Better Note","Better Sensory Stone","Better Skull","Better Third Choice","BetterRewards","Colored Powertips","Conspire","Energized Spire","GifTheSpireLib","Hubris","Infinite Spire","Minty Spire (QoL Compilation)","Pale of the Ancients","Quick Restart","Rare Cards Sparkle","Replay The Spire","Shop Mod","Spikes Relics","StSLib","Stuff the Spire","SuperFastMode","The Alterego","vexMod"],"gold_per_floor":[115,126,126,136,154,183,183,212,212,223,223,274,309,327,327,327,327],"floor_reached":16,"playtime":625,"items_purged":[],"score":214,"play_id":"a7d6f0df-447f-4d41-b190-82876497b8b4","local_time":"20210104235222","is_ascension_mode":true,"campfire_choices":[{"floor":11.0,"key":"REST"},{"data":"Armaments","floor":15,"key":"SMITH"}],"circlet_count":0,"master_deck":["AscendersBane","conspire:GhostlyStrike","conspire:GhostlyStrike","conspire:GhostlyStrike","conspire:GhostlyStrike","conspire:GhostlyStrike","conspire:GhostlyDefend","conspire:GhostlyDefend","conspire:GhostlyDefend","Bash","Flex","BarbarianYell","Clothesline","ReplayTheSpireMod:Muscle Training","Heavy Blade","Armaments+1","Searing Blow","Armaments"],"relics":["Burning Blood","ReplayFunnel","aspiration:TomeofQuesting","hubris:MysteriousPyramids","Torii"],"acts_visited":["Exordium"],"potions_floor_usage":[],"damage_taken":[{"damage":2.0,"enemies":"2 Louse","floor":1.0,"turns":4.0},{"damage":5.0,"enemies":"Cultist","floor":2.0,"turns":4.0},{"damage":21.0,"enemies":"Jaw Worm","floor":4.0,"turns":4.0},{"damage":11.0,"enemies":"Blue Slaver","floor":5.0,"turns":4.0},{"damage":27.0,"enemies":"3 Sentries","floor":6.0,"turns":5.0},{"damage":30.0,"enemies":"Lagavulin","floor":8.0,"turns":8.0},{"damage":9.0,"enemies":"2 Fungi Beasts","floor":10.0,"turns":3.0},{"damage":15.0,"enemies":"3 Sentries","floor":13.0,"turns":8.0},{"damage":9.0,"enemies":"Exordium Wildlife","floor":14.0,"turns":3.0},{"damage":58,"enemies":"Fading Forest","floor":16,"turns":10}],"seed_played":"6244441383990264328","potions_obtained":[{"floor":4.0,"key":"ColorlessPotion"},{"floor":5.0,"key":"Energy Potion"},{"floor":6.0,"key":"Dexterity Potion"},{"floor":14.0,"key":"SmokeBomb"}],"is_trial":false,"path_per_floor":["M","M","?","M","M","E","?","E","T","M","R","T","E","M","R","B"],"character_chosen":"IRONCLAD","items_purchased":[],"campfire_rested":1,"item_purchase_floors":[],"current_hp_per_floor":[84,85,85,70,65,44,44,20,20,17,43,43,34,31,31,0,0],"gold":327,"neow_bonus":"TEN_PERCENT_HP_BONUS","is_daily":false,"chose_seed":false,"campfire_upgraded":1,"win_rate":0.0,"timestamp":1609779142,"path_taken":["M","M","?","M","?","E","?","E","T","M","R","?","E","M","R","BOSS"],"items_purchased_type":[],"build_version":"2020-11-17","purchased_purges":0,"victory":false,"max_hp_per_floor":[88,88,88,88,88,88,88,88,88,88,88,88,88,88,88,88,88],"card_choices":[{"not_picked":["hubris:ReadiedAction","StuffTheSpire:RockThrow"],"picked":"Flex","floor":1.0},{"not_picked":["Reckless Charge","Infernal Blade","Wild Strike"],"picked":"SKIP","floor":2.0},{"not_picked":["hubris:SharpeningStone","Warcry"],"picked":"BarbarianYell","floor":4.0},{"not_picked":["Run Through","StuffTheSpire:BloodClot"],"picked":"Clothesline","floor":5.0},{"not_picked":["Headbutt","StuffTheSpire:Incineration"],"picked":"ReplayTheSpireMod:Muscle Training","floor":6.0},{"not_picked":["Body Slam","Hemogenesis"],"picked":"Heavy Blade","floor":8.0},{"not_picked":["Disarm","Combust"],"picked":"Armaments","floor":10.0},{"not_picked":["hubris:SharpeningStone","Demonic Infusion"],"picked":"Searing Blow","floor":13.0},{"not_picked":["hubris:ReadiedAction","Flex"],"picked":"Armaments","floor":14.0}],"player_experience":309023,"relics_obtained":[{"floor":6.0,"key":"ReplayFunnel"},{"floor":8.0,"key":"aspiration:TomeofQuesting"},{"floor":9.0,"key":"hubris:MysteriousPyramids"},{"floor":13.0,"key":"Torii"}],"event_choices":[{"cards_removed":["Defend_R"],"damage_healed":0.0,"max_hp_gain":0.0,"max_hp_loss":0.0,"gold_gain":0.0,"event_name":"Bonfire Elementals","player_choice":"Offered Basic","floor":3.0,"gold_loss":0.0,"damage_taken":0.0},{"damage_healed":0.0,"max_hp_gain":0.0,"max_hp_loss":0.0,"gold_gain":0.0,"event_name":"conspire:LoneGhost","player_choice":"Agree","floor":7.0,"gold_loss":0.0,"damage_taken":0.0}],"is_beta":true,"boss_relics":[],"items_purged_floors":[],"is_endless":false,"potions_floor_spawned":[4,5,6,14],"killed_by":"Fading Forest","ascension_level":11}}