{"host":"gc9rk8b4vlc0bstx","time":1609721925,"event":{"mods":["Ascension Unlocker","BaseMod","Minty Spire (QoL Compilation)","Permanent Neow","Relic Stats","StSLib"],"gold_per_floor":[359,5,5,5,5,5,39,11,11,42,55,71,15,50,50,127,127,127,127,127],"floor_reached":19,"playtime":1096,"items_purged":["Defend_P"],"score":416,"play_id":"763f08b7-b0c2-4277-b999-5c567cbf52ed","local_time":"20210103165845","is_ascension_mode":true,"campfire_choices":[{"data":"Consecrate","floor":6.0,"key":"SMITH"},{"data":"CrushJoints","floor":15,"key":"SMITH"}],"circlet_count":0,"master_deck":["AscendersBane","Strike_P","Strike_P","Strike_P","Strike_P","Defend_P","Defend_P","Defend_P","Eruption+1","Vigilance","Consecrate+1","CrushJoints+1","EmptyFist","Blasphemy","FearNoEvil","WheelKick","Prostrate","Omniscience","Devotion"],"relics":["PureWater","Meat on the Bone","Omamori","Eternal Feather","Art of War","FossilizedHelix","Potion Belt","VioletLotus"],"acts_visited":["Exordium","TheCity"],"potions_floor_usage":[16,18,19],"damage_taken":[{"damage":2.0,"enemies":"Jaw Worm","floor":1.0,"turns":5.0},{"damage":32.0,"enemies":"3 Sentries","floor":7.0,"turns":10.0},{"damage":12.0,"enemies":"Lagavulin","floor":10.0,"turns":4.0},{"damage":0.0,"enemies":"Small Slimes","floor":11.0,"turns":3.0},{"damage":0.0,"enemies":"2 Louse","floor":12.0,"turns":1.0},{"damage":0,"enemies":"Gremlin Nob","floor":14,"turns":2},{"damage":45,"enemies":"The Guardian","floor":16,"turns":11},{"damage":0,"enemies":"3 Byrds","floor":18,"turns":1},{"damage":60,"enemies":"Masked Bandits","floor":19,"turns":3}],"seed_played":"-5740845394065028140","potions_obtained":[{"floor":12.0,"key":"SmokeBomb"},{"floor":14,"key":"SneckoOil"},{"floor":16,"key":"AttackPotion"}],"is_trial":false,"path_per_floor":["M","$","?","?","?","R","E","$","T","E","M","M","$","E","R","B",null,"M","?"],"character_chosen":"WATCHER","items_purchased":["Meat on the Bone","EmptyFist","Prostrate"],"campfire_rested":0,"item_purchase_floors":[2,8,13],"current_hp_per_floor":[59,59,59,33,33,33,13,13,13,13,25,37,37,37,46,13,50,50,0,0],"gold":127,"neow_bonus":"TWO_FIFTY_GOLD","is_daily":false,"chose_seed":false,"campfire_upgraded":2,"win_rate":0.0,"timestamp":1609721925,"path_taken":["M","$","?","?","?","R","E","?","T","E","M","M","$","E","R","BOSS","M","?"],"items_purchased_type":["Relic","Card","Card"],"build_version":"2020-12-22","purchased_purges":1,"victory":false,"max_hp_per_floor":[62,62,62,62,62,62,62,62,62,62,62,62,62,62,62,62,62,62,62,62],"relic_stats":{"counters":[9,40],"Eternal Feather":9,"VioletLotus":[0],"Art of War":[6],"obtain_stats":[{"Potion Belt":14,"Eternal Feather":7,"VioletLotus":17,"Omamori":4,"Art of War":9,"PureWater":0,"FossilizedHelix":10,"Meat on the Bone":2},{"Potion Belt":6,"Eternal Feather":2,"VioletLotus":7,"Omamori":1,"Art of War":2,"PureWater":0,"FossilizedHelix":3,"Meat on the Bone":1},{"Potion Belt":25,"Eternal Feather":15,"VioletLotus":36,"Omamori":5,"Art of War":15,"PureWater":0,"FossilizedHelix":19,"Meat on the Bone":5}],"Meat on the Bone":60},"card_choices":[{"not_picked":["FollowUp","Prostrate"],"picked":"Consecrate","floor":1.0},{"not_picked":["EmptyBody","Evaluate"],"picked":"CrushJoints","floor":7.0},{"not_picked":["BowlingBash","WheelKick"],"picked":"Blasphemy","floor":10.0},{"not_picked":["ThirdEye","Swivel"],"picked":"FearNoEvil","floor":11.0},{"not_picked":["Crescendo","PathToVictory"],"picked":"WheelKick","floor":12.0},{"not_picked":["Consecrate","CutThroughFate"],"picked":"Omniscience","floor":14},{"not_picked":["MasterReality","Judgement"],"picked":"Devotion","floor":16}],"player_experience":849825,"relics_obtained":[{"floor":7.0,"key":"Eternal Feather"},{"floor":9.0,"key":"Art of War"},{"floor":10.0,"key":"FossilizedHelix"},{"floor":14,"key":"Potion Belt"}],"event_choices":[{"damage_healed":0.0,"max_hp_gain":0.0,"max_hp_loss":0.0,"gold_gain":0.0,"event_name":"Liars Game","player_choice":"Ignored","floor":3.0,"gold_loss":0.0,"damage_taken":0.0},{"damage_healed":0.0,"max_hp_gain":0.0,"max_hp_loss":0.0,"gold_gain":0.0,"event_name":"Scrap Ooze","player_choice":"Success","floor":4.0,"gold_loss":0.0,"damage_taken":26.0,"relics_obtained":["Omamori"]},{"damage_healed":0.0,"max_hp_gain":0.0,"max_hp_loss":0.0,"gold_gain":0.0,"event_name":"Living Wall","player_choice":"Grow","floor":5.0,"gold_loss":0.0,"damage_taken":0.0,"cards_upgraded":["Eruption"]},{"damage_healed":0,"gold_gain":0,"player_choice":"Fought Bandits","damage_taken":0,"max_hp_gain":0,"max_hp_loss":0,"event_name":"Masked Bandits","floor":19,"gold_loss":0}],"is_beta":false,"boss_relics":[{"not_picked":["SacredBark","Snecko Eye"],"picked":"VioletLotus"}],"items_purged_floors":[2],"is_endless":false,"potions_floor_spawned":[12,14,16],"killed_by":"Masked Bandits","ascension_level":20}}