{"host":"dxhqtkke6bt2qzoz","time":1609765077,"event":{"mods":["ATMod(阿瑾Mod)","Act Like it!","Astrologer","BaseMod","Chen","Dota2Spire","Gensokyo","KinomotoSakuraMod(木之本樱)","Koishi","LagranYue(拉格朗・月)","Marisa（F雨　魔理沙）","Minty Spire (QoL Compilation)","Nova Terra(诺娃・泰拉)","Prisma Mod","Reimu（博丽灵梦）","Remilia（蕾米莉亚）","SIMod","StSLib","TestMod","The Dragon Tamer","The Marked","Waifu the Spire","WarShipGirlsR/战舰少女R mod","Yakumo Yukari mod","Youmu（魂魄妖梦）","Yuri Mod","Yuyuko","[IsaacMod]以撒尖塔","【遗物卡牌】REMEMod"],"gold_per_floor":[109,126,144,37,54,88,102,102,102,134,134,134,153,183,183,279,279,292,310,310,321,336,362,362,389,433,465,465,83,95,127,127,229,229,248,262,111,0,998,1023,1036,1052,1099,1129,1129,1139,1170,1188,1188,1188],"floor_reached":51,"playtime":2447,"items_purged":["PrismaMod:ChloeCommonAttack"],"score":1226,"play_id":"51f32cae-5451-45ab-bfd5-336474222bd3","local_time":"20210104205757","is_ascension_mode":true,"campfire_choices":[{"data":"PrismaMod:ChloeMordred","floor":8.0,"key":"SMITH"},{"data":"Nest_LightFlightworm_purple","floor":11.0,"key":"SMITH"},{"data":"PrismaMod:ChloeGaeBolg","floor":15.0,"key":"SMITH"},{"data":"PrismaMod:ChloeExcalibur","floor":24.0,"key":"SMITH"},{"data":"PrismaMod:ChloeUnlimitedBladeWorks","floor":28.0,"key":"SMITH"},{"data":"PrismaMod:ChloeDevil","floor":32.0,"key":"SMITH"},{"floor":45,"key":"REST"},{"floor":49,"key":"REST"}],"circlet_count":0,"master_deck":["PrismaMod:ChloeCommonAttack","PrismaMod:ChloeCommonDefend","PrismaMod:ChloeCommonDefend","PrismaMod:ChloeCommonDefend","PrismaMod:ChloeCheapAttack","Nest_LightFlightworm_purple+1","PrismaMod:ChloeCheapAttack","PrismaMod:ChloeMordred+1","PrismaMod:ChloeGaeBolg+1","PrismaMod:ChloeDevil","PrismaMod:ChloeExhaustOne","PrismaMod:ChloeUnlimitedBladeWorks+1","PrismaMod:ChloeExcalibur+1","PrismaMod:ChloeRhongomyniad+1","PrismaMod:ChloeCheapDefend","PrismaMod:ChloeChristmas+1","PrismaMod:ChloeCommonAOEAttack+1","PrismaMod:ChloeUncommonDefend","PrismaMod:ChloeUncommonAttack+1","PrismaMod:ChloeRhongomyniad+1","PrismaMod:ChloeCarnivalAttack","PrismaMod:ChloeCaladbolg","PrismaMod:ChloeCarnivalDefend+1","PrismaMod:ChloeCarnivalAttack","PrismaMod:ChloeCheapDefendTwo+1","PrismaMod:ChloeCaladbolg","PrismaMod:ChloeCheapDefend+1","PrismaMod:ChloeCarnivalAttack","PrismaMod:ChloeRuleBreaker+1","PrismaMod:ChloeGaeBolg+1","PrismaMod:ChloeUncommonDefend+1","PrismaMod:ChloeExcalibur+1"],"relics":["PrismaMod:PrismaTraceOn","HushsDoor","REME_ComplimentaryCards","testmod-TestBox","AT_ATBox","LagranYue:RandomDrawCardRelic","Leech","testmod-Charity","PreservedInsect","Bottled Flame","testmod-EqualTreatment","UnicornStump","MoneyPower","Pen Nib","InkBottle","Boot","AT_EbonyIvory","Orrery","Red Mask","Dota2Spire:BladeMail","testmod-IndustrialRevolution","War Paint"],"acts_visited":["Exordium","TheCity","TheBeyond"],"potions_floor_usage":[33,33,33,42,44,46],"damage_taken":[{"damage":0.0,"enemies":"Small Slimes","floor":1.0,"turns":2.0},{"damage":5.0,"enemies":"2 Louse","floor":2.0,"turns":2.0},{"damage":0.0,"enemies":"Cultist","floor":3.0,"turns":2.0},{"damage":0.0,"enemies":"Looter","floor":5.0,"turns":2.0},{"damage":11.0,"enemies":"Gremlin Nob","floor":6.0,"turns":4.0},{"damage":0.0,"enemies":"Exordium Wildlife","floor":7.0,"turns":3.0},{"damage":0.0,"enemies":"Lagavulin","floor":10.0,"turns":2.0},{"damage":0.0,"enemies":"Gremlin Gang","floor":13.0,"turns":2.0},{"damage":10.0,"enemies":"Blue Slaver","floor":14.0,"turns":3.0},{"damage":17.0,"enemies":"The Guardian","floor":16.0,"turns":6.0},{"damage":0.0,"enemies":"Chosen","floor":18.0,"turns":3.0},{"damage":12.0,"enemies":"3 Byrds","floor":19.0,"turns":3.0},{"damage":6.0,"enemies":"Snecko","floor":21.0,"turns":4.0},{"damage":0.0,"enemies":"Sentry and Sphere","floor":22.0,"turns":1.0},{"damage":0.0,"enemies":"Gremlin Leader","floor":23.0,"turns":2.0},{"damage":0.0,"enemies":"Book of Stabbing","floor":25.0,"turns":2.0},{"damage":23.0,"enemies":"REME_1_Revenger","floor":27.0,"turns":3.0},{"damage":6.0,"enemies":"Centurion and Healer","floor":30.0,"turns":3.0},{"damage":17.0,"enemies":"Book of Stabbing","floor":31.0,"turns":3.0},{"damage":5,"enemies":"Champ","floor":33,"turns":5},{"damage":45,"enemies":"3 Shapes","floor":35,"turns":2},{"damage":15,"enemies":"3 Darklings","floor":36,"turns":4},{"damage":7,"enemies":"Giant Head","floor":40,"turns":5},{"damage":24,"enemies":"Maw","floor":41,"turns":6},{"damage":8,"enemies":"4 Shapes","floor":42,"turns":1},{"damage":12,"enemies":"Nemesis","floor":44,"turns":3},{"damage":0,"enemies":"Sphere and 2 Shapes","floor":46,"turns":2},{"damage":0,"enemies":"Reptomancer","floor":47,"turns":1},{"damage":29,"enemies":"Maw","floor":48,"turns":5},{"damage":34,"enemies":"Donu and Deca","floor":50,"turns":6}],"seed_played":"2072334061543221738","potions_obtained":[{"floor":1.0,"key":"Block Potion"},{"floor":6.0,"key":"Strength Potion"},{"floor":7.0,"key":"SpeedPotion"},{"floor":18.0,"key":"EssenceOfSteel"},{"floor":23.0,"key":"Fruit Juice"},{"floor":25.0,"key":"Strength Potion"},{"floor":31.0,"key":"PowerPotion"},{"floor":36,"key":"FairyPotion"},{"floor":40,"key":"EssenceOfSteel"},{"floor":42,"key":"Block Potion"},{"floor":44,"key":"ColorlessPotion"}],"is_trial":false,"path_per_floor":["M","M","M","$","M","E","M","R","T","E","R","?","M","M","R","B",null,"M","M","?","M","M","E","R","E","T","E","R","$","M","E","R","B",null,"M","M","$","?","?","E","M","M","T","E","R","M","E","M","R","B",null],"character_chosen":"CHLOE","items_purchased":["PrismaMod:ChloeMordred","PrismaMod:ChloeGaeBolg","PrismaMod:ChloeExcalibur","Boot","PrismaMod:ChloeCarnivalAttack","PrismaMod:ChloeCheapDefendTwo","PrismaMod:ChloeCaladbolg","Orrery"],"campfire_rested":2,"item_purchase_floors":[4,4,17,29,29,29,29,37],"current_hp_per_floor":[83,80,83,83,87,83,89,89,89,90,90,90,91,85,85,82,85,87,77,77,75,76,83,83,85,86,68,68,68,67,53,53,55,90,47,42,42,42,43,41,25,18,19,10,43,45,47,23,56,27],"gold":1188,"neow_bonus":"TEN_PERCENT_HP_BONUS","is_daily":false,"chose_seed":false,"campfire_upgraded":6,"win_rate":0.0,"timestamp":1609765077,"path_taken":["M","M","M","$","M","E","M","R","T","E","R","?","M","M","R","BOSS","M","?","?","M","M","E","R","E","T","E","R","$","M","E","R","BOSS","M","?","$","?","?","E","M","?","T","E","R","M","E","M","R","BOSS"],"items_purchased_type":["Card","Card","Card","Relic","Card","Card","Card","Relic"],"build_version":"2020-12-22","purchased_purges":1,"victory":true,"max_hp_per_floor":[83,84,85,85,87,88,89,89,89,90,90,90,91,93,93,94,86,87,88,88,89,90,96,96,97,98,99,99,99,100,101,101,102,102,103,104,104,104,105,106,107,108,109,110,110,111,112,113,113,113],"card_choices":[{"not_picked":[],"picked":"BettingIsNotGood","floor":0.0},{"not_picked":["PrismaMod:ChloeCommonAOEAttack","PrismaMod:ChloeBetterTracePools"],"picked":"PrismaMod:ChloeCaladbolg","floor":1.0},{"not_picked":["PrismaMod:ChloeExhaustOne","PrismaMod:ChloeRitsuka"],"picked":"Bomb","floor":2.0},{"not_picked":["PrismaMod:ChloeMaid","Bomb"],"picked":"PrismaMod:ChloeCheapAttack","floor":3.0},{"not_picked":["PrismaMod:ChloeChristmas","PrismaMod:ChloeDiscardRecovery"],"picked":"PrismaMod:ChloeDevil","floor":5.0},{"not_picked":["PrismaMod:ChloeUncommonAOEAttack","PrismaMod:ChloeMordred"],"picked":"PrismaMod:ChloeCheapAttackTwo","floor":6.0},{"not_picked":["PrismaMod:ChloeDiscardRecovery","PrismaMod:ChloeCheapAttack","Bomb"],"picked":"SKIP","floor":7.0},{"not_picked":["PrismaMod:ChloeBetterTracePools","PrismaMod:ChloeGaeBolg"],"picked":"PrismaMod:ChloeExhaustOne","floor":10.0},{"not_picked":["PrismaMod:ChloeCheapDefend","PrismaMod:ChloeCommonAOEAttack"],"picked":"Bomb","floor":13.0},{"not_picked":["PrismaMod:ChloeDiscardRecovery","Bomb"],"picked":"PrismaMod:ChloeExhaustOne","floor":14.0},{"not_picked":["PrismaMod:ChloeGreatTracePools","PrismaMod:ChloeCarnivalAttack"],"picked":"PrismaMod:ChloeUnlimitedBladeWorks","floor":16.0},{"not_picked":["PrismaMod:ChloeExhaustTwo","PrismaMod:ChloeMordred"],"picked":"PrismaMod:ChloeRhongomyniad+1","floor":18.0},{"not_picked":["PrismaMod:ChloeExhaustOne+1","PrismaMod:ChloeDemonicTutor"],"picked":"PrismaMod:ChloeBetterTracePools","floor":19.0},{"not_picked":["PrismaMod:ChloeDiscardRecovery+1","PrismaMod:ChloeCommonAOEAttack"],"picked":"PrismaMod:ChloeCheapDefend","floor":21.0},{"not_picked":["PrismaMod:ChloeExhaustOne","PrismaMod:ChloeCheapAttackTwo"],"picked":"PrismaMod:ChloeCommonAOEAttack+1","floor":22.0},{"not_picked":["PrismaMod:ChloeRhongomyniad","PrismaMod:ChloeDemonicTutor"],"picked":"PrismaMod:ChloeUncommonDefend","floor":23.0},{"not_picked":["PrismaMod:ChloeRuleBreaker","PrismaMod:ChloeCheapDefend"],"picked":"PrismaMod:ChloeUncommonAttack+1","floor":25.0},{"not_picked":["PrismaMod:ChloeCheapDefend","PrismaMod:ChloeExhaustOne"],"picked":"PrismaMod:ChloeRhongomyniad+1","floor":27.0},{"not_picked":["PrismaMod:ChloeCheapDefend","PrismaMod:ChloeCheapDefendTwo"],"picked":"PrismaMod:ChloeCaladbolg","floor":30.0},{"not_picked":["PrismaMod:ChloeGaeBolg+1","PrismaMod:ChloeMordred"],"picked":"PrismaMod:ChloeCarnivalDefend","floor":31.0},{"not_picked":["PrismaMod:ChloeUnlimitedBladeWorks","PrismaMod:ChloeAnyAttackTrace"],"picked":"PrismaMod:ChloeCarnivalAttack","floor":33},{"not_picked":["PrismaMod:ChloeBetterTracePools+1","PrismaMod:ChloeChristmas+1"],"picked":"PrismaMod:ChloeCheapDefendTwo+1","floor":35},{"not_picked":["PrismaMod:ChloeCheapAttack","PrismaMod:ChloeCheapDefend"],"picked":"PrismaMod:ChloeCaladbolg","floor":36},{"not_picked":["PrismaMod:ChloeRitsuka","PrismaMod:ChloeExhaustTwo"],"picked":"PrismaMod:ChloeCheapDefend+1","floor":37},{"not_picked":["PrismaMod:ChloeCheapDefendTwo+1","PrismaMod:ChloeCheapDefend+1"],"picked":"PrismaMod:ChloeCarnivalAttack","floor":37},{"not_picked":["PrismaMod:ChloeCheapDefend","PrismaMod:ChloeCheapAttackTwo"],"picked":"PrismaMod:ChloeRuleBreaker+1","floor":37},{"not_picked":["PrismaMod:ChloeDiscardRecovery+1","PrismaMod:ChloeDemonicTutor+1"],"picked":"PrismaMod:ChloeGaeBolg+1","floor":37},{"not_picked":["PrismaMod:ChloeCheapAttackTwo+1","PrismaMod:ChloeRhongomyniad"],"picked":"PrismaMod:ChloeUncommonDefend+1","floor":37},{"not_picked":["PrismaMod:ChloeCheapDefend","PrismaMod:ChloeRitsuka+1"],"picked":"PrismaMod:ChloeExcalibur+1","floor":40},{"not_picked":["PrismaMod:ChloeCheapAttackTwo","PrismaMod:ChloeCheapAttack+1","PrismaMod:ChloeRitsuka"],"picked":"SKIP","floor":41},{"not_picked":["PrismaMod:ChloeCheapDefendTwo","PrismaMod:ChloeExhaustOne","PrismaMod:ChloeMordred+1"],"picked":"SKIP","floor":42},{"not_picked":["PrismaMod:ChloeCommonAOEAttack","PrismaMod:ChloeCheapDefendTwo+1","PrismaMod:ChloeRuleBreaker+1"],"picked":"SKIP","floor":44},{"not_picked":["PrismaMod:ChloeExhaustOne+1","PrismaMod:ChloeCheapDefendTwo+1","PrismaMod:ChloeMordred"],"picked":"SKIP","floor":46},{"not_picked":["PrismaMod:ChloeRhongomyniad","PrismaMod:ChloeMordred+1","PrismaMod:ChloeAnyPowerTrace"],"picked":"SKIP","floor":47},{"not_picked":["PrismaMod:ChloeDiscardRecovery+1","PrismaMod:ChloeCheapAttack","PrismaMod:ChloeRuleBreaker+1"],"picked":"SKIP","floor":48}],"player_experience":187767,"relics_obtained":[{"floor":6.0,"key":"PreservedInsect"},{"floor":9.0,"key":"Bottled Flame"},{"floor":10.0,"key":"testmod-EqualTreatment"},{"floor":23.0,"key":"UnicornStump"},{"floor":25.0,"key":"MoneyPower"},{"floor":26.0,"key":"Pen Nib"},{"floor":27.0,"key":"InkBottle"},{"floor":31.0,"key":"AT_EbonyIvory"},{"floor":40,"key":"Dota2Spire:BladeMail"},{"floor":43,"key":"testmod-IndustrialRevolution"},{"floor":44,"key":"War Paint"}],"event_choices":[{"damage_healed":0.0,"max_hp_gain":0.0,"max_hp_loss":0.0,"gold_gain":0.0,"event_name":"给自己的盒子","player_choice":"Swap Relic","floor":12.0,"relics_lost":["REME_ComplimentaryCards"],"gold_loss":0.0,"damage_taken":0.0,"relics_obtained":["REME_ComplimentaryCards"]},{"damage_healed":0.0,"max_hp_gain":0.0,"max_hp_loss":0.0,"gold_gain":0.0,"cards_transformed":["PrismaMod:ChloeCommonAttack","PrismaMod:ChloeCommonDefend"],"event_name":"Drug Dealer","player_choice":"Became Test Subject","floor":20.0,"gold_loss":0.0,"damage_taken":0.0,"cards_obtained":["PrismaMod:ChloeCheapDefend","PrismaMod:ChloeChristmas"]},{"damage_healed":0,"gold_gain":0,"player_choice":"Paid","damage_taken":0,"relics_obtained":["Red Mask"],"max_hp_gain":0,"max_hp_loss":0,"event_name":"Tomb of Lord Red Mask","floor":38,"gold_loss":111},{"damage_healed":0,"gold_gain":999,"player_choice":"Sell","damage_taken":0,"max_hp_gain":0,"max_hp_loss":0,"event_name":"恩洛斯的盘子","floor":39,"relics_lost":["testmod-KeyOfTheVoid"],"gold_loss":0}],"is_beta":false,"boss_relics":[{"not_picked":["Calling Bell","Dota2Spire:Bloodstone"],"picked":"testmod-KeyOfTheVoid"},{"not_picked":[]},{"not_picked":["REME_LowDesire","SlaversCollar","SacredBark"]}],"items_purged_floors":[17],"is_endless":false,"potions_floor_spawned":[1,6,7,14,18,23,25,31,36,40,42,44],"ascension_level":5}}