{"host":"m6aaltr68g9tvoay","time":1609725149,"event":{"mods":["AchievementEnabler","BaseMod","Colored Map","Minty Spire (QoL Compilation)","StSLib"],"gold_per_floor":[117,117,135,154,164,189,189,189,189,204,204,129,139,158,158,230,230,242,260,260,260,271,271,302,302,325,325,375,400,400,420,420,498,498,515,0,11,28,40,40,40,40],"floor_reached":41,"playtime":1466,"items_purged":[],"score":789,"play_id":"c5966a3f-6863-4140-a476-59a17b667b37","local_time":"20210103175229","is_ascension_mode":true,"campfire_choices":[{"floor":7,"key":"REST"},{"data":"Combust","floor":11,"key":"SMITH"},{"data":"Impervious","floor":15,"key":"SMITH"},{"floor":23,"key":"REST"},{"floor":25,"key":"REST"},{"floor":30,"key":"REST"},{"floor":32,"key":"REST"},{"floor":40,"key":"REST"}],"circlet_count":0,"master_deck":["AscendersBane","Strike_R","Strike_R","Strike_R","Strike_R","Defend_R","Defend_R","Defend_R","Defend_R","Bash","Pommel Strike","Clothesline","Shockwave","Impervious+1","Combust+1","Inflame","Shockwave","Impervious","Sword Boomerang","Flame Barrier","Double Tap","Fiend Fire","Heavy Blade","Writhe","Flame Barrier+1","Iron Wave+1","Exhume","CurseOfTheBell","Headbutt+1","Rupture+1"],"relics":["Burning Blood","Bag of Preparation","Self Forming Clay","Vajra","Fusion Hammer","White Beast Statue","Frozen Egg 2","Lantern","MutagenicStrength","Orichalcum","Calling Bell","Red Skull","HornCleat","Girya","Sling","Ornamental Fan"],"acts_visited":["Exordium","TheCity","TheBeyond"],"potions_floor_usage":[14,18,24,24,33,33,37,39,41,41],"damage_taken":[{"damage":4,"enemies":"Jaw Worm","floor":1,"turns":4},{"damage":7,"enemies":"Small Slimes","floor":3,"turns":4},{"damage":4,"enemies":"Cultist","floor":4,"turns":3},{"damage":0,"enemies":"2 Fungi Beasts","floor":5,"turns":4},{"damage":33,"enemies":"Gremlin Nob","floor":6,"turns":5},{"damage":3,"enemies":"Large Slime","floor":10,"turns":5},{"damage":10,"enemies":"Looter","floor":13,"turns":3},{"damage":8,"enemies":"Blue Slaver","floor":14,"turns":4},{"damage":40,"enemies":"Hexaghost","floor":16,"turns":10},{"damage":8,"enemies":"Spheric Guardian","floor":18,"turns":4},{"damage":18,"enemies":"Chosen","floor":19,"turns":4},{"damage":19,"enemies":"Snake Plant","floor":22,"turns":4},{"damage":55,"enemies":"Gremlin Leader","floor":24,"turns":7},{"damage":3,"enemies":"Centurion and Healer","floor":31,"turns":5},{"damage":67,"enemies":"Automaton","floor":33,"turns":11},{"damage":14,"enemies":"3 Darklings","floor":35,"turns":6},{"damage":5,"enemies":"Orb Walker","floor":37,"turns":5},{"damage":16,"enemies":"Sphere and 2 Shapes","floor":38,"turns":6},{"damage":18,"enemies":"Maw","floor":39,"turns":9},{"damage":62,"enemies":"Reptomancer","floor":41,"turns":5}],"seed_played":"-640258167393454728","potions_obtained":[{"floor":1,"key":"BloodPotion"},{"floor":4,"key":"ElixirPotion"},{"floor":6,"key":"SteroidPotion"},{"floor":14,"key":"Block Potion"},{"floor":19,"key":"Strength Potion"},{"floor":24,"key":"DistilledChaos"},{"floor":31,"key":"BloodPotion"},{"floor":33,"key":"SkillPotion"},{"floor":35,"key":"BlessingOfTheForge"},{"floor":37,"key":"LiquidMemories"},{"floor":38,"key":"LiquidMemories"},{"floor":39,"key":"DistilledChaos"}],"is_trial":false,"path_per_floor":["M","?","M","M","M","E","R","?","T","M","R","$","M","M","R","B",null,"M","M","?","?","M","R","E","R","T","?","?","T","R","M","R","B",null,"M","$","M","M","M","R","E"],"character_chosen":"IRONCLAD","items_purchased":["Flame Barrier","Rupture+1","Sling","Ornamental Fan"],"campfire_rested":6,"item_purchase_floors":[12,36,36,36],"current_hp_per_floor":[70,44,43,45,51,24,46,46,46,49,49,49,45,58,58,24,62,60,48,48,48,35,57,8,30,30,30,30,30,52,55,75,29,64,56,56,57,47,35,57,0,0],"gold":40,"neow_bonus":"TRANSFORM_CARD","is_daily":false,"chose_seed":false,"campfire_upgraded":2,"win_rate":0.0,"timestamp":1609725149,"path_taken":["M","?","M","M","M","E","R","?","T","M","R","$","M","?","R","BOSS","M","M","?","?","M","R","E","R","T","?","?","?","R","?","R","BOSS","M","$","M","?","?","R","E"],"items_purchased_type":["Card","Card","Relic","Relic"],"build_version":"2020-12-22","purchased_purges":0,"victory":false,"max_hp_per_floor":[75,75,75,75,75,75,75,75,75,75,75,75,75,75,75,75,75,75,75,75,75,75,75,75,75,75,75,75,75,75,75,75,75,75,75,75,75,75,75,75,75,75],"card_choices":[{"not_picked":["Sever Soul","Havoc"],"picked":"Clothesline","floor":1},{"not_picked":["Perfected Strike","True Grit"],"picked":"Shockwave","floor":3},{"not_picked":["Burning Pact","Heavy Blade"],"picked":"Impervious","floor":4},{"not_picked":["Clash","Twin Strike"],"picked":"Combust","floor":5},{"not_picked":["Dual Wield","Wild Strike"],"picked":"Inflame","floor":6},{"not_picked":["Armaments","Headbutt"],"picked":"Sword Boomerang","floor":10},{"not_picked":["Body Slam","Flame Barrier","Armaments"],"picked":"SKIP","floor":13},{"not_picked":["Havoc","Pommel Strike"],"picked":"Double Tap","floor":14},{"not_picked":["Impervious","Brutality"],"picked":"Fiend Fire","floor":16},{"not_picked":["Havoc","Anger"],"picked":"Heavy Blade","floor":18},{"not_picked":["Perfected Strike+1","Armaments","Warcry"],"picked":"SKIP","floor":19},{"not_picked":["Iron Wave","Sever Soul"],"picked":"Flame Barrier+1","floor":22},{"not_picked":["Wild Strike","Searing Blow"],"picked":"Iron Wave+1","floor":24},{"not_picked":["Sever Soul","Entrench","Thunderclap"],"picked":"SKIP","floor":31},{"not_picked":["Fiend Fire","Corruption+1"],"picked":"Exhume","floor":33},{"not_picked":["Sever Soul","Inflame+1"],"picked":"Headbutt+1","floor":35},{"not_picked":["Clothesline","Twin Strike+1","Infernal Blade"],"picked":"SKIP","floor":37},{"not_picked":["Uppercut","Heavy Blade","Clash"],"picked":"SKIP","floor":38},{"not_picked":["Heavy Blade+1","Brutality+1","Pommel Strike+1"],"picked":"SKIP","floor":39}],"player_experience":1329997,"relics_obtained":[{"floor":6,"key":"Self Forming Clay"},{"floor":9,"key":"Vajra"},{"floor":24,"key":"Frozen Egg 2"},{"floor":26,"key":"Lantern"},{"floor":29,"key":"Orichalcum"},{"floor":34,"key":"Red Skull"},{"floor":34,"key":"HornCleat"},{"floor":34,"key":"Girya"}],"event_choices":[{"damage_healed":0,"gold_gain":0,"player_choice":"Success","damage_taken":26,"relics_obtained":["Bag of Preparation"],"max_hp_gain":0,"max_hp_loss":0,"event_name":"Scrap Ooze","floor":2,"gold_loss":0},{"damage_healed":0,"gold_gain":0,"player_choice":"2 cards matched","damage_taken":0,"max_hp_gain":0,"max_hp_loss":0,"event_name":"Match and Keep!","floor":8,"gold_loss":0,"cards_obtained":["Shockwave","Impervious"]},{"damage_healed":0,"gold_gain":0,"player_choice":"Opened","damage_taken":0,"relics_obtained":["White Beast Statue"],"max_hp_gain":0,"max_hp_loss":0,"event_name":"The Mausoleum","floor":20,"gold_loss":0,"cards_obtained":["Writhe"]},{"damage_healed":0,"gold_gain":0,"player_choice":"Ignored","damage_taken":0,"max_hp_gain":0,"max_hp_loss":0,"event_name":"Ghosts","floor":21,"gold_loss":0},{"damage_healed":0,"gold_gain":0,"player_choice":"Inject Mutagens","damage_taken":0,"relics_obtained":["MutagenicStrength"],"max_hp_gain":0,"max_hp_loss":0,"event_name":"Drug Dealer","floor":27,"gold_loss":0},{"damage_healed":0,"gold_gain":50,"player_choice":"Stole From Cult","damage_taken":0,"max_hp_gain":0,"max_hp_loss":0,"event_name":"Nest","floor":28,"gold_loss":0}],"is_beta":false,"boss_relics":[{"not_picked":["Coffee Dripper","Sozu"],"picked":"Fusion Hammer"},{"not_picked":["Philosopher\u0027s Stone","Busted Crown"],"picked":"Calling Bell"}],"items_purged_floors":[],"is_endless":false,"potions_floor_spawned":[1,4,6,10,14,19,22,24,31,33,35,37,38,39],"killed_by":"Reptomancer","ascension_level":18}}