{"host":"b995t17pt6d05w8c","time":1609767229,"event":{"mods":["AchievementEnabler","BaseMod","Colored Map","Minty Spire (QoL Compilation)","SuperFastMode"],"gold_per_floor":[115,134,134,146,146,146,211,211,257,257,268,284,298,310,310,415,415,433,450,473,473,473],"floor_reached":21,"playtime":568,"items_purged":[],"score":182,"play_id":"b98eb589-c0f1-49d7-8a83-3a7c9e1e51a9","local_time":"20210104223349","is_ascension_mode":true,"campfire_choices":[{"data":"Searing Blow","floor":6,"key":"SMITH"},{"data":"Searing Blow+1","floor":8,"key":"SMITH"},{"data":"Searing Blow+2","floor":15,"key":"SMITH"}],"circlet_count":0,"master_deck":["Strike_R+1","Strike_R","Defend_R","Defend_R","Defend_R+1","Defend_R","Bash","Pummel","Shrug It Off","Clash","Searing Blow+3","Pommel Strike","Dropkick","True Grit","Barricade","Barricade+1","Sever Soul+1","Headbutt+1","Dual Wield+1","Armaments"],"relics":["Burning Blood","Strawberry","Blood Vial","Astrolabe","Centennial Puzzle"],"acts_visited":["Exordium","TheCity"],"potions_floor_usage":[7,16,16,18,21],"damage_taken":[{"damage":4,"enemies":"2 Louse","floor":1,"turns":3},{"damage":1,"enemies":"Jaw Worm","floor":2,"turns":4},{"damage":1,"enemies":"Cultist","floor":4,"turns":3},{"damage":24,"enemies":"Lagavulin Event","floor":7,"turns":5},{"damage":15,"enemies":"Lots of Slimes","floor":11,"turns":6},{"damage":8,"enemies":"Red Slaver","floor":12,"turns":4},{"damage":9,"enemies":"Exordium Thugs","floor":13,"turns":4},{"damage":2,"enemies":"Exordium Wildlife","floor":14,"turns":3},{"damage":18,"enemies":"Slime Boss","floor":16,"turns":9},{"damage":23,"enemies":"3 Byrds","floor":18,"turns":7},{"damage":52,"enemies":"Shell Parasite","floor":19,"turns":14},{"damage":53,"enemies":"Sentry and Sphere","floor":21,"turns":7}],"seed_played":"-6117839489034501347","potions_obtained":[{"floor":2,"key":"HeartOfIron"},{"floor":7,"key":"Block Potion"},{"floor":12,"key":"Explosive Potion"},{"floor":13,"key":"Fire Potion"},{"floor":18,"key":"BloodPotion"}],"is_trial":false,"path_per_floor":["M","M","?","M","?","R","?","R","T","?","M","M","M","M","R","B",null,"M","M","T","M"],"character_chosen":"IRONCLAD","items_purchased":[],"campfire_rested":0,"item_purchase_floors":[],"current_hp_per_floor":[80,80,85,85,68,68,57,57,57,57,50,50,49,55,55,45,92,75,31,31,0,0],"gold":473,"neow_bonus":"THREE_CARDS","is_daily":false,"chose_seed":false,"campfire_upgraded":3,"win_rate":0.0,"timestamp":1609767229,"path_taken":["M","M","?","M","?","R","?","R","T","?","M","?","M","?","R","BOSS","M","M","?","M"],"items_purchased_type":[],"build_version":"2020-12-22","purchased_purges":0,"victory":false,"max_hp_per_floor":[80,80,85,85,85,85,92,92,92,92,92,92,92,92,92,92,92,92,92,92,92,92],"card_choices":[{"not_picked":["Metallicize","Clash"],"picked":"Pummel","floor":0},{"not_picked":["Cleave","Rage"],"picked":"Shrug It Off","floor":1},{"not_picked":["Anger","Impervious"],"picked":"Clash","floor":2},{"not_picked":["Iron Wave","Dual Wield"],"picked":"Searing Blow","floor":4},{"not_picked":["Flex","Clash"],"picked":"Pommel Strike","floor":7},{"not_picked":["Power Through","Cleave"],"picked":"Dropkick","floor":11},{"not_picked":["Shrug It Off","Headbutt","Heavy Blade"],"picked":"SKIP","floor":12},{"not_picked":["Clothesline","True Grit","Searing Blow"],"picked":"SKIP","floor":13},{"not_picked":["Shrug It Off","Body Slam"],"picked":"True Grit","floor":14},{"not_picked":["Juggernaut","Brutality"],"picked":"Barricade","floor":16},{"not_picked":["Shrug It Off","Flex"],"picked":"Dual Wield+1","floor":18},{"not_picked":["Infernal Blade+1","Combust+1"],"picked":"Armaments","floor":19}],"player_experience":5416,"relics_obtained":[{"floor":9,"key":"Blood Vial"},{"floor":20,"key":"Centennial Puzzle"}],"event_choices":[{"damage_healed":0,"gold_gain":0,"player_choice":"Donut","damage_taken":0,"max_hp_gain":5,"max_hp_loss":0,"event_name":"Big Fish","floor":3,"gold_loss":0},{"damage_healed":0,"gold_gain":0,"player_choice":"Entered Light","damage_taken":17,"max_hp_gain":0,"max_hp_loss":0,"event_name":"Shining Light","floor":5,"gold_loss":0,"cards_upgraded":["Strike_R","Defend_R"]},{"damage_healed":0,"gold_gain":0,"player_choice":"Searched \u00272\u0027 times","damage_taken":0,"relics_obtained":["Strawberry"],"max_hp_gain":0,"max_hp_loss":0,"event_name":"Dead Adventurer","floor":7,"gold_loss":0},{"damage_healed":0,"gold_gain":0,"player_choice":"0 cards matched","damage_taken":0,"max_hp_gain":0,"max_hp_loss":0,"event_name":"Match and Keep!","floor":10,"gold_loss":0,"cards_obtained":[]}],"is_beta":false,"boss_relics":[{"not_picked":["Black Blood","SlaversCollar"],"picked":"Astrolabe"}],"items_purged_floors":[],"is_endless":false,"potions_floor_spawned":[2,7,12,13,18],"killed_by":"Sentry and Sphere","ascension_level":1}}