{"host":"armnliea5o2aqs4b","time":1609720182,"event":{"mods":["BaseMod","Hubris","Infinite Spire","Minty Spire (QoL Compilation)","Quick Restart","StSLib"],"gold_per_floor":[114,114,164,164,180,212,212,239,239,271,297,297,149,180,180,180,180],"floor_reached":16,"playtime":333,"items_purged":[],"score":201,"play_id":"771f8b05-8c48-485c-b9ec-b94e30c5c5c9","local_time":"20210104112942","is_ascension_mode":true,"campfire_choices":[{"data":"Bash","floor":7,"key":"SMITH"},{"floor":12,"key":"REST"},{"data":"Sever Soul","floor":15,"key":"SMITH"}],"circlet_count":0,"master_deck":["Strike_R","Strike_R","Strike_R","Strike_R","Strike_R","Defend_R","Defend_R","Defend_R","Defend_R","Bash+1","Ghostly Armor","Sever Soul+1","Thunderclap","Cleave","Infernal Blade"],"relics":["Burning Blood","NeowsBlessing","infinitespire:WardingShard","Dream Catcher","Meat on the Bone","Strawberry","MealTicket","Mummified Hand","hubris:ChampionShield","PreservedInsect","Anchor"],"acts_visited":["Exordium"],"potions_floor_usage":[16],"damage_taken":[{"damage":0,"enemies":"2 Louse","floor":1,"turns":1},{"damage":0,"enemies":"Jaw Worm","floor":5,"turns":1},{"damage":0,"enemies":"Lagavulin","floor":6,"turns":1},{"damage":16,"enemies":"Gremlin Nob","floor":8,"turns":3},{"damage":55,"enemies":"Lagavulin","floor":10,"turns":8},{"damage":12,"enemies":"Gremlin Nob","floor":14,"turns":3},{"damage":102,"enemies":"Hexaghost","floor":16,"turns":11}],"seed_played":"-4387820433205894495","potions_obtained":[{"floor":6,"key":"FairyPotion"},{"floor":8,"key":"BlessingOfTheForge"},{"floor":10,"key":"Fire Potion"}],"is_trial":false,"path_per_floor":["M","?","T","?","M","E","R","E","T","E","T","R","$","E","R","B"],"character_chosen":"IRONCLAD","items_purchased":["PreservedInsect"],"campfire_rested":1,"item_purchase_floors":[13],"current_hp_per_floor":[78,78,78,71,77,80,80,77,77,40,40,66,81,75,75,22,22],"gold":180,"neow_bonus":"THREE_ENEMY_KILL","is_daily":false,"chose_seed":false,"campfire_upgraded":2,"win_rate":0.0,"timestamp":1609720182,"path_taken":["M","?","?","?","M","E","R","E","T","E","?","R","?","E","R","BOSS"],"items_purchased_type":["Relic"],"build_version":"2020-12-22","purchased_purges":0,"victory":false,"max_hp_per_floor":[80,80,80,80,80,80,80,87,87,87,87,87,87,87,87,87,87],"card_choices":[{"not_picked":["Warcry","Clash"],"picked":"Ghostly Armor","floor":1},{"not_picked":["Body Slam","Reckless Charge","Warcry"],"picked":"SKIP","floor":5},{"not_picked":["True Grit","Dual Wield"],"picked":"Sever Soul","floor":6},{"not_picked":["Clothesline","Feel No Pain"],"picked":"Thunderclap","floor":8},{"not_picked":["True Grit","Rupture"],"picked":"Cleave","floor":10},{"not_picked":["Sword Boomerang","Sentinel"],"picked":"Infernal Blade","floor":12},{"not_picked":["Havoc","Second Wind","Clothesline"],"picked":"SKIP","floor":14}],"player_experience":170595,"relics_obtained":[{"floor":3,"key":"Dream Catcher"},{"floor":6,"key":"Meat on the Bone"},{"floor":8,"key":"Strawberry"},{"floor":9,"key":"MealTicket"},{"floor":10,"key":"Mummified Hand"},{"floor":11,"key":"hubris:ChampionShield"},{"floor":14,"key":"Anchor"}],"event_choices":[{"damage_healed":0,"gold_gain":0,"player_choice":"Box","damage_taken":0,"relics_obtained":["infinitespire:WardingShard"],"max_hp_gain":0,"max_hp_loss":0,"event_name":"Big Fish","floor":2,"gold_loss":0,"cards_obtained":["Regret"]},{"cards_removed":["Regret"],"damage_healed":0,"gold_gain":0,"player_choice":"Card Removal","damage_taken":7,"max_hp_gain":0,"max_hp_loss":0,"event_name":"Golden Wing","floor":4,"gold_loss":0}],"is_beta":false,"boss_relics":[],"items_purged_floors":[],"is_endless":false,"potions_floor_spawned":[6,8,10,14],"killed_by":"Hexaghost","ascension_level":7}}