{"host":"mydft8i2zzydgggw","time":1609784471,"event":{"mods":["AchievementEnabler","BaseMod","Colored Map","Colored Powertips","Keyboard Shortcuts","Minty Spire (QoL Compilation)","Quick Restart","StSLib","SuperFastMode","The Poker Player"],"gold_per_floor":[116,93,93,93,111,111,145,145,197,122,122,140,170,189,189,285,285,298,298,315,59,59,59,7,7,7,7,7,19,19,29,29,125,125,144,144,155,155,30,30,43,77,104,133,133,144,98,109,109,109,109],"floor_reached":50,"playtime":1132,"items_purged":["Strike_G","Strike_G","Eviscerate+1"],"score":636,"play_id":"cadc6537-0891-42d5-a484-1cd728e87f01","local_time":"20210105032111","is_ascension_mode":true,"campfire_choices":[{"data":"Blade Dance","floor":6,"key":"SMITH"},{"data":"Acrobatics","floor":11,"key":"SMITH"},{"data":"Acrobatics","floor":15,"key":"SMITH"},{"data":"Accuracy","floor":23,"key":"SMITH"},{"data":"Neutralize","floor":25,"key":"SMITH"},{"data":"Expertise","floor":28,"key":"SMITH"},{"floor":30,"key":"REST"},{"floor":32,"key":"REST"},{"data":"A Thousand Cuts","floor":40,"key":"SMITH"},{"floor":49,"key":"RECALL"}],"circlet_count":0,"master_deck":["Defend_G","Defend_G","Defend_G","Defend_G","Defend_G","Survivor+1","Neutralize+1","Blade Dance+1","Acrobatics+1","Acrobatics+1","Expertise+1","Blade Dance+1","Cloak And Dagger+1","Burst+1","Accuracy+1","Blade Dance+1","A Thousand Cuts+1","Accuracy+1","Blade Dance+1","Blade Dance+1","Blade Dance+1","Deflect+1"],"relics":["Ring of the Serpent","NeowsBlessing","Oddly Smooth Stone","Vajra","Pen Nib","Toxic Egg 2","Empty Cage","Toolbox","Enchiridion","Incense Burner","Potion Belt","Gambling Chip","Anchor"],"acts_visited":["Exordium","TheCity","TheBeyond"],"potions_floor_usage":[13,16,29,33,37,50,50,50],"damage_taken":[{"damage":0,"enemies":"Jaw Worm","floor":1,"turns":1},{"damage":0,"enemies":"Small Slimes","floor":5,"turns":1},{"damage":0,"enemies":"Lagavulin","floor":7,"turns":1},{"damage":0,"enemies":"Cultist","floor":12,"turns":3},{"damage":4,"enemies":"3 Sentries","floor":13,"turns":7},{"damage":0,"enemies":"Large Slime","floor":14,"turns":2},{"damage":21,"enemies":"Hexaghost","floor":16,"turns":8},{"damage":6,"enemies":"Chosen","floor":18,"turns":3},{"damage":11,"enemies":"2 Thieves","floor":20,"turns":2},{"damage":12,"enemies":"Cultist and Chosen","floor":29,"turns":2},{"damage":12,"enemies":"Snake Plant","floor":31,"turns":2},{"damage":12,"enemies":"Champ","floor":33,"turns":5},{"damage":16,"enemies":"3 Darklings","floor":35,"turns":4},{"damage":0,"enemies":"3 Shapes","floor":37,"turns":2},{"damage":0,"enemies":"Sphere and 2 Shapes","floor":41,"turns":3},{"damage":15,"enemies":"Nemesis","floor":42,"turns":3},{"damage":2,"enemies":"Giant Head","floor":44,"turns":3},{"damage":0,"enemies":"Jaw Worm Horde","floor":46,"turns":2},{"damage":16,"enemies":"4 Shapes","floor":48,"turns":2},{"damage":28,"enemies":"Time Eater","floor":50,"turns":6}],"seed_played":"6295441588216162848","potions_obtained":[{"floor":5,"key":"Strength Potion"},{"floor":13,"key":"Fire Potion"},{"floor":16,"key":"Regen Potion"},{"floor":18,"key":"CunningPotion"},{"floor":31,"key":"Energy Potion"},{"floor":33,"key":"CultistPotion"},{"floor":35,"key":"SpeedPotion"},{"floor":42,"key":"PowerPotion"},{"floor":48,"key":"GamblersBrew"}],"is_trial":false,"path_per_floor":["M","$","?","?","M","R","E","?","T","$","R","M","E","M","R","B",null,"M","?","M","$","?","R","$","R","T","?","R","M","R","M","R","B",null,"M","?","M","?","$","R","M","E","T","E","?","M","$","M","R","B"],"character_chosen":"THE_SILENT","items_purchased":["Acrobatics","Toolbox","Blade Dance+1","Deflect+1"],"campfire_rested":2,"item_purchase_floors":[2,21,24,47],"current_hp_per_floor":[70,70,67,67,67,67,67,53,53,53,53,53,49,49,49,28,70,64,64,53,53,37,37,37,37,37,37,37,30,51,39,60,48,70,54,54,54,54,54,54,54,39,39,37,37,37,37,21,21,0,0],"gold":109,"neow_bonus":"THREE_ENEMY_KILL","is_daily":false,"chose_seed":false,"campfire_upgraded":7,"win_rate":0.0,"timestamp":1609784471,"path_taken":["M","$","?","?","?","R","E","?","T","$","R","M","E","M","R","BOSS","M","?","M","$","?","R","$","R","T","?","R","M","R","M","R","BOSS","M","?","?","?","$","R","M","E","T","E","?","M","?","M","R","BOSS"],"items_purchased_type":["Card","Relic","Card","Card"],"build_version":"2020-12-22","purchased_purges":3,"victory":false,"max_hp_per_floor":[70,70,70,70,70,70,70,70,70,70,70,70,70,70,70,70,70,70,70,70,70,70,70,70,70,70,70,70,70,70,70,70,70,70,70,70,70,66,66,66,66,66,66,66,66,66,66,66,66,66,66],"card_choices":[{"not_picked":["Quick Slash","Dash"],"picked":"Blade Dance","floor":1},{"not_picked":["Flying Knee","Sucker Punch"],"picked":"Acrobatics","floor":5},{"not_picked":["Poisoned Stab","Skewer"],"picked":"Expertise","floor":7},{"not_picked":["Flechettes","Escape Plan","Well Laid Plans"],"picked":"SKIP","floor":12},{"not_picked":["Quick Slash","Infinite Blades"],"picked":"Blade Dance+1","floor":13},{"not_picked":["Deflect+1","Choke"],"picked":"Cloak And Dagger+1","floor":14},{"not_picked":["Unload","Tools of the Trade"],"picked":"Burst+1","floor":16},{"not_picked":["Prepared+1","Caltrops","Slice"],"picked":"SKIP","floor":18},{"not_picked":["Expertise+1","Deadly Poison+1","Footwork+1"],"picked":"SKIP","floor":20},{"not_picked":["Eviscerate","Quick Slash","Poisoned Stab"],"picked":"SKIP","floor":29},{"not_picked":["Quick Slash","Dagger Spray","Calculated Gamble+1"],"picked":"SKIP","floor":31},{"not_picked":["Venomology+1","Burst+1"],"picked":"A Thousand Cuts","floor":33},{"not_picked":["Choke+1","Quick Slash"],"picked":"Accuracy+1","floor":35},{"not_picked":["Acrobatics+1","Outmaneuver+1"],"picked":"Blade Dance+1","floor":37},{"not_picked":["Prepared+1","Flying Knee"],"picked":"Blade Dance+1","floor":41},{"not_picked":["Bane","Calculated Gamble+1"],"picked":"Blade Dance+1","floor":42},{"not_picked":["Bullet Time+1","Bane"],"picked":"Infinite Blades","floor":44},{"not_picked":["Quick Slash","PiercingWail+1","Prepared+1"],"picked":"SKIP","floor":46},{"not_picked":["Bouncing Flask+1","PiercingWail+1","Prepared+1"],"picked":"SKIP","floor":48}],"player_experience":99460,"relics_obtained":[{"floor":7,"key":"Vajra"},{"floor":9,"key":"Pen Nib"},{"floor":13,"key":"Toxic Egg 2"},{"floor":22,"key":"Enchiridion"},{"floor":26,"key":"Incense Burner"},{"floor":42,"key":"Gambling Chip"},{"floor":44,"key":"Anchor"}],"event_choices":[{"damage_healed":0,"gold_gain":0,"player_choice":"Success","damage_taken":3,"relics_obtained":["Oddly Smooth Stone"],"max_hp_gain":0,"max_hp_loss":0,"event_name":"Scrap Ooze","floor":3,"gold_loss":0},{"damage_healed":0,"gold_gain":0,"cards_transformed":["Strike_G"],"player_choice":"Transformed","damage_taken":0,"max_hp_gain":0,"max_hp_loss":0,"event_name":"Transmorgrifier","floor":4,"gold_loss":0,"cards_obtained":["Eviscerate"]},{"damage_healed":0,"gold_gain":0,"player_choice":"Entered Light","damage_taken":14,"max_hp_gain":0,"max_hp_loss":0,"event_name":"Shining Light","floor":8,"gold_loss":0,"cards_upgraded":["Eviscerate","Survivor"]},{"damage_healed":0,"gold_gain":0,"player_choice":"Read","damage_taken":0,"max_hp_gain":0,"max_hp_loss":0,"event_name":"The Library","floor":19,"gold_loss":0,"cards_obtained":["Accuracy"]},{"damage_healed":0,"gold_gain":0,"player_choice":"Obtained Book","damage_taken":16,"max_hp_gain":0,"max_hp_loss":0,"event_name":"Cursed Tome","floor":22,"gold_loss":0},{"damage_healed":0,"gold_gain":0,"player_choice":"Ignored","damage_taken":0,"max_hp_gain":0,"max_hp_loss":0,"event_name":"Vampires","floor":27,"gold_loss":0},{"damage_healed":0,"gold_gain":0,"player_choice":"Gave Potion","damage_taken":0,"relics_obtained":["Potion Belt"],"max_hp_gain":0,"max_hp_loss":0,"event_name":"WeMeetAgain","floor":36,"gold_loss":0},{"damage_healed":0,"gold_gain":0,"player_choice":"Max HP","damage_taken":0,"max_hp_gain":0,"max_hp_loss":4,"event_name":"Winding Halls","floor":38,"gold_loss":0},{"cards_removed":["Infinite Blades"],"damage_healed":0,"gold_gain":0,"player_choice":"Removed Power","damage_taken":0,"max_hp_gain":0,"max_hp_loss":0,"event_name":"Falling","floor":45,"gold_loss":0}],"is_beta":false,"boss_relics":[{"not_picked":["Sozu","Coffee Dripper"],"picked":"Empty Cage"},{"not_picked":["Velvet Choker","Runic Dome"],"picked":"Ring of the Serpent"}],"items_purged_floors":[10,21,39],"is_endless":false,"potions_floor_spawned":[5,13,16,18,31,33,35,42,48],"killed_by":"Time Eater","ascension_level":3}}