{"host":"1zulhgfop6judopi","time":1609783549,"event":{"mods":["2.2 Compatiblity","Act Like it!","Aspiration","BaseMod","Beaked The Cultist","Better Altar","Better Match","Better Note","Better Sensory Stone","Better Skull","Better Synergies","Better Third Choice","Card Forge","Communication Mod","Conspire","Defuse TimeMaze Blight","Displayed Cursed Tome","Downfall","Elementarium","Friendly Minions","GifTheSpireLib","GungeonMod","Halation","HexUI Lib","Hubris","Humility","Hyrulean Relics","Infinite Spire","Ironclad Rager","Marked Mod","Menagerie","Minty Spire (QoL Compilation)","MostiFishMod","Quick Restart","Relic Filter","Relic Sorter","Replay The Spire","SacredBarkPlus","Small Relic Pack","Spicy Shops","Spikes Relics","Spire Exporter","StSLib","Stuff the Spire","Synergy Search","The Bladedancer","The Blue Laboratory","The Factory","Trackpad","Transform Curses","Uncapped","UnlockEverythingMod","Virulent Crown","vexMod"],"gold_per_floor":[100099,99249,99264,98331,98331,98331,98361,98390,98390,98420,98395,98425,98438,98455,98455,98560,98560,98579,98579,97791,97751,97770,97770,97798,97834,97886,97936,97936,97981,97981,97981,97981,98106,98106,98137,98137,98137,96700,96700,96746,96766,96805,96805,96805,96805,95205,95258,95286,95286,95465,95465,95474,95483,94391,94391,93325,93325,92542,92542,92542,92551,92591,92611,92639,92657,92657,92763,92763,92782,91068,91106,91106,91115,91115],"floor_reached":73,"playtime":2723,"items_purged":["Clumsy","Clumsy","Pain","Elementarium:StickyTar","Regret","MostiFishMod:Neptune","Injury"],"score":2558,"play_id":"eaf745ab-8bb3-4ae3-ad25-ade6f2903d8c","local_time":"20210104130549","daily_mods":["Vintage","Heirloom","Time Dilation","Flight","Elite Swarm","Lethality"],"is_ascension_mode":true,"campfire_choices":[{"floor":6,"key":"REST"},{"data":"blademaster:Havoc","floor":15,"key":"SMITH"},{"data":"blademaster:Defend","floor":23,"key":"SMITH"},{"data":"blademaster:RollingTyphoon","floor":32,"key":"SMITH"},{"data":"blademaster:Momentum","floor":49,"key":"SMITH"},{"data":"blademaster:Cut","floor":57,"key":"SMITH"},{"data":"blademaster:RagingBlow","floor":59,"key":"SMITH"},{"data":"blademaster:HighVoltage","floor":66,"key":"SMITH"}],"circlet_count":0,"master_deck":["blademaster:Strike+1","blademaster:Strike+1","blademaster:Strike+1","blademaster:Strike+1","blademaster:Defend","blademaster:Defend+1","blademaster:Defend","blademaster:Defend+1","blademaster:RagingBlow+1","blademaster:HighVoltage+1","blademaster:Havoc+1","blademaster:CullingStrike+1","blademaster:Breeze","blademaster:Gust","blademaster:Cut+1","blademaster:ParryingStrike","blademaster:ParryingStrike+1","blademaster:Flurry","blademaster:FuryOfTheElements","blademaster:Blindside","blademaster:Flash","blademaster:Empower+1","blademaster:BladeMastery","blademaster:Sunder","blademaster:LightningDraw","blademaster:EnchantedCuirass","blademaster:RollingTyphoon+1","blademaster:CloudOfSteel","blademaster:Thrust","blademaster:KiBarrier","blademaster:Momentum+1","blademaster:AspectOfWind","blademaster:StanceMastery","blademaster:AncestralHealing","blademaster:FuriousStrike","blademaster:Sharpen","blademaster:Sharpen","ReplayUltimateDefense+1","blademaster:FlockOfBlades+1","MostiFishMod:TheEndOfMoonlight","MostiFishMod:SparklingWater","MostiFishMod:FantasySummer","MostiFishMod:NightSea","blademaster:Flash","blademaster:Vortex","blademaster:AwakeningDefend","blademaster:AwakeningDefend","infinitespire:UltimateForm+1","Amplify","StuffTheSpire:Vigor","blademaster:DragonStrike","infinitespire:SealOfDarkness+"],"relics":["blademaster:DancersAmulet","Hammer of Thor","Seething Fire","Anvil of the Gods","DaveBox","SentryEyes","StuffTheSpire:Wildfire","DemoMod:GnawedKey","Gremlin Food","trackpad:PetRock","BargainBundle","Vajra","Replay:Rubber Ducky","Iron Hammer","trackpad:ToughGloves","Pen Nib","hubris:MedicalManual","zeldaRelics:CourageTriforce","zeldaRelics:WisdomTriforce","DemoMod:GlassGuonStoneRelic","BrokenLever","conspire:TopHat","hubris:Backtick","DemoMod:SerJunkan","ReplayTheSpireMod:Ninjato","Replay:Bandana","Toolbox","Bag of Marbles","vexMod:InvisibilityCloak","DemoMod:NanoMachines","halation:BottledLove","zeldaRelics:PowerTriforce","StuffTheSpire:Tea","aspiration:RitualStick","aspiration:AnachronicSnailShell","hubris:Towel","WarpedTongs","halation:Diary","hubris:PeanutButter","Blue Doll","sneckomod:BlankCard","DemoMod:Metronome","Replay:Lucky Slots","Bag of Preparation","vexMod:Dragonfruit","SpikesRelics:DaevaFist","Frozen Egg 2","DemoMod:Junk","hubris:Icosahedron","conspire:TreasureMap","RoseTintedShades","RollingBoulder","halation:Jellyphish","Snack Pack","Replay:Bottled Eggs","CeramicFish","LugNut","aspiration:IroncladSkillbook","PrismaticShard","StuffTheSpire:RedRose","StuffTheSpire:Saxophone","Orichalcum","Mummified Hand","halation:VictoryRuler","relicPack:WeightedSword","StuffTheSpire:Mouthbags","aspiration:HiddenCompartment","SnailShell","DemoMod:LamentConfigurum","trackpad:CultistFigurine","halation:AfternoonTea","DemoMod:WhiteGuonStone","DemoMod:MeatBun","TheAbacus","aspiration:ChemicalBlood","hubris:DeckOfHolding","Medical Kit","Regal Pillow","Dodecahedron","StrikeDummy","Replay:Wax Seal","trackpad:WritersBlock","Golden Egg","Toxic Egg 2","halation:Prosthetics","Gremlin Horn","Strawberry","trackpad:AdjectivePendant","BrkXgEgg","MetatronsCube","aspiration:Lifesprig","trackpad:SappingStone","vexMod:FocusSash","relicPack:DSword","infinitespire:Broken Mirror","RhineCircuit"],"acts_visited":["Exordium","TheCity","TheBeyond","Exordium","TheCity"],"potions_floor_usage":[7,13,50,50,50,50,69],"damage_taken":[{"damage":0,"enemies":"2 Louse","floor":3,"turns":1},{"damage":4,"enemies":"3 Sentries","floor":7,"turns":2},{"damage":0,"enemies":"Lagavulin","floor":8,"turns":2},{"damage":0,"enemies":"Gremlin Nob","floor":10,"turns":2},{"damage":1,"enemies":"3 Sentries","floor":12,"turns":2},{"damage":0,"enemies":"Jaw Worm","floor":13,"turns":2},{"damage":0,"enemies":"Small Slimes","floor":14,"turns":2},{"damage":0,"enemies":"Slime Boss","floor":16,"turns":3},{"damage":0,"enemies":"3 Byrds","floor":18,"turns":1},{"damage":0,"enemies":"Shell Parasite","floor":22,"turns":1},{"damage":0,"enemies":"Snake Plant","floor":24,"turns":1},{"damage":0,"enemies":"conspire:SneckoGhost","floor":25,"turns":1},{"damage":0,"enemies":"Slavers","floor":27,"turns":1},{"damage":0,"enemies":"Replay:Snechameleon","floor":29,"turns":1},{"damage":0,"enemies":"hubris:MusketHawk","floor":33,"turns":1},{"damage":0,"enemies":"3 Darklings","floor":35,"turns":1},{"damage":0,"enemies":"R_Hoarder","floor":40,"turns":2},{"damage":0,"enemies":"3 Shapes","floor":41,"turns":1},{"damage":0,"enemies":"Reptomancer","floor":42,"turns":1},{"damage":0,"enemies":"Nightmare","floor":47,"turns":1},{"damage":0,"enemies":"Sphere and 2 Shapes","floor":48,"turns":1},{"damage":0,"enemies":"Awakened One","floor":50,"turns":4},{"damage":0,"enemies":"Gremlin Nob","floor":62,"turns":1},{"damage":0,"enemies":"Jaw Worm","floor":63,"turns":1},{"damage":0,"enemies":"Nightmare","floor":64,"turns":1},{"damage":0,"enemies":"Fading Forest","floor":67,"turns":1},{"damage":0,"enemies":"Shell Parasite","floor":69,"turns":1},{"damage":0,"enemies":"conspire:MimicChest","floor":71,"turns":1}],"seed_played":"7510380299098569801","potions_obtained":[{"floor":10,"key":"blueLaboratory:BottledHope"},{"floor":13,"key":"blueLaboratory:BottleOfRum"},{"floor":14,"key":"Elixir"},{"floor":16,"key":"Adrenaline Potion"},{"floor":18,"key":"Fire Potion"},{"floor":50,"key":"hexamod:EctoCoolerPotion"},{"floor":63,"key":"blueLaboratory:FruitPunch"}],"is_trial":true,"path_per_floor":["?","$","M","$","?","R","E","E","T","E","?","E","M","M","R","B",null,"M","?","$","?","M","R","M","E","T","E","AVR","E","?","?","R","B",null,"M","?","?","$","AVR","E","M","E","T","?","?","$","NM","M","R","B",null,"?","?","$","?","$","R","$","R","T","AVR","E","M","NM","?","R","B",null,"M","$","?","?","AVR"],"character_chosen":"THE_BLADEMASTER","items_purchased":["DemoMod:GnawedKey","Gremlin Food","trackpad:PetRock","BargainBundle","Vajra","Replay:Rubber Ducky","blademaster:Havoc","blademaster:CullingStrike","blademaster:Breeze","Fire Potion","trackpad:ToughGloves","Pen Nib","blademaster:Gust","blademaster:Cut","blademaster:ParryingStrike","blademaster:Flurry","Explosive Potion","hubris:MedicalManual","Replay:Bandana","Toolbox","Bag of Marbles","vexMod:InvisibilityCloak","blademaster:Sunder","halation:Diary","hubris:PeanutButter","Blue Doll","sneckomod:BlankCard","DemoMod:Metronome","Replay:Lucky Slots","blueLaboratory:FruitPunch","blademaster:Thrust","blademaster:KiBarrier","blademaster:Momentum","blademaster:AspectOfWind","conspire:TreasureMap","RoseTintedShades","RollingBoulder","blademaster:AncestralHealing","blademaster:FuriousStrike","blademaster:Sharpen","halation:Jellyphish","Snack Pack","ReplayUltimateDefense+1","Replay:Bottled Eggs","StuffTheSpire:Saxophone","Orichalcum","Mummified Hand","halation:VictoryRuler","relicPack:WeightedSword","blademaster:Vortex","trackpad:CultistFigurine","halation:AfternoonTea","DemoMod:WhiteGuonStone","DemoMod:MeatBun","TheAbacus","blademaster:AwakeningDefend","aspiration:ChemicalBlood","hubris:DeckOfHolding","Medical Kit","Regal Pillow","Dodecahedron","Strawberry","trackpad:AdjectivePendant","BrkXgEgg","MetatronsCube","aspiration:Lifesprig","trackpad:SappingStone"],"campfire_rested":1,"item_purchase_floors":[2,2,2,2,2,2,2,2,2,2,4,4,4,4,4,4,4,4,20,20,20,20,20,38,38,38,38,38,38,38,38,38,38,38,46,46,46,46,46,46,46,46,46,46,54,54,54,54,54,54,56,56,56,56,56,56,58,58,58,58,58,70,70,70,70,70,70],"current_hp_per_floor":[68,68,68,68,53,75,71,71,71,71,71,70,70,70,70,75,75,75,75,75,75,75,75,75,75,75,75,75,75,75,75,75,75,75,75,75,75,75,75,80,80,80,80,80,80,80,80,80,80,84,84,84,84,84,23,37,37,37,37,37,37,47,57,69,69,69,84,49,51,58,58,23,23,23],"gold":91115,"neow_bonus":"","is_daily":false,"chose_seed":false,"campfire_upgraded":7,"win_rate":0.0,"timestamp":1609783549,"path_taken":["?","$","M","$","?","R","E","E","T","E","?","E","M","M","R","BOSS","M","?","$","?","M","R","M","E","T","E","AVR","E","?","?","R","BOSS","M","?","?","$","AVR","E","?","E","T","?","?","$","NM","?","R","BOSS","?","?","?","?","$","R","$","R","T","AVR","E","?","NM","?","R","BOSS","M","$","?","?","AVR"],"items_purchased_type":["Relic","Relic","Relic","Relic","Relic","Relic","Card","Card","Card","Potion","Relic","Relic","Card","Card","Card","Card","Potion","Relic","Relic","Relic","Relic","Relic","Card","Relic","Relic","Relic","Relic","Relic","Relic","Potion","Card","Card","Card","Card","Relic","Relic","Relic","Card","Card","Card","Relic","Relic","Card","Relic","Relic","Relic","Relic","Relic","Relic","Card","Relic","Relic","Relic","Relic","Relic","Card","Relic","Relic","Relic","Relic","Relic","Relic","Relic","Relic","Relic","Relic","Relic"],"build_version":"2020-12-22","purchased_purges":7,"victory":false,"max_hp_per_floor":[75,75,75,75,75,75,75,75,75,75,75,75,75,75,75,75,75,75,75,75,75,75,75,75,75,75,75,75,75,75,75,75,75,75,75,75,75,75,75,80,80,80,80,80,80,80,80,80,80,84,84,84,84,84,84,84,84,84,84,84,84,84,84,84,84,84,84,49,51,58,58,58,58,58],"card_choices":[{"not_picked":["blademaster:EnchantedCuirass","blademaster:UnrelentingWind"],"picked":"blademaster:FuryOfTheElements","floor":7},{"not_picked":["blademaster:RagingBlow","blademaster:UnrelentingWind"],"picked":"blademaster:Blindside","floor":8},{"not_picked":["blademaster:Empower","blademaster:EnchantedCuirass"],"picked":"blademaster:Flash","floor":10},{"not_picked":["blademaster:Blindside","blademaster:HighVoltage","blademaster:UnrelentingWind"],"picked":"SKIP","floor":12},{"not_picked":["blademaster:FuryOfTheElements","blademaster:FlockOfBlades"],"picked":"blademaster:Empower","floor":16},{"not_picked":["blademaster:Empower","blademaster:CloudOfSteel"],"picked":"blademaster:LightningDraw","floor":25},{"not_picked":["blademaster:FuryOfTheElements","blademaster:CloudOfSteel"],"picked":"blademaster:EnchantedCuirass","floor":27},{"not_picked":["blademaster:Flash","blademaster:EnchantedCuirass"],"picked":"blademaster:RollingTyphoon","floor":29},{"not_picked":["blademaster:EnchantedCuirass","blademaster:RollingTyphoon"],"picked":"blademaster:CloudOfSteel","floor":33},{"not_picked":["blademaster:ThreePointStrike","blademaster:CloudOfSteel"],"picked":"blademaster:StanceMastery","floor":40},{"not_picked":["blademaster:LightningDraw","blademaster:UnrelentingWind","blademaster:Blindside"],"picked":"SKIP","floor":42},{"not_picked":["blademaster:Empower","blademaster:CloudOfSteel"],"picked":"blademaster:FlockOfBlades+1","floor":47},{"not_picked":["blademaster:Empower","blademaster:FlockOfBlades+1"],"picked":"blademaster:Flash","floor":50},{"not_picked":["Demon Form+1","blademaster:EnchantedCuirass+1","Mirror Shield"],"picked":"Amplify","floor":62},{"not_picked":["champ:MurderStrike","Replay:Bag of Tricks","DemoMod:SuppressiveFire","Brutality+1"],"picked":"SKIP","floor":64},{"not_picked":["BasicCrystalCard+1","Slimebound:SlimeBrawl+1","DemoMod:Casey+1"],"picked":"blademaster:DragonStrike","floor":71}],"player_experience":188437,"relics_obtained":[{"floor":3,"key":"Iron Hammer"},{"floor":3,"key":"blademaster:RandomStancePerk"},{"floor":7,"key":"zeldaRelics:CouragePiece"},{"floor":8,"key":"zeldaRelics:CouragePiece"},{"floor":9,"key":"zeldaRelics:CouragePiece"},{"floor":10,"key":"zeldaRelics:WisdomPiece"},{"floor":12,"key":"zeldaRelics:WisdomPiece"},{"floor":13,"key":"BrokenLever"},{"floor":13,"key":"blademaster:FinisherDrawCardPerk"},{"floor":14,"key":"conspire:TopHat"},{"floor":14,"key":"blademaster:StanceHealPerk"},{"floor":18,"key":"ReplayTheSpireMod:Ninjato"},{"floor":22,"key":"DemoMod:NanoMachines"},{"floor":24,"key":"halation:BottledLove"},{"floor":25,"key":"zeldaRelics:WisdomPiece"},{"floor":26,"key":"zeldaRelics:PowerPiece"},{"floor":27,"key":"zeldaRelics:PowerPiece"},{"floor":29,"key":"zeldaRelics:PowerPiece"},{"floor":35,"key":"aspiration:AnachronicSnailShell"},{"floor":40,"key":"vexMod:Dragonfruit"},{"floor":41,"key":"SpikesRelics:DaevaFist"},{"floor":42,"key":"Frozen Egg 2"},{"floor":43,"key":"DemoMod:Junk"},{"floor":47,"key":"CeramicFish"},{"floor":48,"key":"LugNut"},{"floor":60,"key":"DemoMod:Junk"},{"floor":62,"key":"Replay:Wax Seal"},{"floor":63,"key":"trackpad:WritersBlock"},{"floor":64,"key":"Golden Egg"},{"floor":69,"key":"Gremlin Horn"},{"floor":71,"key":"vexMod:FocusSash"}],"event_choices":[{"damage_healed":68,"gold_gain":0,"player_choice":"Upgrade","damage_taken":15,"max_hp_gain":0,"max_hp_loss":75,"event_name":"betterThird:BetterShining","floor":5,"gold_loss":0,"cards_upgraded":["blademaster:CullingStrike","blademaster:ParryingStrike"]},{"damage_healed":0,"gold_gain":0,"cards_transformed":["blademaster:CullingStrike"],"player_choice":"Transformed","damage_taken":0,"max_hp_gain":0,"max_hp_loss":0,"event_name":"Transmorgrifier","floor":19,"gold_loss":0,"cards_obtained":["blademaster:BladeMastery"]},{"damage_healed":0,"gold_gain":0,"player_choice":"Upgrade","damage_taken":0,"max_hp_gain":0,"max_hp_loss":0,"event_name":"Designer","floor":21,"gold_loss":40,"cards_upgraded":["blademaster:Empower"]},{"cards_removed":["blademaster:Empower"],"damage_healed":0,"gold_gain":0,"player_choice":"Give","damage_taken":0,"max_hp_gain":0,"max_hp_loss":0,"event_name":"betterNote:BetterNote","floor":30,"gold_loss":0,"cards_obtained":["None"]},{"damage_healed":0,"gold_gain":0,"player_choice":"Rummage","damage_taken":0,"relics_obtained":["WarpedTongs"],"max_hp_gain":0,"max_hp_loss":0,"event_name":"Accursed Blacksmith","floor":37,"gold_loss":0,"cards_obtained":["Pain"]},{"damage_healed":0,"gold_gain":0,"player_choice":"RE RE RE RE ","damage_taken":85,"relics_obtained":["StuffTheSpire:Mouthbags","aspiration:HiddenCompartment","SnailShell","DemoMod:LamentConfigurum"],"max_hp_gain":0,"max_hp_loss":0,"event_name":"betterSkull:BetterSkull","floor":55,"gold_loss":0,"cards_upgraded":[]}],"is_beta":false,"boss_relics":[{"not_picked":["Kintsugi","ReplayTheSpireMod:DimensionalGlitch"],"picked":"hubris:Backtick"},{"not_picked":["halation:PlatinumPhoenix","Snecko Eye","halation:LoveArrow"]},{"not_picked":["infinitespire:Cupcake","Busted Crown"],"picked":"aspiration:IroncladSkillbook"},{"not_picked":["conspire:SpecialSausage","aspiration:FutureDiary"],"picked":"halation:Prosthetics"}],"items_purged_floors":[2,4,38,54,56,56,70],"is_endless":true,"potions_floor_spawned":[10,13,14,16,18,25,35,48,50,63,67,71],"ascension_level":10}}