{"host":"m6aaltr68g9tvoay","time":1609739541,"event":{"mods":["AchievementEnabler","BaseMod","Colored Map","Minty Spire (QoL Compilation)","StSLib"],"gold_per_floor":[216,158,170,182,194,194,229,229,229,229,240,240,240,200,200,273,273,253,264,283,297,313,313,339,339,362,372,41,41,41,51,51,128,128,144,157,3,19,19,19,31,31,31],"floor_reached":42,"playtime":1708,"items_purged":["Strike_R"],"score":806,"play_id":"fdf3f3af-413c-447d-a4e3-10474beae495","local_time":"20210103215221","is_ascension_mode":true,"campfire_choices":[{"data":"Rampage","floor":6.0,"key":"SMITH"},{"data":"Rage","floor":10.0,"key":"SMITH"},{"data":"Headbutt","floor":15.0,"key":"SMITH"},{"floor":23.0,"key":"REST"},{"floor":25.0,"key":"REST"},{"data":"Flame Barrier","floor":29.0,"key":"SMITH"},{"data":"Impervious","floor":32.0,"key":"SMITH"},{"floor":40,"key":"REST"}],"circlet_count":0,"master_deck":["AscendersBane","Strike_R","Defend_R","Defend_R","Defend_R","Defend_R","Bash","Rage+1","Rampage+1","Headbutt+1","Cleave","Shockwave","Impervious+1","Spot Weakness","Heavy Blade+1","Flame Barrier+1","Disarm+1","Demon Form","Immolate"],"relics":["Burning Blood","Thread and Needle","HornCleat","Mummified Hand","Black Star","The Courier","Torii","Happy Flower","Lee\u0027s Waffle","PreservedInsect","Busted Crown"],"acts_visited":["Exordium","TheCity","TheBeyond"],"potions_floor_usage":[33,41,42,42],"damage_taken":[{"damage":4.0,"enemies":"Jaw Worm","floor":1.0,"turns":5.0},{"damage":5.0,"enemies":"Small Slimes","floor":3.0,"turns":5.0},{"damage":1.0,"enemies":"Cultist","floor":4.0,"turns":4.0},{"damage":3.0,"enemies":"3 Louse","floor":5.0,"turns":4.0},{"damage":17.0,"enemies":"3 Sentries","floor":7.0,"turns":7.0},{"damage":9.0,"enemies":"Gremlin Gang","floor":11.0,"turns":5.0},{"damage":0.0,"enemies":"Exordium Wildlife","floor":13.0,"turns":1.0},{"damage":31.0,"enemies":"Slime Boss","floor":16.0,"turns":11.0},{"damage":0.0,"enemies":"2 Thieves","floor":18.0,"turns":4.0},{"damage":13.0,"enemies":"Shell Parasite","floor":19.0,"turns":6.0},{"damage":20.0,"enemies":"3 Cultists","floor":20.0,"turns":5.0},{"damage":19.0,"enemies":"Centurion and Healer","floor":21.0,"turns":7.0},{"damage":34.0,"enemies":"Shelled Parasite and Fungi","floor":22.0,"turns":7.0},{"damage":48.0,"enemies":"Book of Stabbing","floor":24.0,"turns":8.0},{"damage":15.0,"enemies":"Cultist and Chosen","floor":27.0,"turns":10.0},{"damage":0.0,"enemies":"Snake Plant","floor":31.0,"turns":5.0},{"damage":71,"enemies":"Collector","floor":33,"turns":11},{"damage":1,"enemies":"Orb Walker","floor":35,"turns":4},{"damage":7,"enemies":"3 Darklings","floor":36,"turns":5},{"damage":27,"enemies":"Sphere and 2 Shapes","floor":38,"turns":8},{"damage":19,"enemies":"Maw","floor":41,"turns":9},{"damage":105,"enemies":"Giant Head","floor":42,"turns":7}],"seed_played":"-4542611436527879088","potions_obtained":[{"floor":1.0,"key":"SkillPotion"},{"floor":4.0,"key":"SmokeBomb"},{"floor":7.0,"key":"Swift Potion"},{"floor":14.0,"key":"PowerPotion"},{"floor":14.0,"key":"Regen Potion"},{"floor":18.0,"key":"Explosive Potion"},{"floor":21.0,"key":"Regen Potion"},{"floor":24.0,"key":"HeartOfIron"},{"floor":27.0,"key":"Swift Potion"},{"floor":36,"key":"Explosive Potion"},{"floor":41,"key":"AttackPotion"}],"is_trial":false,"path_per_floor":["M","?","M","M","M","R","E","T","T","R","M","?","M","?","R","B",null,"M","M","M","M","M","R","E","R","T","M","$","R","?","M","R","B",null,"M","M","$","M","?","R","M","E"],"character_chosen":"IRONCLAD","items_purchased":["Lee\u0027s Waffle","PreservedInsect","Regen Potion","HeartOfIron"],"campfire_rested":3,"item_purchase_floors":[28,28,37,37],"current_hp_per_floor":[70,70,71,75,75,75,64,64,64,64,61,54,60,60,60,35,65,71,75,61,48,35,57,15,37,37,28,82,82,82,82,82,17,66,71,70,70,49,49,73,60,0,0],"gold":31,"neow_bonus":"HUNDRED_GOLD","is_daily":false,"chose_seed":false,"campfire_upgraded":5,"win_rate":0.0,"timestamp":1609739541,"path_taken":["M","?","M","M","M","R","E","?","T","R","M","?","M","?","R","BOSS","M","M","?","M","M","R","E","R","T","M","$","R","?","?","R","BOSS","M","M","$","M","?","R","M","E"],"items_purchased_type":["Relic","Relic","Potion","Potion"],"build_version":"2020-12-22","purchased_purges":1,"victory":false,"max_hp_per_floor":[75,75,75,75,75,75,75,75,75,75,75,75,75,75,75,75,75,75,75,75,75,75,75,75,75,75,75,82,82,82,82,82,82,82,82,82,82,82,82,82,82,82,82],"card_choices":[{"not_picked":["Dark Embrace","Entrench"],"picked":"Rage","floor":1.0},{"not_picked":["Havoc","Anger"],"picked":"Rampage","floor":3.0},{"not_picked":["Armaments","Sentinel"],"picked":"Headbutt","floor":4.0},{"not_picked":["True Grit","Exhume"],"picked":"Cleave","floor":5.0},{"not_picked":["Dropkick","Pummel"],"picked":"Shockwave","floor":7.0},{"not_picked":["Headbutt","Anger","Cleave"],"picked":"SKIP","floor":11.0},{"not_picked":["Demon Form","Bludgeon"],"picked":"Impervious","floor":16.0},{"not_picked":["Iron Wave","Flex"],"picked":"Spot Weakness","floor":18.0},{"not_picked":["Shrug It Off","Shockwave"],"picked":"Heavy Blade+1","floor":19.0},{"not_picked":["Headbutt","Combust"],"picked":"Flame Barrier","floor":20.0},{"not_picked":["Reckless Charge","Headbutt"],"picked":"Disarm+1","floor":21.0},{"not_picked":["Entrench+1","Flex","Sever Soul"],"picked":"SKIP","floor":22.0},{"not_picked":["Pommel Strike","Perfected Strike","Cleave"],"picked":"SKIP","floor":24.0},{"not_picked":["Sentinel","Iron Wave"],"picked":"Demon Form","floor":27.0},{"not_picked":["Rampage","Anger","Clash"],"picked":"SKIP","floor":31.0},{"not_picked":["Brutality","Berserk"],"picked":"Immolate","floor":33},{"not_picked":["Perfected Strike"],"picked":"SKIP","floor":35},{"not_picked":["Clash"],"picked":"SKIP","floor":36},{"not_picked":["Headbutt"],"picked":"SKIP","floor":38},{"not_picked":["Perfected Strike"],"picked":"SKIP","floor":41}],"player_experience":1334570,"relics_obtained":[{"floor":7.0,"key":"Thread and Needle"},{"floor":8.0,"key":"HornCleat"},{"floor":9.0,"key":"Mummified Hand"},{"floor":24.0,"key":"The Courier"},{"floor":24.0,"key":"Torii"},{"floor":26.0,"key":"Happy Flower"}],"event_choices":[{"damage_healed":0.0,"max_hp_gain":0.0,"max_hp_loss":0.0,"gold_gain":0.0,"event_name":"World of Goop","player_choice":"Left Gold","floor":2.0,"gold_loss":58.0,"damage_taken":0.0},{"cards_removed":["Strike_R"],"damage_healed":0.0,"max_hp_gain":0.0,"max_hp_loss":0.0,"gold_gain":0.0,"event_name":"Golden Wing","player_choice":"Card Removal","floor":12.0,"gold_loss":0.0,"damage_taken":7.0},{"damage_healed":0.0,"max_hp_gain":0.0,"max_hp_loss":0.0,"gold_gain":0.0,"event_name":"The Woman in Blue","player_choice":"Bought 3 Potions","floor":14.0,"gold_loss":0.0,"damage_taken":0.0},{"cards_removed":["Strike_R"],"damage_healed":0.0,"max_hp_gain":0.0,"max_hp_loss":0.0,"gold_gain":0.0,"event_name":"Bonfire Elementals","player_choice":"Offered Basic","floor":30.0,"gold_loss":0.0,"damage_taken":0.0},{"cards_removed":["Strike_R"],"damage_healed":0,"gold_gain":0,"player_choice":"Card Removal","damage_taken":0,"max_hp_gain":0,"max_hp_loss":0,"event_name":"Wheel of Change","floor":39,"gold_loss":0}],"is_beta":false,"boss_relics":[{"not_picked":["Fusion Hammer","Tiny House"],"picked":"Black Star"},{"not_picked":["Runic Dome","SlaversCollar"],"picked":"Busted Crown"}],"items_purged_floors":[28],"is_endless":false,"potions_floor_spawned":[1,4,7,18,21,24,27,36,41],"killed_by":"Giant Head","ascension_level":18}}