{"host":"t6w2q9o6m1ipuhb5","time":1609761464,"event":{"mods":["2.2 Compatiblity","Abigail Mod","AchievementEnabler","BaseMod","Chen","Colored Map","Colored Powertips","Downfall","Hermit","Koishi","Marisa????????","Minty Spire (QoL Compilation)","Onozuka Komachi Mod","Prisma Mod","Quick Restart","Reimu??????","Replay The Spire","StSLib","SuperFastMode","The Alterego","The Cursed","The Marked","Waifu the Spire","Yuyuko"],"gold_per_floor":[219,231,244,244,38,38,53,18,18,30,59,59,59,59,94,113,113,208,208,224,11,27,44,57,87,87,36,36,53,53,65,92,192,192,296,296,309,30,30,46,46,74,74,84,107,137,137,137,333,333,333,333,333,333,14,48,48],"floor_reached":58,"playtime":4761,"items_purged":["Pain","PrismaMod:IllyaInstallForeigner"],"score":1415,"play_id":"b0205f54-ed29-4492-9bb7-b821a684851f","local_time":"20210104065744","is_ascension_mode":false,"campfire_choices":[{"floor":6,"key":"REST"},{"floor":17,"key":"REST"},{"floor":26,"key":"REST"},{"data":"PrismaMod:IllyaUberPoisonChannel","floor":30,"key":"SMITH"},{"floor":34,"key":"REST"},{"floor":43,"key":"REST"},{"floor":48,"key":"RECALL"},{"data":"PrismaMod:IllyaUncommonDefend","floor":54,"key":"SMITH"}],"circlet_count":0,"master_deck":["PrismaMod:IllyaCommonAttack","PrismaMod:IllyaCommonDefend","PrismaMod:IllyaCommonAttack","PrismaMod:IllyaCommonDefend","PrismaMod:IllyaCommonDefend","PrismaMod:IllyaCommonAttack","PrismaMod:IllyaCommonDefend","PrismaMod:IllyaCommonAttack","PrismaMod:IllyaCommonDefend","PrismaMod:IllyaUncommonAttack","PrismaMod:IllyaUncommonDefend","PrismaMod:IllyaBoysLove","PrismaMod:IllyaFeed","PrismaMod:IllyaCheapChannelAttack","PrismaMod:IllyaPoisonTippedWeapons","PrismaMod:IllyaGrail","PrismaMod:IllyaRubysPotion","PrismaMod:IllyaDetonatingBlow","PrismaMod:IllyaAOECommonAttack","PrismaMod:IllyaUncommonAOEAttack+1","PrismaMod:IllyaUncommonDefend+1","PrismaMod:IllyaFriendMaker+1","PrismaMod:IllyaUberPoisonChannel+1","PrismaMod:IllyaInstallLancer","PrismaMod:IllyaMinorZwei+1","PrismaMod:IllyaCheapChannelPoison","PrismaMod:IllyaBoysLove","PrismaMod:IllyaBerserCAR+1","PrismaMod:IllyaBride+1","PrismaMod:IllyaBlindPoisonToss","PrismaMod:IllyaPoisonBlock+1","PrismaMod:IllyaCommandSeal","PrismaMod:IllyaCommandSeal","PrismaMod:IllyaPoisonTippedWeapons","PrismaMod:IllyaUberPoisonBlock","PrismaMod:IllyaPoisoningPhantasm+1","PrismaMod:IllyaBerserCAR+1","PrismaMod:IllyaMinorRapidFire+1","PrismaMod:IllyaInstallArcher","PrismaMod:IllyaStunPoison+1","PrismaMod:IllyaBerserCAR+1","PrismaMod:IllyaSaphire+1","PrismaMod:IllyaBride+1","PrismaMod:IllyaGrail","PrismaMod:IllyaDevil+1","PrismaMod:IllyaMaid+1","PrismaMod:IllyaStunPoison+1","Doubt","ReplayTheSpireMod:Splinters","PrismaMod:IllyaStunPoison+1","Mayhem","PrismaMod:IllyaStunPoison+1","PrismaMod:IllyaGun+1"],"relics":["PrismaMod:PrismaRuby","Molten Egg 2","ReplayFunnel","WarpedTongs","Blue Candle","SlaversCollar","Prayer Wheel","ReplayTheSpireMod:Ninjato","Replay:Multitool","Ring of Chaos","Strange Spoon","Ring of Peace","Simple Rune","CaptainsWheel","Bronze Scales"],"acts_visited":["Exordium","TheCity","TheBeyond","TheEnding"],"potions_floor_usage":[25,32,35,46,46,56,56,57],"damage_taken":[{"damage":6,"enemies":"Cultist","floor":1,"turns":4},{"damage":0,"enemies":"2 Louse","floor":2,"turns":3},{"damage":0,"enemies":"Small Slimes","floor":3,"turns":4},{"damage":20,"enemies":"Gremlin Gang","floor":7,"turns":5},{"damage":2,"enemies":"Blue Slaver","floor":10,"turns":4},{"damage":34,"enemies":"Gremlin Nob","floor":11,"turns":6},{"damage":7,"enemies":"Replay:BlueRogue","floor":15,"turns":8},{"damage":7,"enemies":"Lots of Slimes","floor":16,"turns":3},{"damage":6,"enemies":"Hexaghost","floor":18,"turns":9},{"damage":11,"enemies":"Chosen","floor":20,"turns":5},{"damage":20,"enemies":"Spheric Guardian","floor":22,"turns":5},{"damage":19,"enemies":"Cultist and Chosen","floor":23,"turns":7},{"damage":18,"enemies":"Shelled Parasite and Fungi","floor":24,"turns":9},{"damage":14,"enemies":"Book of Stabbing","floor":25,"turns":5},{"damage":16,"enemies":"Snake Plant","floor":29,"turns":5},{"damage":7,"enemies":"Centurion and Healer","floor":31,"turns":7},{"damage":2,"enemies":"Slavers","floor":32,"turns":6},{"damage":6,"enemies":"Pondfish","floor":35,"turns":13},{"damage":26,"enemies":"3 Darklings","floor":37,"turns":7},{"damage":17,"enemies":"Orb Walker","floor":40,"turns":5},{"damage":41,"enemies":"Giant Head","floor":42,"turns":8},{"damage":24,"enemies":"3 Darklings","floor":44,"turns":6},{"damage":49,"enemies":"Reptomancer","floor":46,"turns":8},{"damage":47,"enemies":"Replay:Hell Engine","floor":52,"turns":11},{"damage":38,"enemies":"Shield and Spear","floor":56,"turns":7},{"damage":51,"enemies":"The Heart","floor":57,"turns":10}],"seed_played":"-6852525615206968964","potions_obtained":[{"floor":1,"key":"ZuzhouPotion:ReiMu"},{"floor":3,"key":"SmokeBomb"},{"floor":11,"key":"Strength Potion"},{"floor":15,"key":"BlessingOfTheForge"},{"floor":18,"key":"LiquidBronze"},{"floor":25,"key":"Explosive Potion"},{"floor":32,"key":"ColorlessPotion"},{"floor":46,"key":"SpeedPotion"},{"floor":51,"key":"Milkshake"},{"floor":56,"key":"AttackPotion"}],"is_trial":false,"path_per_floor":["M","M","M","?","$","R","M","?","T","M","E","?","PTL","PTL","E","M","R","B",null,"M","$","M","M","M","E","R","$","T","M","R","M","E","?","R","B",null,"M","$","?","M","?","E","R","M","T","E","?","R","?","?","R","B",null,"R","$","E","B",null],"character_chosen":"ILLYA","items_purchased":["PrismaMod:IllyaPoisonTippedWeapons","PrismaMod:IllyaGrail","PrismaMod:IllyaRubysPotion","PrismaMod:IllyaDetonatingBlow","PrismaMod:IllyaInstallForeigner","PrismaMod:IllyaCheapChannelPoison","PrismaMod:IllyaBoysLove","PrismaMod:IllyaCommandSeal","PowerPotion","Strange Spoon","Mayhem","PrismaMod:IllyaStunPoison+1"],"campfire_rested":5,"item_purchase_floors":[5,5,5,5,21,21,21,27,38,38,55,55],"current_hp_per_floor":[69,69,72,57,57,75,61,75,75,75,51,51,51,51,49,42,64,75,75,69,69,49,35,26,17,39,39,39,35,35,38,39,39,61,70,75,52,52,52,40,40,40,62,55,55,19,75,75,75,75,75,50,75,75,75,65,60],"gold":48,"neow_bonus":"HUNDRED_GOLD","is_daily":false,"chose_seed":false,"campfire_upgraded":2,"win_rate":0.0,"timestamp":1609761464,"path_taken":["M","M","M","?","$","R","M","?","T","M","E","?","PTL","PTL","E","M","R","BOSS","M","$","M","M","M","E","R","$","T","?","R","?","E","?","R","BOSS","M","$","?","M","?","E","R","?","T","E","?","R","?","?","R","BOSS","R","$","E","BOSS"],"items_purchased_type":["Card","Card","Card","Card","Card","Card","Card","Card","Potion","Relic","Card","Card"],"build_version":"2020-12-22","purchased_purges":2,"victory":true,"max_hp_per_floor":[75,75,75,75,75,75,75,75,75,75,75,75,75,75,75,75,75,75,75,75,75,75,75,75,75,75,75,75,75,75,75,75,75,75,75,75,75,75,75,75,75,75,75,75,75,75,75,75,75,75,75,75,75,75,75,75,75],"card_choices":[{"not_picked":["PrismaMod:IllyaRapidFire","PrismaMod:IllyaDualEvoke"],"picked":"PrismaMod:IllyaBoysLove","floor":1},{"not_picked":["PrismaMod:IllyaBride","PrismaMod:IllyaCheapAttack"],"picked":"PrismaMod:IllyaFeed","floor":2},{"not_picked":["PrismaMod:IllyaBride","PrismaMod:IllyaMinorRapidFire"],"picked":"PrismaMod:IllyaCheapChannelAttack","floor":3},{"not_picked":["PrismaMod:IllyaGrailKun","PrismaMod:IllyaRubysPotion"],"picked":"PrismaMod:IllyaAOECommonAttack","floor":7},{"not_picked":["PrismaMod:IllyaAssassinRevenge","PrismaMod:IllyaCheapChannelAttack"],"picked":"PrismaMod:IllyaUncommonAOEAttack+1","floor":10},{"not_picked":["PrismaMod:IllyaRubysPotion","PrismaMod:IllyaAssassinRevenge"],"picked":"PrismaMod:IllyaUncommonDefend","floor":11},{"not_picked":["PrismaMod:IllyaDualEvoke+1","PrismaMod:IllyaUncommonEvoke+1"],"picked":"PrismaMod:IllyaFriendMaker+1","floor":15},{"not_picked":["PrismaMod:IllyaUncommonAttack+1","PrismaMod:IllyaCheapChannelDefend"],"picked":"PrismaMod:IllyaUberPoisonChannel","floor":16},{"not_picked":["PrismaMod:IllyaUberAttackChannel","PrismaMod:IllyaInstallAlterEgo"],"picked":"PrismaMod:IllyaInstallLancer","floor":18},{"not_picked":["PrismaMod:IllyaUpgradeOrbs","PrismaMod:IllyaCheapChannelDefend"],"picked":"PrismaMod:IllyaMinorZwei+1","floor":20},{"not_picked":["PrismaMod:IllyaCheapDefend","PrismaMod:IllyaDevil+1"],"picked":"PrismaMod:IllyaBerserCAR+1","floor":22},{"not_picked":["PrismaMod:IllyaBerserCAR+1","PrismaMod:IllyaMinorZwei"],"picked":"PrismaMod:IllyaBride+1","floor":23},{"not_picked":["PrismaMod:IllyaHassanGift","PrismaMod:IllyaAOECommonAttack+1"],"picked":"PrismaMod:IllyaBlindPoisonToss","floor":24},{"not_picked":["PrismaMod:IllyaDualEvoke+1","PrismaMod:IllyaMinorZwei"],"picked":"PrismaMod:IllyaPoisonBlock+1","floor":25},{"not_picked":["PrismaMod:IllyaBlindPoisonToss","PrismaMod:IllyaDevil+1"],"picked":"PrismaMod:IllyaPoisonTippedWeapons","floor":29},{"not_picked":["PrismaMod:IllyaUberChannel","PrismaMod:IllyaEvokeAll+1"],"picked":"PrismaMod:IllyaUberPoisonBlock","floor":29},{"not_picked":["PrismaMod:IllyaRussianRoulette","PrismaMod:IllyaCommonEvoke+1"],"picked":"PrismaMod:IllyaPoisoningPhantasm+1","floor":31},{"not_picked":["PrismaMod:IllyaPartialInstallAssassin","PrismaMod:IllyaAOECommonAttack+1"],"picked":"PrismaMod:IllyaBerserCAR+1","floor":31},{"not_picked":["PrismaMod:IllyaPoisonTippedWeapons+1","PrismaMod:IllyaRubysPotion"],"picked":"PrismaMod:IllyaMinorRapidFire+1","floor":32},{"not_picked":["PrismaMod:IllyaInstallSaber","PrismaMod:IllyaUberPoisonChannel"],"picked":"PrismaMod:IllyaInstallArcher","floor":35},{"not_picked":["PrismaMod:IllyaUncommonAOEAttack+1","PrismaMod:IllyaCheapChannelAttack"],"picked":"PrismaMod:IllyaStunPoison+1","floor":37},{"not_picked":["PrismaMod:IllyaHassanGift+1","PrismaMod:IllyaBoysLove"],"picked":"PrismaMod:IllyaBerserCAR+1","floor":37},{"not_picked":["PrismaMod:IllyaCheapAttack+1","PrismaMod:IllyaRussianRoulette"],"picked":"PrismaMod:IllyaSaphire+1","floor":40},{"not_picked":["PrismaMod:IllyaPartialInstallAssassin+1","PrismaMod:IllyaMinorReinForce+1"],"picked":"PrismaMod:IllyaBride+1","floor":40},{"not_picked":["PrismaMod:IllyaFeed+1","PrismaMod:IllyaSaphire+1"],"picked":"PrismaMod:IllyaGrail","floor":42},{"not_picked":["PrismaMod:IllyaCheapChannelDefend+1","PrismaMod:IllyaSaphire"],"picked":"PrismaMod:IllyaDevil+1","floor":44},{"not_picked":["PrismaMod:IllyaBride","PrismaMod:IllyaUberAttackChannel"],"picked":"PrismaMod:IllyaMaid+1","floor":44},{"not_picked":["PrismaMod:IllyaGrailKun+1","PrismaMod:IllyaBerserCAR+1"],"picked":"PrismaMod:IllyaStunPoison+1","floor":46},{"not_picked":["PrismaMod:IllyaUberChannel+1","PrismaMod:IllyaRussianRoulette+1"],"picked":"PrismaMod:IllyaStunPoison+1","floor":49},{"not_picked":["PrismaMod:IllyaSaphire","PrismaMod:IllyaCheapChannelDefend+1"],"picked":"PrismaMod:IllyaGun+1","floor":56}],"player_experience":312793,"relics_obtained":[{"floor":9,"key":"Molten Egg 2"},{"floor":11,"key":"ReplayFunnel"},{"floor":15,"key":"Blue Candle"},{"floor":25,"key":"Prayer Wheel"},{"floor":28,"key":"ReplayTheSpireMod:Ninjato"},{"floor":32,"key":"Replay:Multitool"},{"floor":39,"key":"Ring of Peace"},{"floor":42,"key":"Simple Rune"},{"floor":46,"key":"CaptainsWheel"},{"floor":56,"key":"Bronze Scales"}],"event_choices":[{"damage_healed":0,"gold_gain":0,"player_choice":"Entered Light","damage_taken":15,"max_hp_gain":0,"max_hp_loss":0,"event_name":"Shining Light","floor":4,"gold_loss":0,"cards_upgraded":["PrismaMod:IllyaCommonDefend","PrismaMod:IllyaCommonDefend"]},{"damage_healed":18,"gold_gain":0,"player_choice":"Healed","damage_taken":0,"max_hp_gain":0,"max_hp_loss":0,"event_name":"The Cleric","floor":8,"gold_loss":35},{"damage_healed":0,"gold_gain":0,"player_choice":"Rummage","damage_taken":0,"relics_obtained":["WarpedTongs"],"max_hp_gain":0,"max_hp_loss":0,"event_name":"Accursed Blacksmith","floor":12,"gold_loss":0,"cards_obtained":["Pain"]},{"damage_healed":0,"gold_gain":100,"player_choice":"Pray","damage_taken":0,"max_hp_gain":0,"max_hp_loss":0,"event_name":"Golden Shrine","floor":33,"gold_loss":0},{"damage_healed":0,"gold_gain":0,"player_choice":"Ignored","damage_taken":0,"max_hp_gain":0,"max_hp_loss":0,"event_name":"Mysterious Sphere","floor":41,"gold_loss":0},{"damage_healed":56,"gold_gain":0,"player_choice":"Heal","damage_taken":0,"max_hp_gain":0,"max_hp_loss":0,"event_name":"MindBloom","floor":47,"gold_loss":0,"cards_obtained":["Doubt"]},{"cards_removed":["PrismaMod:IllyaCommonAttack"],"damage_healed":0,"gold_gain":0,"player_choice":"Removed Attack","damage_taken":0,"max_hp_gain":0,"max_hp_loss":0,"event_name":"Falling","floor":50,"gold_loss":0}],"is_beta":false,"boss_relics":[{"not_picked":["ChewingGum","Fusion Hammer"],"picked":"SlaversCollar"},{"not_picked":["Replay:Drink Me","Tiny House"],"picked":"Ring of Chaos"}],"items_purged_floors":[38,55],"is_endless":false,"potions_floor_spawned":[1,3,11,15,18,24,25,31,32,42,46,56],"ascension_level":0}}