{"host":"9w1j3v3kvq5208ps","time":1609767354,"event":{"mods":["2.2 Compatiblity","BaseMod","CapriCore","Colored Map","DeckTracker","Highlight Path","Keyboard Shortcuts","Minty Spire (QoL Compilation)","Permanent Neow","Quick Restart","StSLib","SuperFastMode","The Immortal","everything is the same but u backflip on backflip"],"gold_per_floor":[117,117,137,25,45,45,58,75,98,98,98,112,127,27,27,123,123,141,160,171,23,42,42,57,57,83,83,83,83,96,110,110,206,206,221,241,341,8,21,21,37,50,50,75,75,93,93,109,109,109],"floor_reached":51,"playtime":2490,"items_purged":["Defend_G","Strike_G","Dash"],"score":802,"play_id":"e44c5995-84fe-4a5a-9a80-84d909c3ae15","local_time":"20210104223554","is_ascension_mode":true,"campfire_choices":[{"data":"Bullet Time","floor":6,"key":"SMITH"},{"data":"Die Die Die","floor":11,"key":"SMITH"},{"data":"Cloak And Dagger","floor":15,"key":"SMITH"},{"floor":23,"key":"REST"},{"floor":27,"key":"REST"},{"floor":29,"key":"REST"},{"data":"Cloak And Dagger","floor":32,"key":"SMITH"},{"data":"Accuracy","floor":40,"key":"SMITH"},{"floor":45,"key":"REST"},{"data":"Accuracy","floor":47,"key":"SMITH"},{"floor":49,"key":"REST"}],"circlet_count":0,"master_deck":["Strike_G+1","Strike_G+1","Defend_G","Defend_G","Survivor+1","Neutralize","Bullet Time+1","Underhanded Strike+1","Accuracy+1","Cloak And Dagger+1","Die Die Die+1","Cloak And Dagger+1","Quick Slash","Phantasmal Killer","Backstab+1","Bullet Time+1","Sucker Punch+1","Poisoned Stab+1","Acrobatics","Blade Dance","Dagger Throw","Acrobatics+1","Backflip+1","Tools of the Trade","Reflex+1","Blur+1","Accuracy+1","Prepared+1","Terror+1","Slice+1","Dodge and Roll+1","Tactician"],"relics":["Ring of the Snake","Bag of Marbles","Potion Belt","Astrolabe","Membership Card","MutagenicStrength","Vajra","SacredBark","Whetstone","Centennial Puzzle","ClockworkSouvenir","The Courier","Snake Skull"],"acts_visited":["Exordium","TheCity","TheBeyond"],"potions_floor_usage":[8,13,16,20,33,44,44,50,50,50],"damage_taken":[{"damage":0,"enemies":"2 Louse","floor":1,"turns":3},{"damage":0,"enemies":"Jaw Worm","floor":3,"turns":3},{"damage":0,"enemies":"Cultist","floor":5,"turns":4},{"damage":0,"enemies":"Red Slaver","floor":7,"turns":4},{"damage":0,"enemies":"Blue Slaver","floor":8,"turns":1},{"damage":1,"enemies":"Exordium Wildlife","floor":12,"turns":3},{"damage":0,"enemies":"Exordium Thugs","floor":13,"turns":3},{"damage":23,"enemies":"Hexaghost","floor":16,"turns":11},{"damage":0,"enemies":"Shell Parasite","floor":18,"turns":3},{"damage":2,"enemies":"Chosen","floor":19,"turns":3},{"damage":28,"enemies":"Shelled Parasite and Fungi","floor":20,"turns":6},{"damage":32,"enemies":"Snecko","floor":22,"turns":7},{"damage":18,"enemies":"Centurion and Healer","floor":24,"turns":4},{"damage":5,"enemies":"Sentry and Sphere","floor":30,"turns":3},{"damage":0,"enemies":"Snecko","floor":31,"turns":2},{"damage":29,"enemies":"Automaton","floor":33,"turns":6},{"damage":0,"enemies":"3 Shapes","floor":35,"turns":2},{"damage":0,"enemies":"Orb Walker","floor":36,"turns":1},{"damage":8,"enemies":"Jaw Worm Horde","floor":39,"turns":3},{"damage":0,"enemies":"Sphere and 2 Shapes","floor":41,"turns":3},{"damage":5,"enemies":"3 Darklings","floor":42,"turns":3},{"damage":50,"enemies":"Nemesis","floor":44,"turns":5},{"damage":15,"enemies":"Transient","floor":46,"turns":5},{"damage":0,"enemies":"Spire Growth","floor":48,"turns":2},{"damage":44,"enemies":"Donu and Deca","floor":50,"turns":5}],"seed_played":"1674176799758554275","potions_obtained":[{"floor":7,"key":"DistilledChaos"},{"floor":12,"key":"DistilledChaos"},{"floor":13,"key":"SpeedPotion"},{"floor":19,"key":"EssenceOfSteel"},{"floor":30,"key":"CunningPotion"},{"floor":31,"key":"LiquidBronze"},{"floor":33,"key":"PowerPotion"},{"floor":39,"key":"SteroidPotion"},{"floor":42,"key":"Fruit Juice"},{"floor":46,"key":"SpeedPotion"},{"floor":48,"key":"LiquidMemories"}],"is_trial":false,"path_per_floor":["M","?","M","$","M","R","M","M","T","?","R","M","M","$","R","B",null,"M","M","M","$","M","R","M","?","T","R","?","R","M","M","R","B",null,"M","M","?","$","M","R","M","M","T","E","R","M","R","M","R","B",null],"character_chosen":"THE_SILENT","items_purchased":["Accuracy","Membership Card","Accuracy","Whetstone","Centennial Puzzle","ClockworkSouvenir"],"campfire_rested":5,"item_purchase_floors":[4,21,38,38,38,38],"current_hp_per_floor":[70,56,56,56,56,56,56,56,56,56,56,55,55,55,55,32,70,70,68,40,40,8,29,11,11,11,32,32,53,48,48,48,19,70,70,70,70,70,62,62,62,57,57,17,41,26,26,26,50,6],"gold":109,"neow_bonus":"ONE_RANDOM_RARE_CARD","is_daily":false,"chose_seed":false,"campfire_upgraded":6,"win_rate":0.0,"timestamp":1609767354,"path_taken":["M","?","M","$","M","R","M","M","T","?","R","?","M","?","R","BOSS","M","M","M","$","M","R","M","?","T","R","?","R","M","M","R","BOSS","M","M","?","$","M","R","M","M","T","E","R","?","R","M","R","BOSS"],"items_purchased_type":["Card","Relic","Card","Relic","Relic","Relic"],"build_version":"2020-12-22","purchased_purges":3,"victory":true,"max_hp_per_floor":[70,70,70,70,70,70,70,70,70,70,70,70,70,70,70,70,70,70,70,70,70,70,70,70,70,70,70,70,70,70,70,70,70,70,70,70,70,70,70,70,70,70,70,80,80,80,80,80,80,80],"card_choices":[{"not_picked":["PiercingWail","Tactician"],"picked":"Underhanded Strike","floor":1},{"not_picked":["Deflect","Slice"],"picked":"PiercingWail","floor":3},{"not_picked":["Choke","Flying Knee"],"picked":"Dash","floor":5},{"not_picked":["Bouncing Flask","Outmaneuver"],"picked":"Cloak And Dagger","floor":7},{"not_picked":["Outmaneuver","Sucker Punch"],"picked":"Die Die Die","floor":8},{"not_picked":["PiercingWail","Calculated Gamble"],"picked":"Cloak And Dagger","floor":12},{"not_picked":["Flying Knee","Underhanded Strike"],"picked":"Quick Slash","floor":13},{"not_picked":["Die Die Die","Wraith Form v2"],"picked":"Phantasmal Killer","floor":16},{"not_picked":["Deadly Poison","Bane"],"picked":"Poisoned Stab+1","floor":18},{"not_picked":["Underhanded Strike","Slice"],"picked":"Acrobatics","floor":19},{"not_picked":["Heel Hook+1","Outmaneuver"],"picked":"Blade Dance","floor":20},{"not_picked":["All Out Attack","Acrobatics"],"picked":"Dagger Throw","floor":22},{"not_picked":["Caltrops+1","Catalyst"],"picked":"Acrobatics+1","floor":24},{"not_picked":["Quick Slash","Grand Finale"],"picked":"Backflip+1","floor":30},{"not_picked":["Flying Knee","PiercingWail","Backflip"],"picked":"SKIP","floor":31},{"not_picked":["Night Terror","Unload"],"picked":"Tools of the Trade","floor":33},{"not_picked":["Deadly Poison","Riddle With Holes+1"],"picked":"Reflex+1","floor":35},{"not_picked":["Sucker Punch","Prepared"],"picked":"Blur+1","floor":36},{"not_picked":["Acrobatics","Setup"],"picked":"Prepared+1","floor":39},{"not_picked":["Cloak And Dagger","Flechettes"],"picked":"Terror+1","floor":41},{"not_picked":["Dagger Throw","Storm of Steel"],"picked":"Slice+1","floor":42},{"not_picked":["Bane","Cloak And Dagger+1"],"picked":"Dodge and Roll+1","floor":44},{"not_picked":["Masterful Stab","Dash+1","Setup"],"picked":"SKIP","floor":46},{"not_picked":["Prepared","Terror+1"],"picked":"Tactician","floor":48}],"player_experience":195300,"relics_obtained":[{"floor":9,"key":"Bag of Marbles"},{"floor":26,"key":"Vajra"},{"floor":43,"key":"The Courier"},{"floor":44,"key":"Snake Skull"}],"event_choices":[{"damage_healed":0,"gold_gain":0,"player_choice":"Entered Light","damage_taken":14,"max_hp_gain":0,"max_hp_loss":0,"event_name":"Shining Light","floor":2,"gold_loss":0,"cards_upgraded":["Strike_G","Survivor"]},{"cards_removed":["PiercingWail"],"damage_healed":0,"gold_gain":0,"player_choice":"Gave Card","damage_taken":0,"relics_obtained":["Potion Belt"],"max_hp_gain":0,"max_hp_loss":0,"event_name":"WeMeetAgain","floor":10,"gold_loss":0},{"damage_healed":0,"gold_gain":0,"player_choice":"Inject Mutagens","damage_taken":0,"relics_obtained":["MutagenicStrength"],"max_hp_gain":0,"max_hp_loss":0,"event_name":"Drug Dealer","floor":25,"gold_loss":0},{"cards_removed":["Defend_G"],"damage_healed":0,"gold_gain":0,"player_choice":"Elegance","damage_taken":0,"max_hp_gain":0,"max_hp_loss":0,"event_name":"Back to Basics","floor":28,"gold_loss":0},{"damage_healed":0,"gold_gain":100,"player_choice":"Pray","damage_taken":0,"max_hp_gain":0,"max_hp_loss":0,"event_name":"Golden Shrine","floor":37,"gold_loss":0}],"is_beta":false,"boss_relics":[{"not_picked":["Runic Dome","Ectoplasm"],"picked":"Astrolabe"},{"not_picked":["Snecko Eye","Sozu"],"picked":"SacredBark"}],"items_purged_floors":[4,14,38],"is_endless":false,"potions_floor_spawned":[7,12,13,19,30,31,33,39,42,46,48],"ascension_level":4}}