{"host":"h3c6rtdc4153hgw2","time":1609791794,"event":{"mods":["AchievementEnabler","Aspiration","BaseMod","Beaked The Cultist","Colored Map","Colored Powertips","Hermit","Hubris","Marisa????????","Minty Spire (QoL Compilation)","Permanent Neow","Quick Restart","StSLib","The Construct","The Cursed","The Hierophant","The Necromancer"],"gold_per_floor":[112,112,122,193,193,193,207,207,207,218,17,36,74,113,113,212,212,178,178,178,25,25,77,112,169,169,24,24,24,62,111,111,81,81],"floor_reached":33,"playtime":1481,"items_purged":[],"score":310,"play_id":"83b025ec-8fd0-46e7-b3be-601eaa3a1ef0","local_time":"20210104202314","is_ascension_mode":false,"campfire_choices":[{"data":"hierophant:Punish","floor":6,"key":"SMITH"},{"data":"hierophant:HolyVerse","floor":8,"key":"SMITH"},{"floor":15,"key":"REST"}],"circlet_count":0,"master_deck":["hierophant:Strike_Hierophant","hierophant:Strike_Hierophant","hierophant:Strike_Hierophant","hierophant:Strike_Hierophant","hierophant:Punish+1","hierophant:Defend_Hierophant","hierophant:Defend_Hierophant","hierophant:Defend_Hierophant","hierophant:Defend_Hierophant","hierophant:ChurchCoffers","hierophant:FlamingChariot","hierophant:Smite+1","hierophant:HolyVerse+1","hierophant:Encroach","hierophant:Zeal","hierophant:RustyCrate","hierophant:Doubloon","hierophant:Doubloon+1","hierophant:ThreeLashes","hierophant:RepressedViolence","hierophant:Determination","hierophant:Smite+1","Ghostly","Ghostly","Ghostly","Ghostly","Ghostly","hierophant:EyeForCoin","hierophant:Doubloon+1","hierophant:Shelter","hierophant:Doubloon","hierophant:ThreeLashes","hierophant:ThreeLashes+1","hierophant:Doubloon","hierophant:Doubloon"],"relics":["hierophant:PropheticMaskRelic","aspiration:Nostalgia","Ring of the Snake","hubris:CrystalStatue","Nunchaku","aspiration:HummingbirdHeart","Omamori","aspiration:PoetsPen_weak","Matryoshka","ClockworkSouvenir","aspiration:ArtOfWarUpgrade","StoneCalendar","Singing Bowl","Happy Flower","hubris:BottledRain","War Paint","aspiration:HiddenCompartment","Pocketwatch"],"acts_visited":["Exordium","TheCity"],"potions_floor_usage":[7,25,33],"damage_taken":[{"damage":0,"enemies":"Small Slimes","floor":1,"turns":2},{"damage":6,"enemies":"Jaw Worm","floor":3,"turns":3},{"damage":16,"enemies":"Lagavulin","floor":7,"turns":4},{"damage":0,"enemies":"2 Louse","floor":10,"turns":1},{"damage":0,"enemies":"Blue Slaver","floor":12,"turns":1},{"damage":0,"enemies":"Exordium Thugs","floor":13,"turns":2},{"damage":0,"enemies":"Large Slime","floor":14,"turns":3},{"damage":25,"enemies":"Slime Boss","floor":16,"turns":7},{"damage":10,"enemies":"2 Thieves","floor":18,"turns":3},{"damage":13,"enemies":"Gremlin Leader","floor":23,"turns":6},{"damage":0,"enemies":"Chosen","floor":24,"turns":3},{"damage":35,"enemies":"Book of Stabbing","floor":25,"turns":6},{"damage":9,"enemies":"3 Cultists","floor":30,"turns":5},{"damage":11,"enemies":"Cultist and Chosen","floor":31,"turns":6},{"damage":52,"enemies":"hubris:MusketHawk","floor":33,"turns":6}],"seed_played":"592741321647736099","potions_obtained":[{"floor":3,"key":"DistilledChaos"},{"floor":7,"key":"BlessingOfTheForge"},{"floor":10,"key":"DistilledChaos"},{"floor":16,"key":"SkillPotion"},{"floor":24,"key":"FairyPotion"}],"is_trial":false,"path_per_floor":["M","?","M","T","?","R","E","R","T","M","$","M","M","M","R","B",null,"M","?","T","$","?","E","M","E","T","$","R","T","M","M","R","B"],"character_chosen":"HIEROPHANT","items_purchased":["Omamori","hierophant:Zeal","ClockworkSouvenir","War Paint"],"campfire_rested":1,"item_purchase_floors":[11,11,21,27],"current_hp_per_floor":[75,75,69,69,69,69,53,53,53,53,53,53,53,53,75,50,75,74,37,37,37,37,34,34,21,21,21,21,21,22,13,13,0,0],"gold":81,"neow_bonus":"NOSTALGIA","is_daily":false,"chose_seed":false,"campfire_upgraded":2,"win_rate":0.0,"timestamp":1609791794,"path_taken":["M","?","M","?","?","R","E","R","T","M","?","M","?","M","R","BOSS","M","?","?","$","?","E","?","E","T","$","R","?","M","M","R","BOSS"],"items_purchased_type":["Relic","Card","Relic","Relic"],"build_version":"2020-12-22","purchased_purges":0,"victory":false,"max_hp_per_floor":[75,75,75,75,75,75,75,75,75,75,75,75,75,75,75,75,75,75,37,37,37,37,37,37,37,37,37,37,37,37,39,39,39,39],"card_choices":[{"not_picked":["hierophant:Remorse","hierophant:Doubloon"],"picked":"hierophant:FlamingChariot","floor":1},{"not_picked":["hierophant:FieryStrike","hierophant:Shelter"],"picked":"hierophant:Smite","floor":3},{"not_picked":["hierophant:Encroach","hierophant:Dazzle"],"picked":"hierophant:HolyVerse","floor":7},{"not_picked":["hierophant:Doubloon","hierophant:AuricBeam"],"picked":"hierophant:Encroach","floor":10},{"not_picked":["hierophant:Mercenaries","hierophant:CoinFling"],"picked":"hierophant:RustyCrate","floor":12},{"not_picked":["hierophant:Doubloon","hierophant:Sermon"],"picked":"hierophant:ThreeLashes","floor":13},{"not_picked":["hierophant:HammerAndAnvil","hierophant:Remorse"],"picked":"hierophant:RepressedViolence","floor":14},{"not_picked":["hierophant:Cornucopia","hierophant:BulkyChest"],"picked":"hierophant:Determination","floor":16},{"not_picked":["hierophant:DisplayOfPower","hierophant:AuricBeam"],"picked":"hierophant:Smite+1","floor":18},{"not_picked":["hierophant:DeathKnell","hierophant:Bribe+1"],"picked":"hierophant:EyeForCoin","floor":23},{"not_picked":["hierophant:Encroach+1","hierophant:RepressedViolence"],"picked":"hierophant:Shelter","floor":24},{"not_picked":["hierophant:SealAway","hierophant:Cornucopia"],"picked":"hierophant:ThreeLashes","floor":25},{"not_picked":["hierophant:AuricShield","hierophant:Doomsaying"],"picked":"hierophant:ThreeLashes+1","floor":30},{"not_picked":["hierophant:TollTheBells","hierophant:ConvertCurrency","hierophant:Zeal"],"picked":"Singing Bowl","floor":31}],"player_experience":125262,"relics_obtained":[{"floor":4,"key":"hubris:CrystalStatue"},{"floor":7,"key":"Nunchaku"},{"floor":9,"key":"aspiration:HummingbirdHeart"},{"floor":20,"key":"Matryoshka"},{"floor":23,"key":"StoneCalendar"},{"floor":25,"key":"Singing Bowl"},{"floor":26,"key":"Happy Flower"},{"floor":26,"key":"hubris:BottledRain"},{"floor":29,"key":"aspiration:HiddenCompartment"},{"floor":29,"key":"Pocketwatch"}],"event_choices":[{"damage_healed":0,"gold_gain":0,"player_choice":"Leave","damage_taken":0,"max_hp_gain":0,"max_hp_loss":0,"event_name":"The Cleric","floor":2,"gold_loss":0},{"damage_healed":0,"gold_gain":0,"player_choice":"Became a Ghost","damage_taken":0,"max_hp_gain":0,"max_hp_loss":38,"event_name":"Ghosts","floor":19,"gold_loss":0,"cards_obtained":["Ghostly","Ghostly","Ghostly","Ghostly","Ghostly"]},{"damage_healed":0,"gold_gain":0,"player_choice":"Opened","damage_taken":0,"relics_obtained":["Art of War"],"max_hp_gain":0,"max_hp_loss":0,"event_name":"The Mausoleum","floor":22,"gold_loss":0}],"is_beta":false,"boss_relics":[{"not_picked":["aspiration:BeakedSkillbook","aspiration:DefectSkillbook"],"picked":"aspiration:PoetsPen_weak"}],"items_purged_floors":[],"is_endless":false,"potions_floor_spawned":[3,7,10,16,24],"killed_by":"hubris:MusketHawk","ascension_level":0}}