{"host":"nptej036rrbiurf5","time":1609762872,"event":{"mods":["BaseMod","Colored Map","Colored Powertips","DeckTracker","Minty Spire (QoL Compilation)","StSLib","SuperFastMode"],"gold_per_floor":[109,122,132,132,132,159,234,234,234,234,249,261,4,22,22,101,101,112,112,127,127,143,170,170,198,198,198,198,33,53,3,3,76,76,89,108,124,124,136,166,166,200,226,226,226],"floor_reached":44,"playtime":1316,"items_purged":["Strike_G","Strike_G"],"score":1041,"play_id":"98963047-9781-41d7-87c5-2fd15076c7db","local_time":"20210104212112","is_ascension_mode":true,"campfire_choices":[{"floor":8.0,"key":"REST"},{"data":"Blade Dance","floor":10.0,"key":"SMITH"},{"data":"Blade Dance","floor":15.0,"key":"SMITH"},{"data":"A Thousand Cuts","floor":24.0,"key":"SMITH"},{"data":"Defend_G","floor":28.0,"key":"PURGE"},{"floor":32.0,"key":"REST"},{"floor":41,"key":"REST"}],"circlet_count":0,"master_deck":["AscendersBane","Defend_G","Defend_G","Defend_G","Survivor","Neutralize","Envenom+1","Finisher","Endless Agony","Dagger Spray","Blade Dance+1","Blade Dance+1","Venomology","Master of Strategy","CurseOfTheBell","Terror","PiercingWail","Adrenaline","Corpse Explosion","Cloak And Dagger","Storm of Steel","Slice+1","A Thousand Cuts+1","Sucker Punch+1","Prepared+1","Escape Plan","Acrobatics","Tactician"],"relics":["Ring of the Snake","Mango","Mercury Hourglass","Smiling Mask","Shuriken","Tingsha","Nloth\u0027s Gift","Pear","Peace Pipe","Bottled Flame","MutagenicStrength","Oddly Smooth Stone","Astrolabe","Juzu Bracelet","Molten Egg 2"],"acts_visited":["Exordium","TheCity","TheBeyond"],"potions_floor_usage":[37,37,42,44,44,44],"damage_taken":[{"damage":7.0,"enemies":"Jaw Worm","floor":1.0,"turns":5.0},{"damage":14.0,"enemies":"Small Slimes","floor":2.0,"turns":4.0},{"damage":0.0,"enemies":"Cultist","floor":3.0,"turns":2.0},{"damage":5.0,"enemies":"3 Sentries","floor":6.0,"turns":4.0},{"damage":0.0,"enemies":"Exordium Wildlife","floor":11.0,"turns":2.0},{"damage":0.0,"enemies":"Lots of Slimes","floor":12.0,"turns":2.0},{"damage":4.0,"enemies":"Blue Slaver","floor":14.0,"turns":3.0},{"damage":20.0,"enemies":"The Guardian","floor":16.0,"turns":9.0},{"damage":0.0,"enemies":"Spheric Guardian","floor":18.0,"turns":2.0},{"damage":4.0,"enemies":"3 Byrds","floor":20.0,"turns":3.0},{"damage":0.0,"enemies":"Sentry and Sphere","floor":22.0,"turns":2.0},{"damage":25.0,"enemies":"Slavers","floor":23.0,"turns":5.0},{"damage":28.0,"enemies":"Book of Stabbing","floor":25.0,"turns":4.0},{"damage":0.0,"enemies":"Centurion and Healer","floor":30.0,"turns":1.0},{"damage":30.0,"enemies":"Collector","floor":33.0,"turns":4.0},{"damage":9.0,"enemies":"3 Shapes","floor":35.0,"turns":2.0},{"damage":0,"enemies":"Orb Walker","floor":36,"turns":1},{"damage":30,"enemies":"Writhing Mass","floor":37,"turns":4},{"damage":21,"enemies":"Spire Growth","floor":39,"turns":3},{"damage":6,"enemies":"Nemesis","floor":40,"turns":3},{"damage":7,"enemies":"Giant Head","floor":42,"turns":4},{"damage":39,"enemies":"Nemesis","floor":44,"turns":3}],"seed_played":"42527605676726863","potions_obtained":[{"floor":2.0,"key":"SteroidPotion"},{"floor":12.0,"key":"EssenceOfSteel"},{"floor":16.0,"key":"PowerPotion"},{"floor":18.0,"key":"PowerPotion"},{"floor":20.0,"key":"Dexterity Potion"},{"floor":30.0,"key":"Fire Potion"},{"floor":42,"key":"Fire Potion"}],"is_trial":false,"path_per_floor":["M","M","M","?","?","E","?","R","T","R","M","M","$","M","R","B",null,"M","?","M","?","M","E","R","E","T","?","R","$","M","$","R","B",null,"M","M","M","?","M","E","R","E","T","E"],"character_chosen":"THE_SILENT","items_purchased":["Master of Strategy","Oddly Smooth Stone"],"campfire_rested":3,"item_purchase_floors":[13,29],"current_hp_per_floor":[52,38,38,18,11,20,9,33,33,33,33,33,33,29,29,9,62,62,62,58,58,58,43,43,15,15,15,15,15,15,15,42,12,71,62,62,32,32,11,5,32,25,25,0,0],"gold":226,"neow_bonus":"ONE_RANDOM_RARE_CARD","is_daily":false,"chose_seed":false,"campfire_upgraded":3,"win_rate":0.0,"timestamp":1609762872,"path_taken":["M","M","M","?","?","E","?","R","T","R","M","M","?","M","R","BOSS","M","?","M","?","?","E","R","E","T","?","R","?","?","$","R","BOSS","M","M","?","?","M","E","R","E","T","E"],"items_purchased_type":["Card","Relic"],"build_version":"2020-12-22","purchased_purges":2,"victory":false,"max_hp_per_floor":[66,66,66,66,66,80,80,80,80,80,80,80,80,80,80,80,80,80,80,80,80,80,90,90,90,90,90,90,90,90,90,90,90,90,90,90,90,90,90,90,90,90,90,90,90],"card_choices":[{"not_picked":["Bane","Cloak And Dagger"],"picked":"Finisher","floor":1.0},{"not_picked":["Acrobatics","Flying Knee"],"picked":"Endless Agony","floor":2.0},{"not_picked":["Slice","Outmaneuver"],"picked":"Dagger Spray","floor":3.0},{"not_picked":["Backflip","Underhanded Strike"],"picked":"Blade Dance","floor":6.0},{"not_picked":["Underhanded Strike","Calculated Gamble"],"picked":"Blade Dance","floor":11.0},{"not_picked":["Deadly Poison","Leg Sweep"],"picked":"Venomology","floor":12.0},{"not_picked":["Underhanded Strike","Outmaneuver","Dodge and Roll"],"picked":"SKIP","floor":14.0},{"not_picked":["Doppelganger","Phantasmal Killer"],"picked":"A Thousand Cuts","floor":16.0},{"not_picked":["Endless Agony","Concentrate"],"picked":"Terror","floor":18.0},{"not_picked":["Backflip","Bane"],"picked":"PiercingWail","floor":20.0},{"not_picked":["Flying Knee","Endless Agony","Deadly Poison"],"picked":"SKIP","floor":22.0},{"not_picked":["Setup","Quick Slash"],"picked":"Adrenaline","floor":23.0},{"not_picked":["Flying Knee","Crippling Poison"],"picked":"Corpse Explosion","floor":25.0},{"not_picked":["Blur","Dagger Spray"],"picked":"Cloak And Dagger","floor":30.0},{"not_picked":["Doppelganger","Glass Knife"],"picked":"Storm of Steel","floor":33.0},{"not_picked":["Dodge and Roll","Dagger Throw+1"],"picked":"Prepared+1","floor":35},{"not_picked":["Underhanded Strike","Choke"],"picked":"Escape Plan","floor":36},{"not_picked":["Infinite Blades","Caltrops","Dagger Throw"],"picked":"SKIP","floor":37},{"not_picked":["Dagger Spray","Endless Agony+1"],"picked":"Acrobatics","floor":39},{"not_picked":["Bouncing Flask","Venomology"],"picked":"Tactician","floor":40},{"not_picked":["Skewer+1","Die Die Die+1","Blur"],"picked":"SKIP","floor":42}],"player_experience":873479,"relics_obtained":[{"floor":6.0,"key":"Mango"},{"floor":9.0,"key":"Mercury Hourglass"},{"floor":17.0,"key":"Smiling Mask"},{"floor":17.0,"key":"Shuriken"},{"floor":17.0,"key":"Tingsha"},{"floor":23.0,"key":"Pear"},{"floor":25.0,"key":"Peace Pipe"},{"floor":26.0,"key":"Bottled Flame"},{"floor":40,"key":"Juzu Bracelet"},{"floor":42,"key":"Molten Egg 2"}],"event_choices":[{"damage_healed":0.0,"max_hp_gain":0.0,"max_hp_loss":0.0,"gold_gain":0.0,"event_name":"Shining Light","player_choice":"Entered Light","floor":4.0,"gold_loss":0.0,"damage_taken":20.0,"cards_upgraded":["Strike_G","Envenom"]},{"cards_removed":["Strike_G"],"damage_healed":0.0,"max_hp_gain":0.0,"max_hp_loss":0.0,"gold_gain":0.0,"event_name":"Golden Wing","player_choice":"Card Removal","floor":5.0,"gold_loss":0.0,"damage_taken":7.0},{"damage_healed":0.0,"max_hp_gain":0.0,"max_hp_loss":0.0,"gold_gain":75.0,"event_name":"World of Goop","player_choice":"Gather Gold","floor":7.0,"gold_loss":0.0,"damage_taken":11.0},{"damage_healed":0.0,"max_hp_gain":0.0,"max_hp_loss":0.0,"gold_gain":0.0,"event_name":"Ghosts","player_choice":"Ignored","floor":19.0,"gold_loss":0.0,"damage_taken":0.0},{"damage_healed":0.0,"max_hp_gain":0.0,"max_hp_loss":0.0,"gold_gain":0.0,"event_name":"N\u0027loth","player_choice":"Traded Relic","floor":21.0,"relics_lost":["Calling Bell"],"gold_loss":0.0,"damage_taken":0.0,"relics_obtained":["Nloth\u0027s Gift"]},{"damage_healed":0.0,"max_hp_gain":0.0,"max_hp_loss":0.0,"gold_gain":0.0,"event_name":"Drug Dealer","player_choice":"Inject Mutagens","floor":27.0,"gold_loss":0.0,"damage_taken":0.0,"relics_obtained":["MutagenicStrength"]},{"cards_removed":["A Thousand Cuts"],"damage_healed":0,"gold_gain":0,"player_choice":"Removed Power","damage_taken":0,"max_hp_gain":0,"max_hp_loss":0,"event_name":"Falling","floor":38,"gold_loss":0}],"is_beta":false,"boss_relics":[{"not_picked":["Busted Crown","SacredBark"],"picked":"Calling Bell"},{"not_picked":["Coffee Dripper","Velvet Choker"],"picked":"Astrolabe"}],"items_purged_floors":[13,31],"is_endless":false,"potions_floor_spawned":[2,12,16,18,20,25,30,42],"killed_by":"Nemesis","ascension_level":20}}