{"host":"56ghxnzsglgdq727","time":1609737332,"event":{"mods":["AchievementEnabler","BaseMod","Downfall","Minty Spire (QoL Compilation)","StSLib"],"gold_per_floor":[349,360,360,377,397,18,18,45,70,70,70,70],"floor_reached":10,"playtime":485,"items_purged":[],"score":60,"play_id":"a3796d29-d68e-45f0-9f34-591b728c2865","local_time":"20210104001532","is_ascension_mode":false,"campfire_choices":[{"data":"hexamod:Float","floor":1,"key":"SMITH"}],"circlet_count":0,"master_deck":["hexamod:Strike","hexamod:Strike","hexamod:Strike","hexamod:Strike","hexamod:Defend","hexamod:Defend","hexamod:Defend","hexamod:Defend","hexamod:Sear+1","hexamod:Float+1","hexamod:SoulSteal","hexamod:SecondSeal","hexamod:FourthSeal","hexamod:FlamesFromBeyond"],"relics":["hexamod:SpiritBrand","Shovel"],"acts_visited":["Exordium"],"potions_floor_usage":[8,10,10,10],"damage_taken":[{"damage":0,"enemies":"Cultist","floor":2,"turns":3},{"damage":2,"enemies":"2 Louse","floor":4,"turns":3},{"damage":1,"enemies":"Small Slimes","floor":5,"turns":3},{"damage":0,"enemies":"downfall:FleeingMerchant","floor":6,"turns":4},{"damage":12,"enemies":"Exordium Thugs","floor":8,"turns":6},{"damage":21,"enemies":"3 Louse","floor":9,"turns":3},{"damage":14,"enemies":"Gremlin Nob","floor":10,"turns":5}],"seed_played":"-3755907539255139864","potions_obtained":[{"floor":5,"key":"BlessingOfTheForge"},{"floor":8,"key":"Ancient Potion"},{"floor":8,"key":"Guardian:BlockOnCardUsePotion"},{"floor":9,"key":"DuplicationPotion"}],"is_trial":false,"path_per_floor":["R","M","?","M","M","$","T","M","M","E"],"character_chosen":"THE_SPIRIT","items_purchased":["hexamod:FourthSeal","Shovel"],"campfire_rested":0,"item_purchase_floors":[6,6],"current_hp_per_floor":[63,63,63,61,60,60,60,48,27,13,13,13],"gold":70,"neow_bonus":"TWO_FIFTY_GOLD","is_daily":false,"chose_seed":false,"campfire_upgraded":1,"win_rate":0.0,"timestamp":1609737332,"path_taken":["R","M","?","?","M","$","T","?","M","E"],"items_purchased_type":["Card","Relic"],"build_version":"2020-12-22","purchased_purges":0,"victory":false,"max_hp_per_floor":[63,63,63,63,63,63,63,63,63,63,63,63],"card_choices":[{"not_picked":["hexamod:ThermalTransfer","hexamod:Rewind","hexamod:BacktrackSmack"],"picked":"SKIP","floor":2},{"not_picked":["hexamod:AdvancingGuard","hexamod:BurningTouch","hexamod:SpectersWail"],"picked":"SKIP","floor":4},{"not_picked":["hexamod:NecessarySacrifice","hexamod:TurnItUp"],"picked":"hexamod:SoulSteal","floor":5},{"not_picked":["hexamod:RainOfEmbers","hexamod:EmpoweredFlame"],"picked":"hexamod:SecondSeal","floor":6},{"not_picked":["hexamod:Haunt","hexamod:AdvancingGuard","hexamod:ThermalTransfer"],"picked":"SKIP","floor":8},{"not_picked":["hexamod:GhostOfSpirePresent","hexamod:ShieldOfDarkness"],"picked":"hexamod:FlamesFromBeyond","floor":9}],"player_experience":119036,"relics_obtained":[],"event_choices":[{"damage_healed":0,"gold_gain":0,"player_choice":"Forge","damage_taken":0,"max_hp_gain":0,"max_hp_loss":0,"event_name":"Accursed Blacksmith","floor":3,"gold_loss":0,"cards_upgraded":["hexamod:Sear"]}],"is_beta":false,"boss_relics":[],"items_purged_floors":[],"is_endless":false,"potions_floor_spawned":[5,8],"killed_by":"Gremlin Nob","ascension_level":0}}