{"host":"3twtdwjpiqhvvn5s","time":1609726469,"event":{"mods":["Act Like it!","BaseMod","BetterRewards","Colored Map","Downfall","Duelist Mod","Friendly Minions","GifTheSpireLib","Hallownest","Hermit","Hubris","Infinite Spire","Jorbs\u0027s Wanderer Trilogy","Marisa????????","Minty Spire (QoL Compilation)","Random Character Mod","Rare Cards Sparkle","Replay The Spire","Shop Mod","StSLib","Td1madao Mod","The Animator","The Bug Knight","The Caster","The Cursed","The Disciple","The Jungle","The Mystic","The Necromancer","The Runesmith","The Servant 0.9.4","TheFirefly"],"gold_per_floor":[115,133,133,145,2,2,30,30,80,110,125,157,157,170,170,270,270,284,296,25,40,40,65,84,109,132,167,183,193,206,222,222,222,222],"floor_reached":33,"playtime":55775,"items_purged":["mysticmod:Strike_Mystic"],"score":456,"play_id":"b3237e00-0c80-4d8a-bef2-c664d3fb22e5","local_time":"20210103201429","daily_mods":["Red Cards","Elite Swarm"],"is_ascension_mode":false,"campfire_choices":[{"floor":6,"key":"REST"},{"data":"mysticmod:SpellRecall","floor":8,"key":"SMITH"},{"data":"mysticmod:Dedication","floor":15,"key":"SMITH"},{"floor":32,"key":"REST"}],"circlet_count":0,"master_deck":["mysticmod:Strike_Mystic","mysticmod:Strike_Mystic","mysticmod:Strike_Mystic","mysticmod:Defend_Mystic","mysticmod:Defend_Mystic","mysticmod:Defend_Mystic","mysticmod:Defend_Mystic","mysticmod:ArcaneDodge","mysticmod:ShockingGrasp","mysticmod:Dedication+1","mysticmod:Probe","ReplayTheSpireMod:Chaos Vortex","mysticmod:StyleChange","mysticmod:GeminiForm","mysticmod:SpellRecall+1","mysticmod:Discipline","mysticmod:ComboCaster","mysticmod:MirrorEntity","mysticmod:Sideswipe","mysticmod:GeminiForm","CurseOfTheBell","mysticmod:TomeOfSpells","mysticmod:Sideswipe","ReplayTheSpireMod:Necrogeddon","Replay:SS_hec_2","mysticmod:Sideswipe","mysticmod:Momentum","mysticmod:Discipline","mysticmod:GeminiForm","mysticmod:Stoneskin","mysticmod:Discipline","mysticmod:MightyMagic"],"relics":["Unceasing Top","mysticmod:RunicPrism","Replay:Rubber Ducky","hubris:Zylophone","hubris:Teleporter","hubris:Towel","Calling Bell","Orichalcum","Matryoshka","Pondfish Scales","Boot","Sundial","Smiling Mask","Lantern","Replay:Bottled Snecko"],"acts_visited":["Hallownest:Greenpath","theJungle:Jungle"],"potions_floor_usage":[7,10,14,14,23,25,28,30,31],"damage_taken":[{"damage":0,"enemies":"2_ Uuma","floor":1,"turns":5},{"damage":7,"enemies":"Hallownest:2_Baldur","floor":2,"turns":8},{"damage":0,"enemies":"Hallownest:monsterHuskGuard","floor":4,"turns":5},{"damage":0,"enemies":"Hallownest:eliteMossKnight","floor":7,"turns":12},{"damage":0,"enemies":"Hallownest:eliteVengeflyKing","floor":10,"turns":5},{"damage":0,"enemies":"Hallownest:1_Baldur_1_Crawlid_1_Warrior","floor":11,"turns":10},{"damage":0,"enemies":"Hallownest:eliteCrystalGuardian","floor":12,"turns":8},{"damage":0,"enemies":"Hallownest:1_Ooma_and_2_Uuma","floor":14,"turns":8},{"damage":21,"enemies":"Hallownest:BossHornet","floor":16,"turns":13},{"damage":0,"enemies":"theJungle:Flameango_and_Byrd","floor":18,"turns":8},{"damage":0,"enemies":"theJungle:GiantWrat","floor":19,"turns":7},{"damage":0,"enemies":"theJungle:2_Flameangoes","floor":21,"turns":10},{"damage":0,"enemies":"theJungle:Cassacara","floor":23,"turns":11},{"damage":0,"enemies":"theJungle:SlimyTreeVines","floor":24,"turns":9},{"damage":0,"enemies":"theJungle:2_Phrogs","floor":25,"turns":10},{"damage":4,"enemies":"theJungle:Cassacara","floor":27,"turns":14},{"damage":22,"enemies":"theJungle:JungleHuntersEncounter","floor":28,"turns":11},{"damage":0,"enemies":"theJungle:Lyon","floor":29,"turns":6},{"damage":7,"enemies":"theJungle:2_Flameangoes","floor":30,"turns":10},{"damage":2,"enemies":"Snake Plant","floor":31,"turns":6},{"damage":71,"enemies":"theJungle:TotemBoss","floor":33,"turns":12}],"seed_played":"3888101078765029682","potions_obtained":[{"floor":1,"key":"Toxic Potion"},{"floor":2,"key":"Weak Potion"},{"floor":10,"key":"Swift Potion"},{"floor":12,"key":"SkillPotion"},{"floor":21,"key":"sneckomod:MuddlingPotion"},{"floor":24,"key":"Weak Potion"},{"floor":27,"key":"Toxic Potion"},{"floor":29,"key":"ColorlessPotion"},{"floor":30,"key":"AttackPotion"}],"is_trial":true,"path_per_floor":["M","M","?","M","$","R","E","R","T","E","M","E","?","M","R","B",null,"M","M","$","M","$","E","M","E","T","E","M","M","M","M","R","B"],"character_chosen":"MYSTIC_CLASS","items_purchased":["mysticmod:GeminiForm","ReplayTheSpireMod:Necrogeddon","Replay:SS_hec_2"],"campfire_rested":2,"item_purchase_floors":[5,20,20],"current_hp_per_floor":[77,70,51,51,51,74,74,74,74,74,74,74,74,74,74,53,77,77,77,77,77,77,77,77,77,77,73,51,51,44,42,65,0,0],"gold":222,"neow_bonus":"","is_daily":false,"chose_seed":false,"campfire_upgraded":2,"win_rate":0.0,"timestamp":1609726469,"path_taken":["M","M","?","M","$","R","E","R","T","E","M","E","?","M","R","BOSS","M","M","$","M","$","E","M","E","T","E","M","M","M","M","R","BOSS"],"items_purchased_type":["Card","Card","Card"],"build_version":"2020-12-22","purchased_purges":1,"victory":false,"max_hp_per_floor":[77,77,77,77,77,77,77,77,77,77,77,77,77,77,77,77,77,77,77,77,77,77,77,77,77,77,77,77,77,77,77,77,77,77],"card_choices":[{"not_picked":["mysticmod:Flurry","mysticmod:DiviningBlow"],"picked":"mysticmod:Dedication","floor":1},{"not_picked":["mysticmod:Riposte","mysticmod:CureLightWounds"],"picked":"mysticmod:Probe","floor":2},{"not_picked":["hubris:Rewind","infinitespire:UltimateForm"],"picked":"ReplayTheSpireMod:Chaos Vortex","floor":3},{"not_picked":["mysticmod:DiviningBlow","mysticmod:Snowball"],"picked":"mysticmod:StyleChange","floor":4},{"not_picked":["mysticmod:Doublecast","mysticmod:KnowledgePool"],"picked":"mysticmod:SpellRecall","floor":7},{"not_picked":["mysticmod:Disintegrate","mysticmod:Lunge"],"picked":"mysticmod:Discipline","floor":10},{"not_picked":["mysticmod:Riposte","mysticmod:HeavyStrike"],"picked":"mysticmod:ComboCaster","floor":11},{"not_picked":["mysticmod:Haste","mysticmod:Doublecast"],"picked":"mysticmod:MirrorEntity","floor":12},{"not_picked":["mysticmod:Grapple","mysticmod:HeavyStrike"],"picked":"mysticmod:Sideswipe","floor":14},{"not_picked":["mysticmod:Lunge","mysticmod:Doublecast"],"picked":"mysticmod:GeminiForm","floor":16},{"not_picked":["mysticmod:PureInstinct","mysticmod:Snowball"],"picked":"mysticmod:TomeOfSpells","floor":18},{"not_picked":["mysticmod:Disengage","mysticmod:SummonFamiliar+1"],"picked":"mysticmod:Sideswipe","floor":19},{"not_picked":["mysticmod:Shield+1","mysticmod:PowerSlash+1"],"picked":"mysticmod:Sideswipe","floor":21},{"not_picked":["mysticmod:Haste","mysticmod:ObscuringMist"],"picked":"mysticmod:Momentum","floor":23},{"not_picked":["mysticmod:Riposte","mysticmod:Disengage","mysticmod:Snowball"],"picked":"SKIP","floor":24},{"not_picked":["mysticmod:Haste","mysticmod:Disintegrate"],"picked":"mysticmod:Discipline","floor":25},{"not_picked":["mysticmod:Spellstrike","mysticmod:Natural20"],"picked":"mysticmod:GeminiForm","floor":27},{"not_picked":["mysticmod:PureInstinct","mysticmod:LightningBolt+1"],"picked":"mysticmod:Stoneskin","floor":28},{"not_picked":["mysticmod:Shield+1","mysticmod:Flourish"],"picked":"mysticmod:Discipline","floor":29},{"not_picked":["mysticmod:PureInstinct+1","mysticmod:LightningBolt","mysticmod:ComponentsPouch"],"picked":"SKIP","floor":30},{"not_picked":["mysticmod:Feint+1","mysticmod:BladedDash"],"picked":"mysticmod:MightyMagic","floor":31}],"player_experience":1066671,"relics_obtained":[{"floor":7,"key":"mysticmod:RunicPrism"},{"floor":9,"key":"Replay:Rubber Ducky"},{"floor":10,"key":"hubris:Zylophone"},{"floor":12,"key":"hubris:Teleporter"},{"floor":17,"key":"Orichalcum"},{"floor":17,"key":"Matryoshka"},{"floor":17,"key":"Pondfish Scales"},{"floor":23,"key":"Boot"},{"floor":25,"key":"Sundial"},{"floor":26,"key":"Smiling Mask"},{"floor":26,"key":"Lantern"},{"floor":27,"key":"Replay:Bottled Snecko"}],"event_choices":[],"is_beta":false,"boss_relics":[{"not_picked":["Busted Crown","Snecko Eye"],"picked":"Calling Bell"}],"items_purged_floors":[5],"is_endless":false,"potions_floor_spawned":[1,2,10,12,21,24,27,29,30],"killed_by":"theJungle:TotemBoss","ascension_level":0}}