{"host":"32dedufnxebqtmo3","time":1609755568,"event":{"mods":["AchievementEnabler","Act Like it!","BaseMod","Better Third Choice","Card Filter","Clawfect","Colored Powertips","Defuse TimeMaze Blight","Gensokyo","GifTheSpireLib","Minty Spire (QoL Compilation)","Permanent Neow","Relic Filter","Relic Stats","Remove Card Discount Mod","Shop Mod","StSLib","The Cursed","Unceasing Turn Reminder"],"gold_per_floor":[118,61,87,87,166,183,216,216,286,286,300,34,34,54,54,151,151,166,91,107,185,196,375,387,397,397,422,435,448,398,429,429,533,533,550,104,122,83,83,118,129,157,157,168,168,188,203,203,203,203],"floor_reached":51,"playtime":5406,"items_purged":["Gash","Gash","Sunder","Defend_B"],"score":1029,"play_id":"3ae2e497-3950-447c-a3de-ae087747a0ad","local_time":"20210104021928","is_ascension_mode":false,"campfire_choices":[{"data":"Defragment","floor":8.0,"key":"SMITH"},{"data":"Clawfect:ClawCell","floor":10.0,"key":"SMITH"},{"data":"Defragment","floor":15.0,"key":"SMITH"},{"floor":32,"key":"REST"},{"data":"Conserve Battery","floor":45,"key":"SMITH"},{"floor":49,"key":"DIG"}],"circlet_count":0,"master_deck":["Gash","Gash","Defend_B","Defend_B","Defend_B","Defend_B","CurseOfTheBell","Clawfect:ClawCell+1","Clawfect:ClawSnap+1","Defragment+1","Conserve Battery+1","Clawfect:ClawingBeam","Defragment+1","Conserve Battery","Machine Learning","Clawfect:ClawCell+1","Capacitor","Skim","Coolheaded+1","Clawfect:ClawForTheEyes","Force Field","Self Repair","Self Repair","Leap","Gash","Heatsinks+1","Capacitor","Gensokyo:HouraiInAPot+1"],"relics":["Pen Nib","Shuriken","Incense Burner","Orichalcum","Gensokyo:CelestialsFlawlessClothing","Ornamental Fan","Blue Candle","Cables","MerchantsRug","SlaversCollar","Gremlin Horn","HornCleat","Shovel","Pocketwatch","TungstenRod","TheAbacus","Strawberry","Ancient Tea Set","Du-Vu Doll","The Courier","PreservedInsect"],"acts_visited":["Exordium","Gensokyo:Gensokyo","Gensokyo:Gensokyoer"],"potions_floor_usage":[24,24,35,41,48,48,48],"damage_taken":[{"damage":0.0,"enemies":"Gensokyo:2_Kodama","floor":1.0,"turns":4.0},{"damage":9.0,"enemies":"Gensokyo:Cirno","floor":3.0,"turns":9.0},{"damage":3.0,"enemies":"Gensokyo:Gryphon","floor":6.0,"turns":3.0},{"damage":0.0,"enemies":"Gensokyo:Aya","floor":7.0,"turns":5.0},{"damage":0.0,"enemies":"Gensokyo:Python","floor":11.0,"turns":4.0},{"damage":6.0,"enemies":"Gensokyo:5_Fairies","floor":14.0,"turns":5.0},{"damage":1.0,"enemies":"Gensokyo:Yukari","floor":16.0,"turns":9.0},{"damage":0.0,"enemies":"Gensokyo:2_Gloops","floor":18.0,"turns":6.0},{"damage":4.0,"enemies":"Gensokyo:3_Dogs","floor":20.0,"turns":6.0},{"damage":12.0,"enemies":"Gensokyo:Wraith","floor":22.0,"turns":7.0},{"damage":20.0,"enemies":"Gensokyo:Reisen","floor":23.0,"turns":8.0},{"damage":1,"enemies":"Gensokyo:Swordslinger","floor":24,"turns":5},{"damage":1,"enemies":"Gensokyo:Chomper_and_Gloop","floor":25,"turns":5},{"damage":19,"enemies":"Gensokyo:Koishi","floor":27,"turns":6},{"damage":4,"enemies":"Gensokyo:Monolith_and_Dog","floor":28,"turns":5},{"damage":0,"enemies":"Gensokyo:Wraith","floor":29,"turns":5},{"damage":11,"enemies":"Gensokyo:Tenshi","floor":31,"turns":4},{"damage":0,"enemies":"Gensokyo:Kaguya","floor":33,"turns":8},{"damage":0,"enemies":"Gensokyo:3_Boulders","floor":35,"turns":6},{"damage":0,"enemies":"Gensokyo:AncientGuardian","floor":37,"turns":5},{"damage":0,"enemies":"Gensokyo:Doremy","floor":40,"turns":7},{"damage":21,"enemies":"Gensokyo:4_Bats","floor":41,"turns":5},{"damage":3,"enemies":"Gensokyo:Kasen","floor":42,"turns":8},{"damage":0,"enemies":"Gensokyo:Dusk_and_Dawn","floor":44,"turns":6},{"damage":0,"enemies":"Gensokyo:3_Boulders","floor":46,"turns":5},{"damage":0,"enemies":"Gensokyo:Rafflesia","floor":47,"turns":7},{"damage":1,"enemies":"Gensokyo:Rafflesia","floor":48,"turns":7},{"damage":0,"enemies":"Gensokyo:Scarlet_Devils","floor":50,"turns":6}],"seed_played":"4970058823534355647","potions_obtained":[{"floor":1.0,"key":"DistilledChaos"},{"floor":7.0,"key":"PowerPotion"},{"floor":16.0,"key":"SpeedPotion"},{"floor":18.0,"key":"PotionOfCapacity"},{"floor":24,"key":"EntropicBrew"},{"floor":31,"key":"Dexterity Potion"},{"floor":37,"key":"PowerPotion"},{"floor":42,"key":"Block Potion"}],"is_trial":false,"path_per_floor":["M","$","?","?","T","M","E","R","T","R","M","$","?","M","R","B",null,"M","COS","M","T","M","E","M","M","T","E","M","M","?","E","R","B",null,"M","$","M","COS","?","E","M","E","T","M","R","M","M","?","R","B",null],"character_chosen":"DEFECT","items_purchased":["Clawfect:ClawSnap","MerchantsRug","Clawfect:ClawingBeam","Defragment","Conserve Battery","TungstenRod","TheAbacus"],"campfire_rested":1,"item_purchase_floors":[2,12,12,12,12,36,36],"current_hp_per_floor":[75,75,66,48,48,45,45,45,45,45,45,45,68,62,62,61,75,75,75,71,71,59,39,38,37,37,18,14,14,21,10,34,41,82,82,82,82,82,82,89,82,89,89,89,89,89,89,89,89,89],"gold":203,"neow_bonus":"BOSS_RELIC","is_daily":false,"chose_seed":false,"campfire_upgraded":4,"win_rate":0.0,"timestamp":1609755568,"path_taken":["M","$","?","?","?","M","E","R","T","R","?","$","?","M","R","BOSS","M","COS","M","?","M","E","?","M","T","E","M","M","?","E","R","BOSS","M","$","M","COS","?","E","M","E","T","?","R","?","M","?","R","BOSS"],"items_purchased_type":["Card","Relic","Card","Card","Card","Relic","Relic"],"build_version":"2020-12-22","purchased_purges":4,"victory":true,"max_hp_per_floor":[75,75,75,75,75,75,75,75,75,75,75,75,75,75,75,75,75,75,75,75,75,75,75,75,75,75,75,75,75,82,82,82,82,82,82,82,82,82,82,89,89,89,89,89,89,89,89,89,89,89],"relic_stats":{"Gremlin Horn":[22,22],"counters":[28,166],"Blue Candle":[15],"Pen Nib":[41],"PreservedInsect":0,"Orichalcum":[78],"Cables":[91,0,91,0,0],"Shovel":1,"TheAbacus":[114],"Shuriken":[81],"Ornamental Fan":[308],"obtain_stats":[{"Gremlin Horn":21,"Incense Burner":0,"Whetstone":31,"Ancient Tea Set":41,"Frozen Eye":27,"HornCleat":23,"Shovel":23,"TheAbacus":36,"Strawberry":40,"Clawfect:DRClaw":0,"MerchantsRug":12,"Blue Candle":7,"Pen Nib":0,"The Courier":43,"PreservedInsect":49,"Orichalcum":3,"Gensokyo:CelestialsFlawlessClothing":4,"Cables":9,"Calling Bell":0,"Du-Vu Doll":42,"SlaversCollar":17,"Shuriken":0,"Ornamental Fan":5,"TungstenRod":36,"Pocketwatch":27},{"Gremlin Horn":9,"Incense Burner":0,"Whetstone":17,"Ancient Tea Set":22,"Frozen Eye":13,"HornCleat":11,"Shovel":11,"TheAbacus":19,"Strawberry":21,"Clawfect:DRClaw":0,"MerchantsRug":5,"Blue Candle":4,"Pen Nib":0,"The Courier":23,"PreservedInsect":27,"Orichalcum":2,"Gensokyo:CelestialsFlawlessClothing":2,"Cables":4,"Calling Bell":0,"Du-Vu Doll":23,"SlaversCollar":7,"Shuriken":0,"Ornamental Fan":2,"TungstenRod":19,"Pocketwatch":14},{"Gremlin Horn":51,"Incense Burner":0,"Whetstone":96,"Ancient Tea Set":123,"Frozen Eye":76,"HornCleat":60,"Shovel":66,"TheAbacus":110,"Strawberry":122,"Clawfect:DRClaw":0,"MerchantsRug":25,"Blue Candle":21,"Pen Nib":0,"The Courier":135,"PreservedInsect":160,"Orichalcum":13,"Gensokyo:CelestialsFlawlessClothing":13,"Cables":21,"Calling Bell":0,"Du-Vu Doll":135,"SlaversCollar":39,"Shuriken":0,"Ornamental Fan":13,"TungstenRod":110,"Pocketwatch":82}],"TungstenRod":13,"Pocketwatch":[39]},"card_choices":[{"not_picked":["BootSequence","Redo"],"picked":"Clawfect:ClawCell","floor":1.0},{"not_picked":["Recycle","Clawfect:ClawCell"],"picked":"Sunder","floor":3.0},{"not_picked":["Aggregate","Fission","Sunder"],"picked":"SKIP","floor":6.0},{"not_picked":["Fusion","Clawfect:Clawrage"],"picked":"Defragment","floor":7.0},{"not_picked":["Clawfect:ScrapingClaw","Reinforced Body"],"picked":"Conserve Battery","floor":11.0},{"not_picked":["Tempest","Clawfect:Clawline","Clawfect:ScrapingClaw"],"picked":"SKIP","floor":14.0},{"not_picked":["Meteor Strike","Rainbow"],"picked":"Machine Learning","floor":16.0},{"not_picked":["Redo","Lockon+1"],"picked":"Clawfect:ClawCell","floor":18.0},{"not_picked":["Stack+1","Clawfect:Clawter"],"picked":"Capacitor","floor":20.0},{"not_picked":["Clawfect:ClawingBeam+1","Buffer","Clawfect:Clawrage"],"picked":"SKIP","floor":22.0},{"not_picked":["FTL","Clawfect:ClawCell"],"picked":"Skim","floor":23.0},{"not_picked":["Lockon","Clawfect:ClawLightning+1","Clawfect:ScrapingClaw"],"picked":"SKIP","floor":24},{"not_picked":["Undo","White Noise"],"picked":"Coolheaded+1","floor":25},{"not_picked":["FTL+1","Clawfect:Clawline","Buffer"],"picked":"SKIP","floor":27},{"not_picked":["Clawfect:Clawrage","Clawfect:ClawpileDriver"],"picked":"Clawfect:ClawForTheEyes","floor":28},{"not_picked":["Clawfect:ClawForTheEyes","Lockon"],"picked":"Force Field","floor":29},{"not_picked":["Gash","Hologram"],"picked":"Self Repair","floor":31},{"not_picked":["Turbo+1","FTL+1","Clawfect:ScrapingClaw"],"picked":"SKIP","floor":35},{"not_picked":["Steam","Recycle+1"],"picked":"Self Repair","floor":37},{"not_picked":["Undo+1","Meteor Strike"],"picked":"Leap","floor":40},{"not_picked":["Clawfect:Clawline","Clawfect:ClawLightning+1","Recycle"],"picked":"SKIP","floor":41},{"not_picked":["Buffer","Stack"],"picked":"Gash","floor":42},{"not_picked":["Stack+1","FTL"],"picked":"Heatsinks+1","floor":44},{"not_picked":["Recycle","Clawfect:ScrapingClaw"],"picked":"Capacitor","floor":46},{"not_picked":["Lockon+1","Heatsinks","Clawfect:Clawter"],"picked":"SKIP","floor":47},{"not_picked":["Gensokyo:RisingWorld+1","Gensokyo:LifeSpringInfinity+1"],"picked":"Gensokyo:HouraiInAPot+1","floor":48}],"player_experience":662334,"relics_obtained":[{"floor":0.0,"key":"Pen Nib"},{"floor":0.0,"key":"Shuriken"},{"floor":0.0,"key":"Incense Burner"},{"floor":3.0,"key":"Orichalcum"},{"floor":5.0,"key":"Ornamental Fan"},{"floor":7.0,"key":"Blue Candle"},{"floor":9.0,"key":"Cables"},{"floor":21.0,"key":"Gremlin Horn"},{"floor":23.0,"key":"Shovel"},{"floor":27,"key":"Pocketwatch"},{"floor":31,"key":"Whetstone"},{"floor":40,"key":"Strawberry"},{"floor":42,"key":"Du-Vu Doll"},{"floor":43,"key":"The Courier"},{"floor":49,"key":"PreservedInsect"}],"event_choices":[],"is_beta":false,"boss_relics":[{"not_picked":["Runic Dome","Sozu"],"picked":"SlaversCollar"},{"not_picked":["Pandora\u0027s Box","Empty Cage","Busted Crown"]}],"items_purged_floors":[2,2,12,36],"is_endless":false,"potions_floor_spawned":[1,7,16,18,22,24,31,37,40,42],"ascension_level":0}}