{"host":"31s8hzukbhz1k6i6","time":1609795146,"event":{"mods":["AchievementEnabler","BaseMod","Bestiary","Colored Map","Filter the Spire","Minty Spire (QoL Compilation)","Relic Stats","ojb\u0027s Info Mod"],"gold_per_floor":[111,111,111,129,142,176,176,204,204,204,234,234,269,269,269,346,346,361,411,248,248,51,78,78,104,104,122,122,122,132,132,132],"floor_reached":31,"playtime":1084,"items_purged":["Strike_G","Strike_G+1"],"score":594,"play_id":"3b6c703e-2ac4-4bd4-85be-07f577278eb6","local_time":"20210104131906","is_ascension_mode":true,"campfire_choices":[{"data":"Catalyst","floor":10.0,"key":"SMITH"},{"data":"Crippling Poison","floor":15.0,"key":"SMITH"},{"data":"Footwork","floor":24.0,"key":"SMITH"},{"data":"Deadly Poison","floor":28,"key":"SMITH"}],"circlet_count":0,"master_deck":["AscendersBane","Strike_G+1","Defend_G","Defend_G","Defend_G","Defend_G","Survivor","Neutralize","Deadly Poison+1","Doppelganger+1","Outmaneuver+1","Acrobatics","Catalyst+1","Die Die Die+1","Crippling Poison+1","Acrobatics","Burst+1","Footwork+1","Footwork","Deadly Poison+1","PiercingWail","Blur"],"relics":["Astrolabe","StrikeDummy","Shuriken","Kunai","Whetstone","Gambling Chip","Prayer Wheel","SlaversCollar","Sundial","Tough Bandages","Bird Faced Urn"],"acts_visited":["Exordium","TheCity"],"potions_floor_usage":[31],"damage_taken":[{"damage":0.0,"enemies":"Jaw Worm","floor":1.0,"turns":5.0},{"damage":0.0,"enemies":"Cultist","floor":4.0,"turns":4.0},{"damage":1.0,"enemies":"Small Slimes","floor":5.0,"turns":4.0},{"damage":7.0,"enemies":"Lagavulin","floor":6.0,"turns":6.0},{"damage":17.0,"enemies":"3 Sentries","floor":8.0,"turns":5.0},{"damage":4.0,"enemies":"Lagavulin","floor":11.0,"turns":5.0},{"damage":10.0,"enemies":"Gremlin Nob","floor":13.0,"turns":3.0},{"damage":10.0,"enemies":"Hexaghost","floor":16.0,"turns":6.0},{"damage":6.0,"enemies":"3 Byrds","floor":18.0,"turns":3.0},{"damage":11.0,"enemies":"Gremlin Leader","floor":23.0,"turns":5.0},{"damage":14,"enemies":"Book of Stabbing","floor":25,"turns":5},{"damage":0,"enemies":"Spheric Guardian","floor":27,"turns":3},{"damage":18,"enemies":"Shelled Parasite and Fungi","floor":30,"turns":4},{"damage":20,"enemies":"Gremlin Leader","floor":31,"turns":2}],"seed_played":"-4351393830022163259","potions_obtained":[{"floor":1.0,"key":"Block Potion"},{"floor":3.0,"key":"Swift Potion"},{"floor":6.0,"key":"DuplicationPotion"},{"floor":8.0,"key":"LiquidMemories"},{"floor":11.0,"key":"Weak Potion"},{"floor":13.0,"key":"CunningPotion"},{"floor":18.0,"key":"Fruit Juice"}],"is_trial":false,"path_per_floor":["M","?","?","M","M","E","?","E","T","R","E","?","E","T","R","B",null,"M","?","$","?","$","E","R","E","T","M","R","?","M","E"],"character_chosen":"THE_SILENT","items_purchased":["Footwork","Footwork","Deadly Poison"],"campfire_rested":0,"item_purchase_floors":[20,22,22],"current_hp_per_floor":[59,64,64,64,63,56,56,39,39,39,35,35,25,25,25,15,57,51,51,51,51,51,40,40,26,26,26,26,26,10,0,0],"gold":132,"neow_bonus":"BOSS_RELIC","is_daily":false,"chose_seed":false,"campfire_upgraded":4,"win_rate":0.0,"timestamp":1609795146,"path_taken":["M","?","?","M","?","E","?","E","T","R","E","?","E","?","R","BOSS","M","?","?","?","$","E","R","E","T","?","R","?","M","E"],"items_purchased_type":["Card","Card","Card"],"build_version":"2020-12-22","purchased_purges":2,"victory":false,"max_hp_per_floor":[66,71,71,71,71,71,71,71,71,71,71,71,71,71,71,71,71,71,71,71,71,71,71,71,71,71,71,71,71,71,76,76],"relic_stats":{"Tough Bandages":[27],"counters":[14,60],"Shuriken":[2],"Sundial":[2],"Astrolabe":["Deadly Poison","Doppelganger","Outmaneuver"],"Gambling Chip":[17],"Bird Faced Urn":[4],"Prayer Wheel":3,"Kunai":[2],"Whetstone":["Strike_G","Strike_G"],"obtain_stats":[{"SlaversCollar":17,"Tough Bandages":25,"Shuriken":8,"Sundial":23,"Astrolabe":0,"Gambling Chip":13,"Bird Faced Urn":26,"Prayer Wheel":14,"Kunai":9,"Whetstone":11,"StrikeDummy":6,"Ring of the Snake":0},{"SlaversCollar":8,"Tough Bandages":11,"Shuriken":5,"Sundial":10,"Astrolabe":0,"Gambling Chip":7,"Bird Faced Urn":11,"Prayer Wheel":7,"Kunai":5,"Whetstone":6,"StrikeDummy":4,"Ring of the Snake":0},{"SlaversCollar":38,"Tough Bandages":51,"Shuriken":24,"Sundial":46,"Astrolabe":0,"Gambling Chip":32,"Bird Faced Urn":51,"Prayer Wheel":32,"Kunai":24,"Whetstone":29,"StrikeDummy":19,"Ring of the Snake":0}]},"card_choices":[{"not_picked":["Underhanded Strike","Deflect"],"picked":"Acrobatics","floor":1.0},{"not_picked":["Quick Slash","Sucker Punch","All Out Attack"],"picked":"SKIP","floor":4.0},{"not_picked":["Flying Knee","Prepared"],"picked":"Catalyst","floor":5.0},{"not_picked":["Dagger Throw","Poisoned Stab"],"picked":"Die Die Die","floor":6.0},{"not_picked":["Eviscerate","Dagger Throw"],"picked":"Crippling Poison","floor":8.0},{"not_picked":["Accuracy","Bullet Time","Expertise"],"picked":"SKIP","floor":11.0},{"not_picked":["Outmaneuver","Dagger Throw"],"picked":"Acrobatics","floor":13.0},{"not_picked":["Die Die Die","After Image"],"picked":"Burst","floor":16.0},{"not_picked":["Prepared","Deadly Poison","Tactician"],"picked":"SKIP","floor":18.0},{"not_picked":["Bane","Choke","Acrobatics"],"picked":"SKIP","floor":18.0},{"not_picked":["Outmaneuver","Flying Knee","Eviscerate"],"picked":"SKIP","floor":23.0},{"not_picked":["Bane","Acrobatics","Outmaneuver"],"picked":"SKIP","floor":25},{"not_picked":["Accuracy+1","Underhanded Strike"],"picked":"PiercingWail","floor":27},{"not_picked":["Bane","Dagger Spray","Poisoned Stab"],"picked":"SKIP","floor":27},{"not_picked":["Well Laid Plans","Eviscerate"],"picked":"Blur","floor":30},{"not_picked":["Bane","Tactician","Flying Knee"],"picked":"SKIP","floor":30}],"player_experience":151140,"relics_obtained":[{"floor":6.0,"key":"StrikeDummy"},{"floor":8.0,"key":"Shuriken"},{"floor":9.0,"key":"Kunai"},{"floor":11.0,"key":"Whetstone"},{"floor":13.0,"key":"Gambling Chip"},{"floor":14.0,"key":"Prayer Wheel"},{"floor":23.0,"key":"Sundial"},{"floor":25,"key":"Tough Bandages"},{"floor":26,"key":"Bird Faced Urn"}],"event_choices":[{"damage_healed":0.0,"max_hp_gain":5.0,"max_hp_loss":0.0,"gold_gain":0.0,"event_name":"Big Fish","player_choice":"Donut","floor":2.0,"gold_loss":0.0,"damage_taken":0.0},{"damage_healed":0.0,"max_hp_gain":0.0,"max_hp_loss":0.0,"gold_gain":0.0,"event_name":"Lab","player_choice":"Got Potions","floor":3.0,"gold_loss":0.0,"damage_taken":0.0},{"damage_healed":0.0,"max_hp_gain":0.0,"max_hp_loss":0.0,"gold_gain":0.0,"event_name":"Living Wall","player_choice":"Grow","floor":7.0,"gold_loss":0.0,"damage_taken":0.0,"cards_upgraded":["Die Die Die"]},{"damage_healed":0.0,"max_hp_gain":0.0,"max_hp_loss":0.0,"gold_gain":0.0,"event_name":"Shining Light","player_choice":"Ignored","floor":12.0,"gold_loss":0.0,"damage_taken":0.0},{"damage_healed":0.0,"max_hp_gain":0.0,"max_hp_loss":0.0,"gold_gain":100.0,"event_name":"The Joust","player_choice":"Bet on Murderer","floor":19.0,"gold_loss":50.0,"damage_taken":0.0},{"damage_healed":0.0,"max_hp_gain":0.0,"max_hp_loss":0.0,"gold_gain":0.0,"event_name":"Upgrade Shrine","player_choice":"Upgraded","floor":21.0,"gold_loss":0.0,"damage_taken":0.0,"cards_upgraded":["Burst"]},{"damage_healed":0,"gold_gain":0,"player_choice":"Ignored","damage_taken":0,"max_hp_gain":0,"max_hp_loss":0,"event_name":"The Mausoleum","floor":29,"gold_loss":0}],"is_beta":false,"boss_relics":[{"not_picked":["Velvet Choker","Runic Dome"],"picked":"SlaversCollar"}],"items_purged_floors":[20,22],"is_endless":false,"potions_floor_spawned":[1,6,8,11,13,16,18],"killed_by":"Gremlin Leader","ascension_level":20}}