{"host":"a1u4jo6xlg3w0wsm","time":1609749428,"event":{"mods":["BaseMod","Better Third Choice","DeckTracker","Downfall","Hermit","Hubris","Minty Spire (QoL Compilation)","Replay The Spire","StSLib"],"gold_per_floor":[111,111,111,124,198,225,225,260,335,365,385,385,350,367,367,467,467,487,152,165,165,105,135,88,88,159,159,159,159],"floor_reached":28,"playtime":1372,"items_purged":["hermit:Defend_Hermit"],"score":319,"play_id":"82abcd20-e3fe-44e2-a263-48f19a382b92","local_time":"20210104213708","is_ascension_mode":true,"campfire_choices":[{"data":"hermit:Snapshot","floor":7,"key":"SMITH"},{"data":"hermit:CursedWeapon","floor":12,"key":"SMITH"},{"floor":15,"key":"DIG"},{"floor":25,"key":"REST"},{"floor":27,"key":"REST"}],"circlet_count":0,"master_deck":["hermit:Strike_Hermit+1","hermit:Strike_Hermit","hermit:Strike_Hermit","hermit:Strike_Hermit","hermit:Defend_Hermit","hermit:Defend_Hermit","hermit:Defend_Hermit","hermit:Snapshot+1","hermit:Covet","hermit:Gestalt","hermit:HoleUp","hermit:Misfire","hermit:CalledShot","hermit:FatalDesire","hermit:ShadowCloak+1","hermit:HighNoon+1","hermit:EyeOfTheStorm","hermit:ShadowCloak","hubris:DuctTapeCard"],"relics":["hermit:Momento","NeowsBlessing","Pantograph","Bird Faced Urn","Akabeko","Replay:Kaleidoscope","Juzu Bracelet","Nloth\u0027s Gift","Replay:Ringing Soul","hubris:DuctTape"],"acts_visited":["Exordium","TheCity"],"potions_floor_usage":[10,16,16,23,23,23],"damage_taken":[{"damage":0,"enemies":"Small Slimes","floor":1,"turns":1},{"damage":0,"enemies":"Jaw Worm","floor":4,"turns":1},{"damage":0,"enemies":"3 Sentries","floor":6,"turns":2},{"damage":22,"enemies":"Replay:BlueRogue","floor":8,"turns":6},{"damage":2,"enemies":"Gremlin Nob","floor":10,"turns":4},{"damage":3,"enemies":"2 Louse","floor":11,"turns":2},{"damage":4,"enemies":"Blue Slaver","floor":14,"turns":3},{"damage":62,"enemies":"The Guardian","floor":16,"turns":12},{"damage":17,"enemies":"Spheric Guardian","floor":18,"turns":5},{"damage":4,"enemies":"Chosen","floor":20,"turns":5},{"damage":48,"enemies":"Book of Stabbing","floor":23,"turns":6},{"damage":59,"enemies":"Gremlin Leader","floor":28,"turns":4}],"seed_played":"3888304536242424687","potions_obtained":[{"floor":8,"key":"champ:CounterPotion"},{"floor":11,"key":"Venom Potion"},{"floor":14,"key":"Block Potion"},{"floor":16,"key":"BlessingOfTheForge"},{"floor":18,"key":"Milkshake"},{"floor":20,"key":"EssenceOfSteel"}],"is_trial":false,"path_per_floor":["M","?","?","M","T","E","R","E","T","E","M","R","?","M","R","B",null,"M","$","M","?","?","E","$","R","T","R","E"],"character_chosen":"HERMIT","items_purchased":["Juzu Bracelet","hermit:HighNoon+1","hermit:Quickdraw"],"campfire_rested":2,"item_purchase_floors":[19,19,24],"current_hp_per_floor":[75,75,75,75,75,75,75,53,53,51,48,48,66,62,62,13,75,60,60,62,62,62,23,26,50,53,78,27,27],"gold":159,"neow_bonus":"THREE_ENEMY_KILL","is_daily":false,"chose_seed":false,"campfire_upgraded":2,"win_rate":0.0,"timestamp":1609749428,"path_taken":["M","?","?","M","?","E","R","E","T","E","M","R","?","?","R","BOSS","M","$","M","?","?","E","$","R","T","R","E"],"items_purchased_type":["Relic","Card","Card"],"build_version":"2020-12-13","purchased_purges":1,"victory":false,"max_hp_per_floor":[75,75,75,75,75,75,75,75,75,75,75,75,75,75,75,75,75,75,75,75,75,75,78,81,81,84,84,84,84],"card_choices":[{"not_picked":["hermit:Coalescence","hermit:LowProfile","hermit:BodyArmor"],"picked":"SKIP","floor":1},{"not_picked":["hermit:Roulette","hermit:Feint","hermit:Coalescence"],"picked":"SKIP","floor":4},{"not_picked":["hermit:Midnight","hermit:Reprieve"],"picked":"hermit:Gestalt","floor":6},{"not_picked":["hermit:Magnum","hermit:NoHoldsBarred"],"picked":"hermit:HoleUp","floor":8},{"not_picked":["hermit:TakeCover","hermit:Gestalt"],"picked":"hermit:CursedWeapon","floor":10},{"not_picked":["hermit:BodyArmor","hermit:Vantage"],"picked":"hermit:Misfire","floor":11},{"not_picked":["hermit:Ricochet","hermit:FlashPowder"],"picked":"hermit:CalledShot","floor":14},{"not_picked":["hermit:Gambit","hermit:BlackWind"],"picked":"hermit:FatalDesire","floor":16},{"not_picked":["hermit:Headshot","hermit:Dive"],"picked":"hermit:ShadowCloak+1","floor":18},{"not_picked":["hermit:SprayPray","hermit:FlashPowder"],"picked":"hermit:EyeOfTheStorm","floor":20},{"not_picked":["hermit:WideOpen","hermit:LowProfile"],"picked":"hermit:ShadowCloak","floor":23}],"player_experience":301144,"relics_obtained":[{"floor":5,"key":"Pantograph"},{"floor":6,"key":"Bird Faced Urn"},{"floor":8,"key":"Akabeko"},{"floor":10,"key":"Replay:Kaleidoscope"},{"floor":15,"key":"Letter Opener"},{"floor":23,"key":"Replay:Ringing Soul"},{"floor":26,"key":"hubris:DuctTape"}],"event_choices":[{"damage_healed":18,"gold_gain":0,"player_choice":"Healed","damage_taken":0,"max_hp_gain":0,"max_hp_loss":0,"event_name":"The Cleric","floor":13,"gold_loss":35},{"damage_healed":0,"gold_gain":0,"player_choice":"Traded Relic","damage_taken":0,"relics_obtained":["Nloth\u0027s Gift"],"max_hp_gain":0,"max_hp_loss":0,"event_name":"N\u0027loth","floor":21,"relics_lost":["Letter Opener"],"gold_loss":0}],"is_beta":false,"boss_relics":[{"not_picked":["hermit:ClaspedLocket","Velvet Choker","hubris:RunicObelisk"]}],"items_purged_floors":[19],"is_endless":false,"potions_floor_spawned":[8,11,14,16,18,20],"killed_by":"Gremlin Leader","ascension_level":3}}