{"host":"28p8ce41sjwa6lzf","time":1609782825,"event":{"mods":["BaseMod","Colored Map","Colored Powertips","Highlight Path","Minty Spire (QoL Compilation)","Permanent Neow","Quick Restart","Random Character Button","Rare Cards Sparkle","Relic Stats","StSLib","Unceasing Turn Reminder"],"gold_per_floor":[118,129,129,139,31,56,56,75,75,95,125,125,135,160,160,238,238,253,0,0,0,50,50,50,50,75,75,75],"floor_reached":27,"playtime":963,"items_purged":[],"score":508,"play_id":"adf4d464-6148-4921-9be1-efcbe23eb452","local_time":"20210104115345","is_ascension_mode":true,"campfire_choices":[{"data":"Rebound","floor":7.0,"key":"SMITH"},{"floor":12.0,"key":"REST"},{"data":"Fusion","floor":15.0,"key":"SMITH"},{"floor":23,"key":"REST"},{"data":"Reprogram","floor":25,"key":"SMITH"}],"circlet_count":0,"master_deck":["AscendersBane","Strike_B","Strike_B","Strike_B","Strike_B","Defend_B","Defend_B","Defend_B","Defend_B","Zap","Dualcast","Regret","Gash","Beam Cell","Gash","Rebound+1","Conserve Battery","Rebound","Stack","Reprogram+1","Fission","Fusion+1","Rip and Tear","Machine Learning","Beam Cell","Decay"],"relics":["Cracked Core","Du-Vu Doll","Pantograph","InkBottle","Ice Cream","Black Star","MutagenicStrength","Vajra"],"acts_visited":["Exordium","TheCity"],"potions_floor_usage":[],"damage_taken":[{"damage":6.0,"enemies":"Jaw Worm","floor":1.0,"turns":3.0},{"damage":2.0,"enemies":"Small Slimes","floor":2.0,"turns":3.0},{"damage":6.0,"enemies":"2 Louse","floor":4.0,"turns":2.0},{"damage":23.0,"enemies":"Lagavulin","floor":6.0,"turns":5.0},{"damage":0.0,"enemies":"Looter","floor":8.0,"turns":2.0},{"damage":6.0,"enemies":"Blue Slaver","floor":10.0,"turns":2.0},{"damage":3.0,"enemies":"3 Sentries","floor":11.0,"turns":9.0},{"damage":7.0,"enemies":"Gremlin Gang","floor":13.0,"turns":4.0},{"damage":0.0,"enemies":"Gremlin Nob","floor":14.0,"turns":3.0},{"damage":42.0,"enemies":"Hexaghost","floor":16.0,"turns":8.0},{"damage":49.0,"enemies":"3 Byrds","floor":18.0,"turns":6.0},{"damage":43,"enemies":"Book of Stabbing","floor":27,"turns":3}],"seed_played":"3614082676225187786","potions_obtained":[{"floor":2.0,"key":"Strength Potion"},{"floor":10.0,"key":"SkillPotion"},{"floor":13.0,"key":"ColorlessPotion"},{"floor":14.0,"key":"Energy Potion"}],"is_trial":false,"path_per_floor":["M","M","?","M","$","E","R","M","T","M","E","R","M","E","R","B",null,"M","?","?","$","?","R","?","R","T","E"],"character_chosen":"DEFECT","items_purchased":["Rebound","Conserve Battery"],"campfire_rested":2,"item_purchase_floors":[5,5],"current_hp_per_floor":[58,56,56,50,50,27,27,27,27,21,18,39,32,32,32,15,57,8,8,8,8,8,29,29,29,29,0,0],"gold":75,"neow_bonus":"ONE_RARE_RELIC","is_daily":false,"chose_seed":false,"campfire_upgraded":3,"win_rate":0.0,"timestamp":1609782825,"path_taken":["M","M","?","M","$","E","R","M","T","M","E","R","M","E","R","BOSS","M","?","?","$","?","R","?","R","T","E"],"items_purchased_type":["Card","Card"],"build_version":"2020-12-22","purchased_purges":0,"victory":false,"max_hp_per_floor":[71,71,71,71,71,71,71,71,71,71,71,71,71,71,71,71,71,71,71,71,71,71,71,71,71,71,71,71],"relic_stats":{"counters":[12,50],"Pantograph":25,"Black Star":0,"obtain_stats":[{"Du-Vu Doll":0,"Ice Cream":14,"Pantograph":9,"MutagenicStrength":24,"Vajra":26,"Black Star":17,"Cracked Core":0,"InkBottle":11},{"Du-Vu Doll":0,"Ice Cream":9,"Pantograph":5,"MutagenicStrength":11,"Vajra":11,"Black Star":10,"Cracked Core":0,"InkBottle":7},{"Du-Vu Doll":0,"Ice Cream":33,"Pantograph":15,"MutagenicStrength":47,"Vajra":47,"Black Star":41,"Cracked Core":0,"InkBottle":26}],"InkBottle":[9]},"card_choices":[{"not_picked":["Auto Shields","White Noise"],"picked":"Gash","floor":1.0},{"not_picked":["Loop","Undo"],"picked":"Beam Cell","floor":2.0},{"not_picked":["Compile Driver","Ball Lightning"],"picked":"Gash","floor":4.0},{"not_picked":["Undo","Sweeping Beam"],"picked":"Rebound","floor":6.0},{"not_picked":["Loop","Chill"],"picked":"Stack","floor":8.0},{"not_picked":["Rebound","Auto Shields"],"picked":"Reprogram","floor":10.0},{"not_picked":["Defragment","Conserve Battery"],"picked":"Fission","floor":11.0},{"not_picked":["Loop","Go for the Eyes"],"picked":"Fusion","floor":13.0},{"not_picked":["Barrage","Ball Lightning"],"picked":"Rip and Tear","floor":14.0},{"not_picked":["Biased Cognition","Rainbow"],"picked":"Machine Learning","floor":16.0},{"not_picked":["Heatsinks","Glacier"],"picked":"Beam Cell","floor":18.0}],"player_experience":1069294,"relics_obtained":[{"floor":9.0,"key":"Pantograph"},{"floor":11.0,"key":"InkBottle"},{"floor":14.0,"key":"Ice Cream"},{"floor":26,"key":"Vajra"}],"event_choices":[{"damage_healed":0.0,"max_hp_gain":0.0,"max_hp_loss":0.0,"gold_gain":0.0,"event_name":"Shining Light","player_choice":"Ignored","floor":3.0,"gold_loss":0.0,"damage_taken":0.0},{"damage_healed":0,"gold_gain":0,"player_choice":"Paid Fearfully","damage_taken":0,"max_hp_gain":0,"max_hp_loss":0,"event_name":"Masked Bandits","floor":19,"gold_loss":253},{"damage_healed":0,"gold_gain":0,"player_choice":"Smashed Altar","damage_taken":0,"max_hp_gain":0,"max_hp_loss":0,"event_name":"Forgotten Altar","floor":20,"gold_loss":0,"cards_obtained":["Decay"]},{"damage_healed":0,"gold_gain":50,"player_choice":"Stole From Cult","damage_taken":0,"max_hp_gain":0,"max_hp_loss":0,"event_name":"Nest","floor":22,"gold_loss":0},{"damage_healed":0,"gold_gain":0,"player_choice":"Inject Mutagens","damage_taken":0,"relics_obtained":["MutagenicStrength"],"max_hp_gain":0,"max_hp_loss":0,"event_name":"Drug Dealer","floor":24,"gold_loss":0}],"is_beta":false,"boss_relics":[{"not_picked":["SacredBark","Ectoplasm"],"picked":"Black Star"}],"items_purged_floors":[],"is_endless":false,"potions_floor_spawned":[2,10,13,14],"killed_by":"Book of Stabbing","ascension_level":20}}