{"host":"088jo5vb400xciyq","time":1609727532,"event":{"mods":["BaseMod","Infinite Spire","Minty Spire (QoL Compilation)","Rare Cards Sparkle","Shop Mod","StSLib"],"gold_per_floor":[117,117,37,52,69,95,270,295,295,295,133,148,148,158,158,260,260,277,277,297,297,317,317,335,347,347,347,347],"floor_reached":27,"playtime":1124,"items_purged":["Strike_B"],"score":215,"play_id":"0004dc99-25cd-4cb5-8803-8afbf0bcb242","local_time":"20210103193212","is_ascension_mode":false,"campfire_choices":[{"floor":13.0,"key":"REST"},{"floor":15.0,"key":"REST"},{"floor":23,"key":"REST"}],"circlet_count":0,"master_deck":["Zap","Dualcast","Compile Driver","Capacitor","Ball Lightning","Biased Cognition","Doubt","Rainbow+1","Ball Lightning","Chaos","Tempest","Echo Form","Electrodynamics","Redo","Reprogram","Go for the Eyes","Darkness","Turbo","Tempest","Necronomicurse","Coolheaded","Machine Learning","Flash of Steel","Reinforced Body+1","Loop+1"],"relics":["Cracked Core","NeowsBlessing","Torii","Odd Mushroom","Shovel","Pandora\u0027s Box","Necronomicon","Letter Opener"],"acts_visited":["Exordium","TheCity"],"potions_floor_usage":[27,27,27],"damage_taken":[{"damage":0.0,"enemies":"Small Slimes","floor":1.0,"turns":1.0},{"damage":0.0,"enemies":"Cultist","floor":4.0,"turns":1.0},{"damage":0.0,"enemies":"Jaw Worm","floor":5.0,"turns":1.0},{"damage":34.0,"enemies":"Gremlin Nob","floor":6.0,"turns":4.0},{"damage":23.0,"enemies":"The Mushroom Lair","floor":8.0,"turns":4.0},{"damage":6.0,"enemies":"2 Fungi Beasts","floor":12.0,"turns":4.0},{"damage":0.0,"enemies":"Large Slime","floor":14.0,"turns":4.0},{"damage":24.0,"enemies":"The Guardian","floor":16.0,"turns":7.0},{"damage":10.0,"enemies":"3 Byrds","floor":18.0,"turns":2.0},{"damage":31.0,"enemies":"2 Thieves","floor":20.0,"turns":3.0},{"damage":10,"enemies":"Snecko","floor":22,"turns":4},{"damage":11,"enemies":"Cultist and Chosen","floor":24,"turns":4},{"damage":15,"enemies":"Centurion and Healer","floor":25,"turns":5},{"damage":6,"enemies":"3 Cultists","floor":27,"turns":2}],"seed_played":"-2423171462244514391","potions_obtained":[{"floor":1.0,"key":"Weak Potion"},{"floor":5.0,"key":"Swift Potion"},{"floor":12.0,"key":"EssenceOfSteel"},{"floor":24,"key":"Swift Potion"}],"is_trial":false,"path_per_floor":["M","?","$","M","M","E","?","?","T","?","$","M","R","M","R","B",null,"M","?","M","?","M","R","M","M","T","M"],"character_chosen":"DEFECT","items_purchased":["Capacitor","Ball Lightning","Chaos"],"campfire_rested":3,"item_purchase_floors":[3,11,11],"current_hp_per_floor":[75,75,75,75,75,41,41,18,18,18,18,12,34,34,56,32,75,65,49,18,18,8,30,19,4,4,0,0],"gold":347,"neow_bonus":"THREE_ENEMY_KILL","is_daily":false,"chose_seed":false,"campfire_upgraded":0,"win_rate":0.0,"timestamp":1609727532,"path_taken":["M","?","$","M","?","E","?","?","T","?","?","M","R","M","R","BOSS","M","?","M","?","M","R","?","M","T","M"],"items_purchased_type":["Card","Card","Card"],"build_version":"2020-12-22","purchased_purges":1,"victory":false,"max_hp_per_floor":[75,75,75,75,75,75,75,75,75,75,75,75,75,75,75,75,75,75,75,75,75,75,75,75,75,75,75,75],"card_choices":[{"not_picked":["Lockon","Steam"],"picked":"Compile Driver","floor":1.0},{"not_picked":["Sweeping Beam","Go for the Eyes","Turbo"],"picked":"SKIP","floor":4.0},{"not_picked":["Sweeping Beam","Leap"],"picked":"Ball Lightning","floor":5.0},{"not_picked":["Go for the Eyes","Leap"],"picked":"Biased Cognition","floor":6.0},{"not_picked":["Barrage","Turbo"],"picked":"Rainbow","floor":8.0},{"not_picked":["Go for the Eyes","Darkness"],"picked":"Tempest","floor":12.0},{"not_picked":["Turbo","Sunder","Gash"],"picked":"SKIP","floor":14.0},{"not_picked":["Thunder Strike","Creative AI"],"picked":"Echo Form","floor":16.0},{"not_picked":["Turbo","Redo","Tempest"],"picked":"SKIP","floor":18.0},{"not_picked":["Compile Driver","Scrape+1"],"picked":"Coolheaded","floor":20.0},{"not_picked":["Gash+1","Turbo+1"],"picked":"Reinforced Body+1","floor":22},{"not_picked":["Streamline","Beam Cell","Fusion"],"picked":"SKIP","floor":24},{"not_picked":["Rip and Tear","Turbo"],"picked":"Loop+1","floor":25}],"player_experience":368529,"relics_obtained":[{"floor":6.0,"key":"Torii"},{"floor":8.0,"key":"Odd Mushroom"},{"floor":9.0,"key":"Shovel"},{"floor":19.0,"key":"Necronomicon"},{"floor":26,"key":"Letter Opener"}],"event_choices":[{"damage_healed":0.0,"max_hp_gain":0.0,"max_hp_loss":0.0,"gold_gain":0.0,"event_name":"NoteForYourself","player_choice":"Ignored","floor":2.0,"gold_loss":0.0,"damage_taken":0.0},{"damage_healed":0.0,"max_hp_gain":0.0,"max_hp_loss":0.0,"gold_gain":175.0,"event_name":"Liars Game","player_choice":"AGREE","floor":7.0,"gold_loss":0.0,"damage_taken":0.0,"cards_obtained":["Doubt"]},{"damage_healed":0.0,"max_hp_gain":0.0,"max_hp_loss":0.0,"gold_gain":0.0,"event_name":"Mushrooms","player_choice":"Fought Mushrooms","floor":8.0,"gold_loss":0.0,"damage_taken":0.0},{"damage_healed":0.0,"max_hp_gain":0.0,"max_hp_loss":0.0,"gold_gain":0.0,"event_name":"Living Wall","player_choice":"Grow","floor":10.0,"gold_loss":0.0,"damage_taken":0.0,"cards_upgraded":["Rainbow"]},{"damage_healed":0.0,"max_hp_gain":0.0,"max_hp_loss":0.0,"gold_gain":0.0,"event_name":"Cursed Tome","player_choice":"Obtained Book","floor":19.0,"gold_loss":0.0,"damage_taken":16.0},{"damage_healed":0,"gold_gain":0,"player_choice":"2 cards matched","damage_taken":0,"max_hp_gain":0,"max_hp_loss":0,"event_name":"Match and Keep!","floor":21,"gold_loss":0,"cards_obtained":["Machine Learning","Flash of Steel"]}],"is_beta":false,"boss_relics":[{"not_picked":["Philosopher\u0027s Stone","FrozenCore"],"picked":"Pandora\u0027s Box"}],"items_purged_floors":[11],"is_endless":false,"potions_floor_spawned":[1,5,12,24],"killed_by":"3 Cultists","ascension_level":0}}