{"host":"2he95iptrbxkejc1","time":1609793038,"event":{"mods":["AchievementEnabler","BaseMod","Hermit","Infinite Spire","Marisa????????","Minty Spire (QoL Compilation)","Random Character Mod","Replay The Spire","StSLib","The Cursed","The Hierophant","The Marked","The Mystic","The Poker Player","The Runesmith","The Servant 0.9.4"],"gold_per_floor":[115,126,140,167,193,193,228,228,228,256,275,290,290,321,321,425,425,454,471,471,500,500,500,525,525,550,550,22,64,98,134,134,259,259,288,353,371,371,406,432,432,477,477,6,6,6,6,25,25,100,100,100],"floor_reached":53,"playtime":5630,"items_purged":["Defend_MRS","Defend_MRS","Strike_MRS","Defend_MRS"],"score":612,"play_id":"5981bed5-c34c-4969-800f-94e2cb2ff8b0","local_time":"20210104204358","is_ascension_mode":false,"campfire_choices":[{"data":"IllusionStar","floor":6.0,"key":"SMITH"},{"floor":8.0,"key":"REST"},{"floor":13.0,"key":"REST"},{"floor":23.0,"key":"REST"},{"floor":25.0,"key":"REST"},{"floor":32.0,"key":"REST"},{"floor":41.0,"key":"REST"},{"floor":49,"key":"DIG"},{"floor":51,"key":"DIG"}],"circlet_count":0,"master_deck":["Strike_MRS","Strike_MRS","Strike_MRS","Defend_MRS","MasterSpark","UpSweep","EventHorizon","Acceleration","WitchOfGreed","IllusionStar+1","EarthLightRay+1","AsteroidBelt","AsteroidBelt","DarkMatter","MillisecondPulsars+1","SporeBomb","MagicAbsorber","GrandCross","MilkyWay","EarthLightRay","EarthLightRay","SporeBomb","MysteriousBeam","PropBag+1","DeepEcoloBomb","PropBag+1","PowerUp","MysteriousBeam+1","GrandCross+1","MysteriousBeam","Panache","OrrerysSun","IllusionStar","MysteriousBeam+1"],"relics":["BewitchedHakkero","Bag of Preparation","infinitespire:Lucky Rock","ReplayTheSpireMod:TigerMarble","infinitespire:Satchel","Membership Card","Bottled Flame","Pear","infinitespire:Lychee Nut","Shovel","Ice Cream","Bronze Scales","Toolbox","Nunchaku","Replay:Bottled Eggs","PreservedInsect","infinitespire:FocusingShard"],"acts_visited":["Exordium","TheCity","TheBeyond"],"potions_floor_usage":[52,52,52],"damage_taken":[{"damage":5.0,"enemies":"infinitespire:Voidling","floor":1.0,"turns":4.0},{"damage":1.0,"enemies":"Jaw Worm","floor":2.0,"turns":4.0},{"damage":1.0,"enemies":"Cultist","floor":3.0,"turns":3.0},{"damage":16.0,"enemies":"Blue Slaver","floor":4.0,"turns":4.0},{"damage":16.0,"enemies":"Exordium Thugs","floor":5.0,"turns":6.0},{"damage":22.0,"enemies":"Lagavulin","floor":7.0,"turns":5.0},{"damage":11.0,"enemies":"3 Louse","floor":10.0,"turns":3.0},{"damage":10.0,"enemies":"Looter","floor":11.0,"turns":3.0},{"damage":0.0,"enemies":"Large Slime","floor":12.0,"turns":2.0},{"damage":18.0,"enemies":"Lots of Slimes","floor":14.0,"turns":5.0},{"damage":21.0,"enemies":"Fading Forest","floor":16.0,"turns":11.0},{"damage":18.0,"enemies":"Shell Parasite","floor":18.0,"turns":8.0},{"damage":32.0,"enemies":"Spheric Guardian","floor":19.0,"turns":6.0},{"damage":25.0,"enemies":"Snake Plant","floor":21.0,"turns":6.0},{"damage":29.0,"enemies":"Shelled Parasite and Fungi","floor":22.0,"turns":4.0},{"damage":17.0,"enemies":"Book of Stabbing","floor":24.0,"turns":3.0},{"damage":10.0,"enemies":"Gremlin Leader","floor":29.0,"turns":6.0},{"damage":23.0,"enemies":"Centurion and Healer","floor":30.0,"turns":4.0},{"damage":28.0,"enemies":"Snake Plant","floor":31.0,"turns":4.0},{"damage":9.0,"enemies":"Collector","floor":33.0,"turns":4.0},{"damage":36.0,"enemies":"3 Darklings","floor":35.0,"turns":6.0},{"damage":26.0,"enemies":"Mind Bloom Boss Battle","floor":36.0,"turns":6.0},{"damage":3.0,"enemies":"3 Shapes","floor":37.0,"turns":1.0},{"damage":26.0,"enemies":"Jaw Worm Horde","floor":39.0,"turns":4.0},{"damage":36.0,"enemies":"4 Shapes","floor":40.0,"turns":3.0},{"damage":15.0,"enemies":"Giant Head","floor":42.0,"turns":5.0},{"damage":23,"enemies":"Sphere and 2 Shapes","floor":48,"turns":2},{"damage":1,"enemies":"Transient","floor":50,"turns":5},{"damage":14,"enemies":"Replay:Hell Engine","floor":52,"turns":2}],"seed_played":"-7674084297722011368","potions_obtained":[{"floor":2.0,"key":"Doom Potion"},{"floor":4.0,"key":"Elixir"},{"floor":4.0,"key":"Strength Potion"},{"floor":10.0,"key":"SteroidPotion"},{"floor":10.0,"key":"AttackPotion"},{"floor":11.0,"key":"EssenceOfSteel"},{"floor":12.0,"key":"SneckoOil"},{"floor":14.0,"key":"SmokeBomb"},{"floor":21.0,"key":"Adrenaline Potion"},{"floor":21.0,"key":"AttackPotion"},{"floor":27.0,"key":"LiquidMemories"},{"floor":27.0,"key":"CultistPotion"},{"floor":27.0,"key":"LiquidMemories"},{"floor":29.0,"key":"FearPotion"},{"floor":30.0,"key":"BlessingOfTheForge"},{"floor":31.0,"key":"SteroidPotion"},{"floor":31.0,"key":"Regen Potion"},{"floor":33.0,"key":"Swift Potion"},{"floor":36.0,"key":"FearPotion"},{"floor":39.0,"key":"BlessingOfTheForge"},{"floor":39.0,"key":"Block Potion"},{"floor":40.0,"key":"StarNLove"},{"floor":42.0,"key":"Ancient Potion"},{"floor":48,"key":"Swift Potion"},{"floor":50,"key":"BlessingOfTheForge"},{"floor":50,"key":"SteroidPotion"}],"is_trial":false,"path_per_floor":["M","M","M","M","M","R","E","R","T","M","M","M","R","M","R","B",null,"M","M","AVR","M","M","R","E","R","T","?","$","E","M","M","R","B",null,"M","?","M","AVR","M","M","R","E","T","$","PTL","PTL","?","M","R","M","R","B",null],"character_chosen":"MARISA","items_purchased":["Membership Card","EarthLightRay","SporeBomb","Bottled Flame","MysteriousBeam","Pear","Panache","Toolbox","Nunchaku","Replay:Bottled Eggs","OrrerysSun","IllusionStar"],"campfire_rested":6,"item_purchase_floors":[28,28,28,28,28,28,44,44,44,44,44,44],"current_hp_per_floor":[81,80,79,63,47,47,25,49,49,38,32,36,60,46,70,55,82,69,43,43,24,1,25,14,38,38,38,48,52,49,37,57,66,69,46,40,37,37,35,14,34,39,39,39,39,39,39,33,33,48,48,37],"gold":100,"neow_bonus":"TEN_PERCENT_HP_BONUS","is_daily":false,"chose_seed":false,"campfire_upgraded":1,"win_rate":0.0,"timestamp":1609793038,"path_taken":["M","M","M","M","M","R","E","R","T","M","M","M","R","M","R","BOSS","M","M","AVR","?","M","R","E","R","T","?","$","E","M","M","R","BOSS","M","?","M","AVR","M","M","R","E","T","$","PTL","PTL","?","?","R","M","R","BOSS"],"items_purchased_type":["Relic","Card","Card","Relic","Card","Relic","Card","Relic","Relic","Relic","Card","Card"],"build_version":"2020-12-22","purchased_purges":4,"victory":true,"max_hp_per_floor":[82,82,82,82,82,82,82,82,82,82,82,82,82,82,82,82,82,82,82,82,82,82,82,82,82,82,82,92,69,69,69,69,69,69,69,69,69,69,69,69,69,69,69,69,69,69,69,69,69,69,69,69],"card_choices":[{"not_picked":["ShootingEcho","6A"],"picked":"EventHorizon","floor":1.0},{"not_picked":["ChargeUpSpray","ShootingEcho"],"picked":"Acceleration","floor":2.0},{"not_picked":["DeepEcoloBomb","GalacticHalo"],"picked":"WitchOfGreed","floor":3.0},{"not_picked":["GasGiant","6A","CollectingQuirk"],"picked":"SKIP","floor":4.0},{"not_picked":["GravityBeat","Acceleration"],"picked":"IllusionStar","floor":5.0},{"not_picked":["WitchLeyline","6A","UnstableBomb"],"picked":"SKIP","floor":7.0},{"not_picked":["WitchLeyline","GrandCross"],"picked":"EarthLightRay","floor":10.0},{"not_picked":["OneTimeOff","GrandCross"],"picked":"AsteroidBelt","floor":11.0},{"not_picked":["ChargingUp","NonDirectionalLaser"],"picked":"AsteroidBelt","floor":12.0},{"not_picked":["EnergyFlow","AsteroidBelt"],"picked":"DarkMatter","floor":14.0},{"not_picked":["FinalSpark","StarDustReverie"],"picked":"MillisecondPulsars","floor":16.0},{"not_picked":["DC","BlazeAway"],"picked":"SporeBomb","floor":18.0},{"not_picked":["DoubleSpark","WitchOfGreed+1"],"picked":"MagicAbsorber","floor":19.0},{"not_picked":["Acceleration","RefractionSpark"],"picked":"GrandCross","floor":21.0},{"not_picked":["WitchLeyline+1","StarBarrage"],"picked":"MilkyWay","floor":24.0},{"not_picked":["MillisecondPulsars","ShootTheMoon"],"picked":"PropBag+1","floor":29.0},{"not_picked":["ShootingEcho+1","LuminesStrike"],"picked":"DeepEcoloBomb","floor":30.0},{"not_picked":["GalacticHalo","GrandCross"],"picked":"PropBag","floor":31.0},{"not_picked":["6A+1","DoubleSpark"],"picked":"PowerUp","floor":35.0},{"not_picked":["WitchLeyline+1","StarlightTyphoon"],"picked":"MysteriousBeam+1","floor":36.0},{"not_picked":["WitchOfGreed+1","GalacticHalo+1"],"picked":"GrandCross+1","floor":37.0},{"not_picked":["Orbital+1","WitchLeyline","CollectingQuirk"],"picked":"SKIP","floor":39.0},{"not_picked":["GasGiant","SporeBomb+1","Acceleration"],"picked":"SKIP","floor":40.0},{"not_picked":["WitchLeyline+1","LuminesStrike"],"picked":"MysteriousBeam","floor":42.0},{"not_picked":["ManaConvection+1","SporeBomb"],"picked":"MysteriousBeam+1","floor":48},{"not_picked":["GalacticHalo+1","6A+1","SuperNova"],"picked":"SKIP","floor":50}],"player_experience":50567,"relics_obtained":[{"floor":7.0,"key":"Bag of Preparation"},{"floor":9.0,"key":"infinitespire:Lucky Rock"},{"floor":24.0,"key":"ReplayTheSpireMod:TigerMarble"},{"floor":26.0,"key":"infinitespire:Satchel"},{"floor":29.0,"key":"infinitespire:Lychee Nut"},{"floor":36.0,"key":"Shovel"},{"floor":42.0,"key":"Bronze Scales"},{"floor":49,"key":"PreservedInsect"},{"floor":51,"key":"infinitespire:FocusingShard"}],"event_choices":[{"damage_healed":0.0,"max_hp_gain":0.0,"max_hp_loss":0.0,"gold_gain":0.0,"event_name":"Lab","player_choice":"Got Potions","floor":27.0,"gold_loss":0.0,"damage_taken":0.0},{"damage_healed":0.0,"max_hp_gain":0.0,"max_hp_loss":0.0,"gold_gain":0.0,"event_name":"MindBloom","player_choice":"Fight","floor":36.0,"gold_loss":0.0,"damage_taken":0.0},{"damage_healed":0,"gold_gain":0,"player_choice":"Upgraded","damage_taken":0,"max_hp_gain":0,"max_hp_loss":0,"event_name":"Upgrade Shrine","floor":47,"gold_loss":0,"cards_upgraded":["PropBag"]}],"is_beta":false,"boss_relics":[{"not_picked":["Replay:Grab Bag","ReplayTheSpireMod:SealedPack","Coffee Dripper"]},{"not_picked":["Ring of Chaos","Tiny House"],"picked":"BewitchedHakkero"}],"items_purged_floors":[20,28,38,44],"is_endless":false,"potions_floor_spawned":[2,4,10,11,12,14,21,22,31,39,40,48,50],"ascension_level":0}}