{"host":"jyrk6jyquqqx2k2a","time":1609728230,"event":{"mods":["2.2 Compatiblity","AchievementEnabler","BaseMod","BetterRewards","ChefMod","Colored Map","Colored Powertips","Decade(???)","Infinite Spire","Minty Spire (QoL Compilation)","Replay The Spire","Shop Mod","Spicy Shops","StSLib","The Marked"],"gold_per_floor":[1119,398,418,378,393,393,406,406,433,40,40,40,58,111,111,213,213,233,233,233,233,257,257,291,291,291,311,325,325,341,3,3,100,100,125,172,198,26,301,301,332,332,355,392,431,431,217,260,260,379,379,423,423,423,423,423,423,499,499,569,618,618,671,671,733,733,885,885,959,1041,1041,703,703,703,766,827,827,827,827,1042,1042,1042,1042],"floor_reached":82,"playtime":3227,"items_purged":["theMarked:Strike","theMarked:Defend","theMarked:Strike","Regret","J.A.X.+1","Parasite","ReplayTheSpireMod:Splinters","Pain"],"score":1211,"play_id":"502b27c9-7735-4997-ab94-5b820e1e0e01","local_time":"20210103214350","is_ascension_mode":false,"campfire_choices":[{"data":"theMarked:ComboAttacks","floor":6.0,"key":"SMITH"},{"floor":11.0,"key":"REST"},{"floor":23,"key":"REST"},{"floor":25,"key":"REST"},{"floor":32,"key":"REST"},{"floor":40,"key":"REST"},{"floor":42,"key":"REST"},{"floor":49,"key":"REST"},{"data":"theMarked:SuspiciousRaven","floor":57,"key":"SMITH"},{"data":"theMarked:ContemptForTheProud","floor":59,"key":"SMITH"},{"floor":66,"key":"REST"},{"data":"infinitespire:UltimateForm","floor":74,"key":"SMITH"},{"data":"Midas Touch","floor":74,"key":"SMITH"},{"data":"theMarked:Defy","floor":81,"key":"SMITH"},{"data":"theMarked:Overcharge","floor":81,"key":"SMITH"}],"circlet_count":0,"master_deck":["theMarked:SoldierOfQuellstein","theMarked:WastefulDefense+1","theMarked:Overcharge+1","theMarked:ChainLightning+1","theMarked:ComboAttacks+1","theMarked:TakeCover+1","theMarked:BanishingWave+1","theMarked:Parkour","theMarked:Generate+1","theMarked:Generate","theMarked:EmpowerWeapon","theMarked:DeterminationOfTheMarked","theMarked:SwordAndMagic+1","theMarked:ResourceFulStrike","Midas Touch+1","theMarked:TwofoldDefense","theMarked:SummonStrength","theMarked:Defy+1","Replay:Fractal Strike+1","theMarked:TwofoldDefense","Crow Ritual","theMarked:SuspiciousRaven+1","theMarked:ContemptForTheProud+1","theMarked:BanishingStrike","Apotheosis+1","Panache+1","theMarked:HeightenedSenses","theMarked:ResourceFulStrike","Writhe","Clumsy","infinitespire:UltimateForm+1","CommonCold","Injury"],"relics":["theMarked:ArtifactOfAir","Gremlin Food","MerchantsRug","Orichalcum","Mirror","theMarked:VonisonLock","infinitespire:Satchel","Nilry\u0027s Codex","Vajra","infinitespire:EvilPickle","Membership Card","Replay:Wax Seal","InkBottle","ReplayFunnel","ReplayTheSpireMod:CursedCoin","infinitespire:PuzzleCube","Juzu Bracelet","Divine Protection","Du-Vu Doll","Guide Book","Nunchaku","Tiny Chest","Golden Egg","WingedGreaves","Unceasing Top","Regal Pillow","Kintsugi","Nloth\u0027s Gift","Cauldron","Replay:Arrowhead","Frozen Egg 2","StrikeDummy","Replay:WaspNest","Old Coin"],"acts_visited":["Exordium","TheCity","TheBeyond","Exordium","TheCity"],"potions_floor_usage":[28,41,67,69,82],"damage_taken":[{"damage":0.0,"enemies":"Cultist","floor":1.0,"turns":3.0},{"damage":15.0,"enemies":"Small Slimes","floor":3.0,"turns":4.0},{"damage":10.0,"enemies":"Jaw Worm","floor":5.0,"turns":4.0},{"damage":0.0,"enemies":"Exordium Wildlife","floor":7.0,"turns":2.0},{"damage":0.0,"enemies":"2 Fungi Beasts","floor":12.0,"turns":1.0},{"damage":4.0,"enemies":"Looter","floor":13.0,"turns":2.0},{"damage":21.0,"enemies":"Gremlin Nob","floor":14.0,"turns":4.0},{"damage":41.0,"enemies":"The Guardian","floor":16.0,"turns":6.0},{"damage":0.0,"enemies":"3 Byrds","floor":18.0,"turns":4.0},{"damage":49,"enemies":"Nightmare","floor":24,"turns":7},{"damage":11,"enemies":"Spheric Guardian","floor":27,"turns":3},{"damage":18,"enemies":"Snake Plant","floor":28,"turns":2},{"damage":0,"enemies":"Sentry and Sphere","floor":30,"turns":1},{"damage":21,"enemies":"Pondfish","floor":33,"turns":4},{"damage":27,"enemies":"3 Darklings","floor":35,"turns":4},{"damage":16,"enemies":"Orb Walker","floor":37,"turns":4},{"damage":33,"enemies":"Writhing Mass","floor":41,"turns":6},{"damage":0,"enemies":"Spire Growth","floor":44,"turns":1},{"damage":0,"enemies":"Sphere and 2 Shapes","floor":45,"turns":1},{"damage":0,"enemies":"infinitespire:MassOfShapes","floor":50,"turns":1},{"damage":4,"enemies":"2 Louse","floor":52,"turns":2},{"damage":10,"enemies":"Jaw Worm","floor":61,"turns":2},{"damage":0,"enemies":"Small Slimes","floor":63,"turns":2},{"damage":0,"enemies":"2 Fungi Beasts","floor":65,"turns":1},{"damage":52,"enemies":"Hexaghost","floor":67,"turns":7},{"damage":0,"enemies":"Spheric Guardian","floor":69,"turns":2},{"damage":10,"enemies":"Shell Parasite","floor":70,"turns":2},{"damage":0,"enemies":"Snake Plant","floor":75,"turns":1},{"damage":0,"enemies":"Centurion and Healer","floor":76,"turns":1},{"damage":72,"enemies":"3 Cultists","floor":82,"turns":3}],"seed_played":"976923491792917965","potions_obtained":[{"floor":1.0,"key":"SmokeBomb"},{"floor":4.0,"key":"Death Potion"},{"floor":4.0,"key":"Venom Potion"},{"floor":15.0,"key":"PowerPotion"},{"floor":16.0,"key":"Adrenaline Potion"},{"floor":27,"key":"Block Potion"},{"floor":30,"key":"EssenceOfSteel"},{"floor":35,"key":"BlessingOfTheForge"},{"floor":41,"key":"Elixir"},{"floor":62,"key":"Doom Potion"},{"floor":67,"key":"Weak Potion"},{"floor":69,"key":"Elixir"},{"floor":72,"key":"theMarked:SummonPotion"},{"floor":72,"key":"Explosive Potion"},{"floor":72,"key":"Cursed Concoction"}],"is_trial":false,"path_per_floor":["M","$","M","?","M","R","M","?","T","$","R","M","M","E","R_BF","B",null,"M","?","?","?","T","R","NM","R","T","M","M","?","M","$","R","B",null,"M","$","M","$","?","R","M","R","T","M","M","?","$","?","R","B",null,"M","?","?","?","T","R","?","R","T","M","?","M","AVR","M","R","B",null,"M","M","?","$","T","R","M","M","T","?","?","?","R","M"],"character_chosen":"THE_DEFAULT","items_purchased":["Gremlin Food","MerchantsRug","theMarked:Overcharge","theMarked:ChainLightning","theMarked:ComboAttacks","BargainBundle","Mirror","theMarked:VonisonLock","theMarked:Generate","theMarked:EmpowerWeapon","theMarked:DeterminationOfTheMarked","theMarked:SwordAndMagic","theMarked:ResourceFulStrike","Midas Touch","Crow Ritual","Membership Card","Replay:Wax Seal","Apotheosis","InkBottle","ReplayFunnel","ReplayTheSpireMod:CursedCoin","Omamori","Panache","Divine Protection","Du-Vu Doll","Guide Book","Cauldron","Replay:Arrowhead","Elixir"],"campfire_rested":8,"item_purchase_floors":[2,2,2,2,2,10,10,10,10,10,10,10,10,10,31,36,36,36,36,36,38,38,38,47,47,47,72,72,72],"current_hp_per_floor":[77,77,62,62,52,52,52,52,52,52,75,75,71,50,50,9,77,77,77,61,61,61,77,28,51,51,40,22,22,22,22,45,24,77,50,50,34,34,34,56,23,45,45,45,45,45,45,16,38,38,74,70,70,75,75,75,75,75,75,75,65,65,65,65,65,79,27,79,79,69,69,69,69,69,69,69,69,69,69,69,69,0,0],"gold":1042,"neow_bonus":"TEN_PERCENT_HP_BONUS","is_daily":false,"chose_seed":false,"campfire_upgraded":7,"win_rate":0.0,"timestamp":1609728230,"path_taken":["M","$","M","?","?","R","M","?","T","$","R","M","M","E","R_BF","BOSS","M","?","?","?","?","R","NM","R","T","M","M","?","?","$","R","BOSS","M","$","M","$","?","R","M","R","T","M","?","?","?","?","R","BOSS","M","?","?","?","?","R","?","R","T","M","?","M","AVR","M","R","BOSS","M","M","?","$","?","R","M","M","T","?","?","?","R","M"],"items_purchased_type":["Relic","Relic","Card","Card","Card","Relic","Relic","Relic","Card","Card","Card","Card","Card","Card","Card","Relic","Relic","Card","Relic","Relic","Relic","Relic","Card","Relic","Relic","Relic","Relic","Relic","Potion"],"build_version":"2020-12-22","purchased_purges":8,"victory":false,"max_hp_per_floor":[77,77,77,77,77,77,77,77,77,77,77,77,77,77,77,77,77,77,77,77,77,77,77,77,77,77,77,77,77,77,77,77,77,77,77,77,77,74,74,74,74,74,74,74,74,74,74,74,74,74,74,74,74,79,79,79,79,79,79,79,79,79,79,79,79,79,79,79,79,79,79,79,79,79,79,79,79,79,79,79,79,79,79],"card_choices":[{"not_picked":["theMarked:BanishingStrike","theMarked:MysticalArsenal"],"picked":"theMarked:WastefulDefense","floor":1.0},{"not_picked":["theMarked:SwordAndMagic","theMarked:EmpowerWeapon"],"picked":"theMarked:TakeCover","floor":3.0},{"not_picked":["theMarked:EnhanceMovement","theMarked:TunnelVision"],"picked":"theMarked:BanishingWave","floor":5.0},{"not_picked":["theMarked:MysticalArsenal","theMarked:ChainLightning"],"picked":"theMarked:Parkour","floor":7.0},{"not_picked":["theMarked:LightningStrikesTwice","theMarked:HeightenedSenses"],"picked":"theMarked:TwofoldDefense","floor":13.0},{"not_picked":["theMarked:ComboAttacks","theMarked:Improvise"],"picked":"theMarked:SummonStrength","floor":14.0},{"not_picked":["theMarked:BindingBlade","theMarked:MuscleMemory"],"picked":"theMarked:Defy","floor":16.0},{"not_picked":["theMarked:LightningStrikesTwice","theMarked:BanishingWave","theMarked:MaelstromOfLightning"],"picked":"SKIP","floor":18.0},{"not_picked":["ReplayTheSpireMod:Haul","infinitespire:Oblivion"],"picked":"Replay:Fractal Strike","floor":21},{"not_picked":["theMarked:SoldierForm","theMarked:ReduceFriction"],"picked":"theMarked:TwofoldDefense","floor":24},{"not_picked":["theMarked:TwofoldDefense","theMarked:MysticalArsenal","theMarked:WardOff+1"],"picked":"SKIP","floor":27},{"not_picked":["theMarked:Static","theMarked:Reabsorb+1","theMarked:WastefulAttack"],"picked":"SKIP","floor":28},{"not_picked":["theMarked:Parkour+1","theMarked:SwordAndMagic","theMarked:Static"],"picked":"SKIP","floor":30},{"not_picked":["theMarked:TakeOffHeels","theMarked:SummonStrength"],"picked":"theMarked:SuspiciousRaven","floor":33},{"not_picked":["theMarked:Indomitable+1","theMarked:Improvise"],"picked":"theMarked:ContemptForTheProud","floor":35},{"not_picked":["theMarked:WastefulDefense","theMarked:KeepCalmAndFightOn","theMarked:TakeOffHeels"],"picked":"SKIP","floor":37},{"not_picked":["theMarked:Frustration+1","theMarked:BanishingStrike"],"picked":"theMarked:HeightenedSenses","floor":41},{"not_picked":["theMarked:WastefulDefense","theMarked:BanishingWave+1"],"picked":"theMarked:ResourceFulStrike","floor":44},{"not_picked":["theMarked:ChainLightning","theMarked:CreepingChasm","theMarked:Opportunist"],"picked":"SKIP","floor":45},{"not_picked":["Overencumbered","AbeCurse"],"picked":"Writhe","floor":51},{"not_picked":["Spreading Infection","Languid"],"picked":"Pain","floor":51},{"not_picked":["Overencumbered","CurseOfTheBell"],"picked":"Clumsy","floor":51},{"not_picked":["theMarked:Static","theMarked:BanishingWave","theMarked:SwordAndMagic"],"picked":"SKIP","floor":52},{"not_picked":["theMarked:EmpowerWeapon","theMarked:Parry","theMarked:ChainLightning"],"picked":"SKIP","floor":61},{"not_picked":["theMarked:WastefulDefense","theMarked:RepellingDischarge","theMarked:EmpowerWeapon"],"picked":"SKIP","floor":63},{"not_picked":["theMarked:Overthink","theMarked:ElectricStrings","theMarked:EmpowerWeapon"],"picked":"SKIP","floor":65},{"not_picked":["infinitespire:Menacing","ReplayTheSpireMod:??????????????????????"],"picked":"infinitespire:UltimateForm","floor":67},{"not_picked":["theMarked:HeightenedSenses","theMarked:ElementalBlade","theMarked:Improvise"],"picked":"SKIP","floor":69},{"not_picked":["theMarked:SwordAndMagic","theMarked:ComboAttacks+1","theMarked:PowerFlow"],"picked":"SKIP","floor":70},{"not_picked":["theMarked:RepellingDischarge","theMarked:Improvise","theMarked:BanishingStrike+1"],"picked":"SKIP","floor":75},{"not_picked":["theMarked:ShockingTouch","theMarked:Electrify+1","theMarked:Electrocute"],"picked":"SKIP","floor":76}],"player_experience":274724,"relics_obtained":[{"floor":9.0,"key":"Orichalcum"},{"floor":14.0,"key":"infinitespire:Satchel"},{"floor":20,"key":"Nilry\u0027s Codex"},{"floor":22,"key":"Boot"},{"floor":24,"key":"Replay:Baseball"},{"floor":26,"key":"Vajra"},{"floor":43,"key":"infinitespire:PuzzleCube"},{"floor":48,"key":"Nunchaku"},{"floor":56,"key":"Unceasing Top"},{"floor":73,"key":"Frozen Egg 2"},{"floor":77,"key":"StrikeDummy"}],"event_choices":[{"damage_healed":0.0,"max_hp_gain":0.0,"max_hp_loss":0.0,"gold_gain":0.0,"event_name":"The Woman in Blue","player_choice":"Bought 3 Potions","floor":4.0,"gold_loss":0.0,"damage_taken":0.0},{"damage_healed":0.0,"max_hp_gain":0.0,"max_hp_loss":0.0,"gold_gain":0.0,"event_name":"NoteForYourself","player_choice":"Ignored","floor":8.0,"gold_loss":0.0,"damage_taken":0.0},{"damage_healed":0.0,"max_hp_gain":0.0,"max_hp_loss":0.0,"gold_gain":0.0,"event_name":"Lab","player_choice":"Got Potions","floor":15.0,"gold_loss":0.0,"damage_taken":0.0},{"damage_healed":0.0,"max_hp_gain":0.0,"max_hp_loss":0.0,"gold_gain":0.0,"event_name":"Drug Dealer","player_choice":"Obtain J.A.X.","floor":19.0,"gold_loss":0.0,"damage_taken":0.0,"cards_obtained":["J.A.X."]},{"damage_healed":0,"gold_gain":0,"player_choice":"Obtained Book","damage_taken":16,"max_hp_gain":0,"max_hp_loss":0,"event_name":"Cursed Tome","floor":20,"gold_loss":0},{"damage_healed":0,"gold_gain":0,"player_choice":"Forge","damage_taken":0,"max_hp_gain":0,"max_hp_loss":0,"event_name":"Accursed Blacksmith","floor":29,"gold_loss":0,"cards_upgraded":["Replay:Fractal Strike"]},{"damage_healed":0,"gold_gain":275,"player_choice":"Desecrate","damage_taken":0,"max_hp_gain":0,"max_hp_loss":0,"event_name":"Golden Shrine","floor":39,"gold_loss":0,"cards_obtained":["Regret"]},{"damage_healed":0,"gold_gain":0,"player_choice":"Donut","damage_taken":0,"max_hp_gain":5,"max_hp_loss":0,"event_name":"Big Fish","floor":54,"gold_loss":0},{"damage_healed":0,"gold_gain":76,"player_choice":"Gained Gold","damage_taken":0,"max_hp_gain":0,"max_hp_loss":0,"event_name":"Golden Wing","floor":58,"gold_loss":0},{"damage_healed":0,"gold_gain":0,"player_choice":"Got Potions","damage_taken":0,"max_hp_gain":0,"max_hp_loss":0,"event_name":"Lab","floor":62,"gold_loss":0},{"damage_healed":0,"gold_gain":0,"player_choice":"Traded Relic","damage_taken":0,"relics_obtained":["Nloth\u0027s Gift"],"max_hp_gain":0,"max_hp_loss":0,"event_name":"N\u0027loth","floor":71,"relics_lost":["Replay:Ancient Bell"],"gold_loss":0},{"damage_healed":0,"gold_gain":0,"player_choice":"Opened","damage_taken":0,"relics_obtained":["Replay:WaspNest"],"max_hp_gain":0,"max_hp_loss":0,"event_name":"The Mausoleum","floor":78,"gold_loss":0},{"damage_healed":0,"gold_gain":0,"player_choice":"Ignored","damage_taken":0,"max_hp_gain":0,"max_hp_loss":0,"event_name":"Ghosts","floor":79,"gold_loss":0},{"damage_healed":0,"gold_gain":0,"player_choice":"Obtained Relic","damage_taken":0,"relics_obtained":["Old Coin"],"max_hp_gain":0,"max_hp_loss":0,"event_name":"Addict","floor":80,"gold_loss":85}],"is_beta":false,"boss_relics":[{"not_picked":["Replay:Drink Me","Velvet Choker"],"picked":"Runic Pyramid"},{"not_picked":["Runic Dome","Replay:Bronze Core","Ring of Chaos"]},{"not_picked":["Painkiller Herb","Replay:Grab Bag"],"picked":"Replay:Ancient Bell"},{"not_picked":["Anchor","Centennial Puzzle"],"picked":"Tiny Chest"},{"not_picked":["Ornamental Fan","infinitespire:ShieldingShard"],"picked":"Golden Egg"},{"not_picked":["theMarked:KettuFlask","Calipers"],"picked":"WingedGreaves"},{"not_picked":["Honey Jar","Painkiller Herb"],"picked":"Kintsugi"}],"items_purged_floors":[2,2,10,31,36,38,64,72],"is_endless":true,"potions_floor_spawned":[1,5,16,27,30,35,41,44,45,52,61,67,69,75],"killed_by":"3 Cultists","ascension_level":0}}