{"host":"cr892wvdvh6p7gzy","time":1609799445,"event":{"mods":["A Magickal Journey","BaseMod","BetterRewards","Downfall","GifTheSpireLib","Hubris","Infinite Spire","Minty Spire (QoL Compilation)","READ ME - Guardian Mod","Replay The Spire","SOS???????","StSLib","The Bug Knight","The Dragon Tamer","The Necromancer","???Mod??????Boss"],"gold_per_floor":[118,83,100,100,118,118,143,143,170,170,170,96,96,96,96,96,96],"floor_reached":16,"playtime":507,"items_purged":[],"score":106,"play_id":"9811e9b8-a1e2-4b48-b86a-ba30aa1f764f","local_time":"20210104233045","is_ascension_mode":true,"campfire_choices":[{"data":"Whirlwind","floor":6,"key":"SMITH"},{"data":"Bludgeon","floor":8,"key":"SMITH"},{"data":"Bash","floor":10,"key":"SMITH"}],"circlet_count":0,"master_deck":["Strike_R","Strike_R","Strike_R","Strike_R","Strike_R","Defend_R","Defend_R+1","Defend_R","Defend_R","Bash+1","Flex+1","Shrug It Off","Bludgeon+1","Combust+1","Flame Barrier"],"relics":["Burning Blood","War Paint","hubris:OldNail"],"acts_visited":["Exordium"],"potions_floor_usage":[7],"damage_taken":[{"damage":3,"enemies":"Jaw Worm","floor":1,"turns":5},{"damage":4,"enemies":"Small Slimes","floor":3,"turns":3},{"damage":0,"enemies":"2 Louse","floor":5,"turns":1},{"damage":5,"enemies":"3 Sentries","floor":7,"turns":4},{"damage":1,"enemies":"Fading Forest","floor":16,"turns":1}],"seed_played":"-9144220444774070","potions_obtained":[{"floor":1,"key":"hexamod:EctoCoolerPotion"},{"floor":3,"key":"Fire Potion"},{"floor":7,"key":"Flashbang"}],"is_trial":false,"path_per_floor":["M","$","M","?","M","R","E","R","T","R","?","$","?","?","R","B"],"character_chosen":"IRONCLAD","items_purchased":["Whirlwind","Flame Barrier"],"campfire_rested":0,"item_purchase_floors":[2,12],"current_hp_per_floor":[88,88,88,88,88,88,88,88,88,88,88,88,88,88,88,87,87],"gold":96,"neow_bonus":"TEN_PERCENT_HP_BONUS","is_daily":false,"chose_seed":false,"campfire_upgraded":3,"win_rate":0.0,"timestamp":1609799445,"path_taken":["M","$","M","?","M","R","E","R","T","R","?","$","?","?","R","BOSS"],"items_purchased_type":["Card","Card"],"build_version":"2020-12-22","purchased_purges":0,"victory":false,"max_hp_per_floor":[88,88,88,88,88,88,88,88,88,88,88,88,88,88,88,88,88],"card_choices":[{"not_picked":["Body Slam","Sever Soul","Wild Strike"],"picked":"SKIP","floor":1},{"not_picked":["hubris:SharpeningStone","Thunderclap"],"picked":"Flex","floor":3},{"not_picked":["Battle Trance","Thunderclap"],"picked":"Shrug It Off","floor":5},{"not_picked":["Whirlwind","Headbutt"],"picked":"Bludgeon","floor":7}],"player_experience":448114,"relics_obtained":[{"floor":7,"key":"War Paint"},{"floor":9,"key":"hubris:OldNail"}],"event_choices":[{"damage_healed":0,"gold_gain":0,"player_choice":"Ignored","damage_taken":0,"max_hp_gain":0,"max_hp_loss":0,"event_name":"Golden Wing","floor":4,"gold_loss":0},{"damage_healed":0,"gold_gain":0,"player_choice":"Ignored","damage_taken":0,"max_hp_gain":0,"max_hp_loss":0,"event_name":"Transmorgrifier","floor":14,"gold_loss":0},{"damage_healed":0,"gold_gain":0,"player_choice":"Ignored","damage_taken":0,"max_hp_gain":0,"max_hp_loss":0,"event_name":"Purifier","floor":15,"gold_loss":0}],"is_beta":false,"boss_relics":[],"items_purged_floors":[],"is_endless":false,"potions_floor_spawned":[1,3,7],"killed_by":"Fading Forest","ascension_level":2}}