{"host":"mydft8i2zzydgggw","time":1609772295,"event":{"mods":["AchievementEnabler","BaseMod","Colored Map","Colored Powertips","Keyboard Shortcuts","Minty Spire (QoL Compilation)","Quick Restart","StSLib","SuperFastMode","The Poker Player"],"gold_per_floor":[116,134,84,84,6,22,50,50,50,50,80,155,183,120,120,222,222,241,241,231,247,262,292,292,292,292,292,325,345,356,63,63,63,63],"floor_reached":33,"playtime":882,"items_purged":["Strike_R"],"score":358,"play_id":"c1dc88ae-a614-4c37-a9c0-a09a24be55ea","local_time":"20210104235815","is_ascension_mode":true,"campfire_choices":[{"data":"Anger","floor":8,"key":"SMITH"},{"data":"Anger","floor":10,"key":"SMITH"},{"floor":15,"key":"REST"},{"data":"Iron Wave","floor":25,"key":"SMITH"},{"floor":27,"key":"REST"},{"data":"Second Wind","floor":32,"key":"SMITH"}],"circlet_count":0,"master_deck":["Strike_R","Defend_R","Defend_R","Defend_R","Defend_R","Bash","Anger+1","Wild Strike","Anger+1","Second Wind+1","Shrug It Off","Reaper","Iron Wave+1","Wild Strike","Power Through+1","Metallicize+1","Shrug It Off+1","Blood for Blood"],"relics":["Burning Blood","NeowsBlessing","Ice Cream","Pear","TungstenRod","Boot","MawBank","Sozu","Frozen Egg 2","Bag of Marbles","Red Skull","Anchor","Lee\u0027s Waffle"],"acts_visited":["Exordium","TheCity"],"potions_floor_usage":[13,16,16,23],"damage_taken":[{"damage":0,"enemies":"2 Louse","floor":1,"turns":1},{"damage":0,"enemies":"Small Slimes","floor":2,"turns":1},{"damage":0,"enemies":"Jaw Worm","floor":6,"turns":1},{"damage":23,"enemies":"Gremlin Nob","floor":7,"turns":4},{"damage":19,"enemies":"3 Sentries","floor":11,"turns":7},{"damage":18,"enemies":"Gremlin Nob","floor":13,"turns":4},{"damage":49,"enemies":"The Guardian","floor":16,"turns":12},{"damage":7,"enemies":"Chosen","floor":18,"turns":6},{"damage":10,"enemies":"2 Thieves","floor":20,"turns":4},{"damage":14,"enemies":"Centurion and Healer","floor":21,"turns":7},{"damage":28,"enemies":"Snake Plant","floor":22,"turns":4},{"damage":54,"enemies":"Gremlin Leader","floor":23,"turns":7},{"damage":26,"enemies":"Slavers","floor":28,"turns":9},{"damage":19,"enemies":"Sentry and Sphere","floor":29,"turns":7},{"damage":22,"enemies":"Shelled Parasite and Fungi","floor":30,"turns":5},{"damage":106,"enemies":"Automaton","floor":33,"turns":12}],"seed_played":"3802325552121552871","potions_obtained":[{"floor":1,"key":"GamblersBrew"},{"floor":11,"key":"LiquidBronze"},{"floor":13,"key":"Block Potion"},{"floor":16,"key":"CultistPotion"}],"is_trial":false,"path_per_floor":["M","M","?","?","$","M","E","R","T","R","E","?","E","$","R","B",null,"M","?","M","M","M","E","?","R","T","R","E","M","M","$","R","B"],"character_chosen":"IRONCLAD","items_purchased":["Wild Strike","Anger","Anchor","Lee\u0027s Waffle"],"campfire_rested":2,"item_purchase_floors":[5,5,31,31],"current_hp_per_floor":[80,80,80,62,62,68,61,61,61,61,48,38,26,26,53,10,90,90,90,90,87,70,32,32,32,32,59,49,36,27,97,97,0,0],"gold":63,"neow_bonus":"THREE_ENEMY_KILL","is_daily":false,"chose_seed":false,"campfire_upgraded":4,"win_rate":0.0,"timestamp":1609772295,"path_taken":["M","M","?","?","?","M","E","R","T","R","E","?","E","$","R","BOSS","M","?","M","?","M","E","?","R","T","R","E","M","M","$","R","BOSS"],"items_purchased_type":["Card","Card","Relic","Relic"],"build_version":"2020-12-22","purchased_purges":1,"victory":false,"max_hp_per_floor":[80,80,80,80,80,80,90,90,90,90,90,90,90,90,90,90,90,90,90,90,90,90,90,90,90,90,90,90,90,90,97,97,97,97],"card_choices":[{"not_picked":["Entrench","Infernal Blade","Twin Strike"],"picked":"SKIP","floor":1},{"not_picked":["Perfected Strike","Sword Boomerang"],"picked":"Anger","floor":2},{"not_picked":["Flex","Brutality","Havoc"],"picked":"SKIP","floor":6},{"not_picked":["Cleave","Pummel","Body Slam"],"picked":"SKIP","floor":7},{"not_picked":["Berserk","Whirlwind"],"picked":"Second Wind","floor":11},{"not_picked":["Combust","Feel No Pain"],"picked":"Shrug It Off","floor":13},{"not_picked":["Offering","Barricade"],"picked":"Reaper","floor":16},{"not_picked":["Ghostly Armor","Twin Strike"],"picked":"Iron Wave","floor":18},{"not_picked":["Sword Boomerang","Clothesline"],"picked":"Power Through+1","floor":20},{"not_picked":["Evolve","Whirlwind","Heavy Blade"],"picked":"SKIP","floor":21},{"not_picked":["Warcry+1","Infernal Blade","Heavy Blade"],"picked":"SKIP","floor":22},{"not_picked":["True Grit+1","Body Slam"],"picked":"Metallicize+1","floor":23},{"not_picked":["Brutality+1","Sever Soul"],"picked":"Shrug It Off+1","floor":28},{"not_picked":["Clash","Ghostly Armor","Shockwave"],"picked":"SKIP","floor":29},{"not_picked":["Sever Soul","Headbutt+1"],"picked":"Blood for Blood","floor":30}],"player_experience":88279,"relics_obtained":[{"floor":7,"key":"Pear"},{"floor":9,"key":"TungstenRod"},{"floor":11,"key":"Boot"},{"floor":13,"key":"MawBank"},{"floor":23,"key":"Frozen Egg 2"},{"floor":26,"key":"Bag of Marbles"},{"floor":28,"key":"Red Skull"}],"event_choices":[{"cards_removed":["Strike_R"],"damage_healed":0,"gold_gain":0,"player_choice":"Card Removal","damage_taken":0,"max_hp_gain":0,"max_hp_loss":0,"event_name":"The Cleric","floor":3,"gold_loss":50},{"damage_healed":0,"gold_gain":0,"player_choice":"Success","damage_taken":18,"relics_obtained":["Ice Cream"],"max_hp_gain":0,"max_hp_loss":0,"event_name":"Scrap Ooze","floor":4,"gold_loss":0},{"damage_healed":0,"gold_gain":75,"player_choice":"Gather Gold","damage_taken":11,"max_hp_gain":0,"max_hp_loss":0,"event_name":"World of Goop","floor":12,"gold_loss":0},{"damage_healed":0,"gold_gain":0,"cards_transformed":["Strike_R"],"player_choice":"Transformed","damage_taken":0,"max_hp_gain":0,"max_hp_loss":0,"event_name":"Transmorgrifier","floor":19,"gold_loss":0,"cards_obtained":["Wild Strike"]},{"cards_removed":["Strike_R"],"damage_healed":0,"gold_gain":0,"player_choice":"Elegance","damage_taken":0,"max_hp_gain":0,"max_hp_loss":0,"event_name":"Back to Basics","floor":24,"gold_loss":0}],"is_beta":false,"boss_relics":[{"not_picked":["Black Star","Black Blood"],"picked":"Sozu"}],"items_purged_floors":[14],"is_endless":false,"potions_floor_spawned":[1,11,13,16,20,22,23,30],"killed_by":"Automaton","ascension_level":2}}