{"host":"sxnl403xm2xmiyj1","time":1609766437,"event":{"mods":["BaseMod","Colored Map","Keyboard Shortcuts","Lobotomy","Minty Spire (QoL Compilation)","Quick Restart","StSLib","SuperFastMode"],"gold_per_floor":[110,129,141,153,328,328,341,341,341,364,16,35,47,65,65,165,165,146,46,20,34,51,51,68,68,68,68,68],"floor_reached":27,"playtime":734,"items_purged":["Doubt","Strike_R"],"score":234,"play_id":"add4e560-cd51-4710-9481-024623ef1743","local_time":"20210104222037","is_ascension_mode":false,"campfire_choices":[{"data":"Disarm","floor":6,"key":"SMITH"},{"data":"Uppercut","floor":15,"key":"SMITH"},{"data":"Armaments","floor":23,"key":"SMITH"}],"circlet_count":0,"master_deck":["Strike_R","Strike_R","Strike_R","Strike_R","Defend_R","Defend_R","Defend_R","Defend_R","Bash","Pommel Strike","HappyTeddy","UniverseFragment","Sword Boomerang","Intimidate","VoidDream","LongBird","Disarm+1","True Grit","NakedNest","Inflame","Uppercut+1","Shockwave","BlackSwan","Warcry","GreedKing","Rampage","LittlePrince","OSAHOGD","Juggernaut","Flex","HeroicMonk","Shrug It Off","Burning Pact","Rudolta","SpiderBud","Armaments+1","WallGazer","Blood for Blood"],"relics":["Burning Blood","CogitoBucket","Akabeko","Happy Flower","Pen Nib","HellTrain","Mark of Pain","Ornamental Fan","Mercury Hourglass"],"acts_visited":["Exordium","TheCity"],"potions_floor_usage":[7,12,12,13,18,24],"damage_taken":[{"damage":6,"enemies":"Jaw Worm","floor":1,"turns":3},{"damage":17,"enemies":"Small Slimes","floor":2,"turns":3},{"damage":6,"enemies":"Cultist","floor":3,"turns":3},{"damage":9,"enemies":"Lots of Slimes","floor":4,"turns":5},{"damage":12,"enemies":"Large Slime","floor":7,"turns":6},{"damage":3,"enemies":"Gremlin Gang","floor":12,"turns":3},{"damage":0,"enemies":"Exordium Thugs","floor":13,"turns":3},{"damage":0,"enemies":"Red Slaver","floor":14,"turns":3},{"damage":44,"enemies":"Hexaghost","floor":16,"turns":6},{"damage":14,"enemies":"2 Thieves","floor":18,"turns":4},{"damage":9,"enemies":"Chosen","floor":21,"turns":3},{"damage":15,"enemies":"Snake Plant","floor":22,"turns":3},{"damage":66,"enemies":"3 Cultists","floor":24,"turns":5},{"damage":20,"enemies":"Gremlin Leader","floor":27,"turns":2}],"seed_played":"4975659521842105243","potions_obtained":[{"floor":1,"key":"DuplicationPotion"},{"floor":3,"key":"ColorlessPotion"},{"floor":7,"key":"SneckoOil"},{"floor":13,"key":"Explosive Potion"},{"floor":18,"key":"BloodPotion"}],"is_trial":false,"path_per_floor":["M","M","M","M","?","R","M","?","T","T","$","M","M","M","R","B",null,"M","$","$","M","M","R","M","T","T","E"],"character_chosen":"IRONCLAD","items_purchased":["Inflame","Uppercut","Shockwave","EntropicBrew","Shrug It Off"],"campfire_rested":0,"item_purchase_floors":[11,11,11,11,20],"current_hp_per_floor":[80,69,69,66,66,66,60,57,57,57,57,60,66,72,72,34,80,72,72,72,69,60,60,16,16,16,0,0],"gold":68,"neow_bonus":"","is_daily":false,"chose_seed":false,"campfire_upgraded":3,"win_rate":0.0,"timestamp":1609766437,"path_taken":["M","M","M","M","?","R","M","?","T","?","$","M","M","M","R","BOSS","M","?","$","M","M","R","?","?","T","E"],"items_purchased_type":["Card","Card","Card","Potion","Card"],"build_version":"2020-12-22","purchased_purges":2,"victory":false,"max_hp_per_floor":[80,80,80,80,80,80,80,80,80,80,80,80,80,80,80,80,80,80,80,80,80,80,80,80,80,80,80,80],"card_choices":[{"not_picked":["Thunderclap","Twin Strike"],"picked":"Pommel Strike","floor":1},{"not_picked":["VoidDream","CherryBlossoms"],"picked":"HappyTeddy","floor":1},{"not_picked":["OSAHOGD","VoidDream"],"picked":"UniverseFragment","floor":2},{"not_picked":["Perfected Strike","Havoc"],"picked":"Sword Boomerang","floor":2},{"not_picked":["Infernal Blade","Clash"],"picked":"Intimidate","floor":3},{"not_picked":["SpiderBud","FairyFestival"],"picked":"VoidDream","floor":3},{"not_picked":["Wellcheers","HeroicMonk"],"picked":"LongBird","floor":4},{"not_picked":["Thunderclap","Warcry"],"picked":"Disarm","floor":4},{"not_picked":["Body Slam","Heavy Blade"],"picked":"True Grit","floor":7},{"not_picked":["DespairKnight","BeautyBeast"],"picked":"NakedNest","floor":7},{"not_picked":["LaLuna","MHz"],"picked":"BlackSwan","floor":12},{"not_picked":["Havoc","True Grit","Flex"],"picked":"SKIP","floor":12},{"not_picked":["Flex","Wild Strike"],"picked":"Warcry","floor":13},{"not_picked":["MeatLantern","NothingThere"],"picked":"GreedKing","floor":13},{"not_picked":["Iron Wave","Shrug It Off"],"picked":"Rampage","floor":14},{"not_picked":["LaLuna","Wellcheers"],"picked":"LittlePrince","floor":14},{"not_picked":["Alriune","Murderer"],"picked":"OSAHOGD","floor":16},{"not_picked":["Corruption","Berserk"],"picked":"Juggernaut","floor":16},{"not_picked":["Second Wind+1","Perfected Strike"],"picked":"Flex","floor":18},{"not_picked":["ShyLook","Wellcheers"],"picked":"HeroicMonk","floor":18},{"not_picked":["Warcry","Anger"],"picked":"Burning Pact","floor":21},{"not_picked":["Murderer","MHz"],"picked":"Rudolta","floor":21},{"not_picked":["RedShoes","Wellcheers"],"picked":"SpiderBud","floor":22},{"not_picked":["Reckless Charge","Anger+1"],"picked":"Armaments","floor":22},{"not_picked":["Scorched","Wellcheers"],"picked":"WallGazer","floor":24},{"not_picked":["Iron Wave","Headbutt"],"picked":"Blood for Blood","floor":24}],"player_experience":151669,"relics_obtained":[{"floor":9,"key":"Happy Flower"},{"floor":10,"key":"Pen Nib"},{"floor":25,"key":"Ornamental Fan"},{"floor":26,"key":"Mercury Hourglass"}],"event_choices":[{"damage_healed":0,"gold_gain":175,"player_choice":"AGREE","damage_taken":0,"max_hp_gain":0,"max_hp_loss":0,"event_name":"Liars Game","floor":5,"gold_loss":0,"cards_obtained":["Doubt"]},{"damage_healed":0,"gold_gain":0,"player_choice":"Success","damage_taken":3,"relics_obtained":["Akabeko"],"max_hp_gain":0,"max_hp_loss":0,"event_name":"Scrap Ooze","floor":8,"gold_loss":0}],"is_beta":false,"boss_relics":[{"not_picked":["Busted Crown","Fusion Hammer"],"picked":"Mark of Pain"}],"items_purged_floors":[11,19],"is_endless":false,"potions_floor_spawned":[1,3,7,13,18],"killed_by":"Gremlin Leader","ascension_level":0}}