{"host":"jm45p5sme67dvpdw","time":1609784064,"event":{"mods":["BaseMod","Downfall","Friendly Minions","Hubris","Infinite Spire","Jorbs\u0027s Wanderer Trilogy","Kiyohime????","Koishi","Marisa????????","Minty Spire (QoL Compilation)","Prisma Mod","READ ME - Guardian Mod","READ ME - Snecko Mod","Remilia??????","Replay The Spire","Shop Mod","StSLib","Td1madao Mod","The Animator","The Bug Knight","The Construct","The Cursed","The Disciple","The Hierophant","The Jungle","The Necromancer","The Servant 0.9.4"],"gold_per_floor":[109,124,139,139,152,152,8,24,24,24,41,56,56,56,56,162,162,180,180,199,217,217,217,142,142,224,243,264,264,287,305,305,409,409,446,463,46,46,76,76],"floor_reached":39,"playtime":3192,"items_purged":["stsjorbsmod:Procrastination","animator:Assassin"],"score":402,"play_id":"e081e16d-ea25-42a6-b561-6e6272dab00f","local_time":"20210104211424","is_ascension_mode":false,"campfire_choices":[{"floor":6,"key":"RECALL"},{"data":"Eruption","floor":13,"key":"SMITH"},{"floor":15,"key":"DIG"},{"floor":23,"key":"REST"},{"floor":25,"key":"REST"},{"floor":29,"key":"REST"},{"floor":32,"key":"REST"}],"circlet_count":0,"master_deck":["Strike_P","Strike_P","Strike_P","Strike_P","Defend_P","Defend_P","Defend_P","Defend_P","Eruption+1","Vigilance+1","SandsOfTime","Replay:ManipulateFuture","CutThroughFate","infinitespire:Punishment+1","WreathOfFlame","Thunderclap","sneckomod:SoulRoll","stsjorbsmod:ReapAndSow","ReplayTheSpireMod:??????????????????????","LessonLearned","Forethought+1"],"relics":["PureWater","NeowsBlessing","PrismaticShard","infinitespire:Midas Blood","Ring of Chaos","ReplayTheSpireMod:Shallot","hubris:Backtick","Lizard Tail","Meat on the Bone"],"acts_visited":["Exordium","TheCity","TheBeyond"],"potions_floor_usage":[16,21,31,33,36,39,39],"damage_taken":[{"damage":0,"enemies":"Cultist","floor":1,"turns":1},{"damage":0,"enemies":"Jaw Worm","floor":2,"turns":1},{"damage":0,"enemies":"Small Slimes","floor":3,"turns":1},{"damage":3,"enemies":"Gremlin Gang","floor":5,"turns":4},{"damage":4,"enemies":"Blue Slaver","floor":8,"turns":2},{"damage":0,"enemies":"Red Slaver","floor":11,"turns":1},{"damage":0,"enemies":"Large Slime","floor":12,"turns":3},{"damage":25,"enemies":"Hexaghost","floor":16,"turns":7},{"damage":45,"enemies":"2 Thieves","floor":18,"turns":3},{"damage":0,"enemies":"Spheric Guardian","floor":20,"turns":3},{"damage":15,"enemies":"Centurion and Healer","floor":21,"turns":5},{"damage":0,"enemies":"Snecko","floor":27,"turns":2},{"damage":12,"enemies":"3 Cultists","floor":28,"turns":5},{"damage":24,"enemies":"Centurion and Healer","floor":30,"turns":6},{"damage":3,"enemies":"Snake Plant","floor":31,"turns":4},{"damage":19,"enemies":"hubris:MusketHawk","floor":33,"turns":6},{"damage":66,"enemies":"3 Darklings","floor":35,"turns":7},{"damage":0,"enemies":"3 Shapes","floor":36,"turns":3},{"damage":63,"enemies":"Orin","floor":39,"turns":6}],"seed_played":"2319888144816064408","potions_obtained":[{"floor":1,"key":"DistilledChaos"},{"floor":2,"key":"Dexterity Potion"},{"floor":5,"key":"construct:ShiftPotion"},{"floor":11,"key":"SpeedPotion"},{"floor":12,"key":"BlessingOfTheForge"},{"floor":20,"key":"DistilledChaos"},{"floor":27,"key":"FearPotion"},{"floor":30,"key":"Flashbang"},{"floor":33,"key":"Explosive Potion"},{"floor":36,"key":"BottledMiracle"}],"is_trial":false,"path_per_floor":["M","M","M","?","M","R","$","M","T","?","M","M","R","?","R","B",null,"M","AVR","M","M","?","R","$","R","T","M","M","R","M","M","R","B",null,"M","M","$","?","?"],"character_chosen":"WATCHER","items_purchased":["PrismaticShard","Regen Potion","Meat on the Bone"],"campfire_rested":4,"item_purchase_floors":[7,37,37],"current_hp_per_floor":[72,72,72,54,51,51,51,47,47,47,47,47,47,47,47,22,72,27,27,27,12,12,33,33,54,54,54,42,63,39,36,57,38,72,6,6,6,6,0,0],"gold":76,"neow_bonus":"THREE_ENEMY_KILL","is_daily":false,"chose_seed":false,"campfire_upgraded":1,"win_rate":0.0,"timestamp":1609784064,"path_taken":["M","M","?","?","M","R","$","M","T","?","M","M","R","?","R","BOSS","M","AVR","M","?","?","R","$","R","T","?","M","R","M","M","R","BOSS","M","M","$","?","?"],"items_purchased_type":["Relic","Potion","Relic"],"build_version":"2020-12-22","purchased_purges":2,"victory":false,"max_hp_per_floor":[72,72,72,72,72,72,72,72,72,72,72,72,72,72,72,72,72,72,72,72,72,72,72,72,72,72,72,72,72,72,72,72,72,72,72,72,72,72,72,72],"card_choices":[{"not_picked":["Replay:Anticipation","FearNoEvil"],"picked":"SandsOfTime","floor":1},{"not_picked":["Evaluate","SashWhip"],"picked":"Replay:ManipulateFuture","floor":2},{"not_picked":["ClearTheMind","Vengeance"],"picked":"CutThroughFate","floor":3},{"not_picked":["infinitespire:FinalStrike","infinitespire:NeuralNetwork"],"picked":"infinitespire:Punishment","floor":4},{"not_picked":["CrushJoints","Protect"],"picked":"WreathOfFlame","floor":5},{"not_picked":["animator:Darkness","Koishi:RacingHeart"],"picked":"Thunderclap","floor":8},{"not_picked":["Guardian:Planning","animator:DwarfShaman"],"picked":"sneckomod:SoulRoll","floor":11},{"not_picked":["FinalSpark","animator:Viivi","construct:Overcharge"],"picked":"SKIP","floor":12},{"not_picked":["animator:TakanashiRikka","construct:SiegeForm"],"picked":"stsjorbsmod:ReapAndSow","floor":16},{"not_picked":["sneckomod:UnknownExhaust","champ:BladeFlurry"],"picked":"animator:Assassin","floor":18},{"not_picked":["animator:MaesHughes","KiyohimeMod:CommandCard_Buster+1","KiyohimeMod:Berserker"],"picked":"SKIP","floor":20},{"not_picked":["expansioncontent:Hexaburn+1","Koishi:Whimsy+1","ReplayTheSpireMod:Shiv Toss"],"picked":"SKIP","floor":21},{"not_picked":["champ:Duel+1","stsjorbsmod:DisguiseSelf","animator:Aqua+1"],"picked":"SKIP","floor":27},{"not_picked":["animator:Assassin","Koishi:DanmakuParanoia","animator:Elsword"],"picked":"SKIP","floor":28},{"not_picked":["Stack","Lunge+1","animator:IrohaTamaki"],"picked":"SKIP","floor":30},{"not_picked":["hierophant:SealAway","PrismaMod:MiyuDefenseRemoval","Koishi:ParalyzingFear+1"],"picked":"SKIP","floor":31},{"not_picked":["AsteroidBelt+1","PrismaMod:MiyuEvokeBuffDex+1","champ:StanceDance+1"],"picked":"SKIP","floor":35},{"not_picked":["Slimebound:Schlurp+1","PrismaMod:MiyuCheapAttack1"],"picked":"Forethought+1","floor":36}],"player_experience":189268,"relics_obtained":[{"floor":15,"key":"infinitespire:Midas Blood"},{"floor":26,"key":"ReplayTheSpireMod:Shallot"}],"event_choices":[{"damage_healed":0,"gold_gain":0,"player_choice":"Grow","damage_taken":0,"max_hp_gain":0,"max_hp_loss":0,"event_name":"Living Wall","floor":10,"gold_loss":0,"cards_upgraded":["infinitespire:Punishment"]},{"damage_healed":0,"gold_gain":0,"player_choice":"Forge","damage_taken":0,"max_hp_gain":0,"max_hp_loss":0,"event_name":"Accursed Blacksmith","floor":14,"gold_loss":0,"cards_upgraded":["Vigilance"]},{"damage_healed":0,"gold_gain":0,"player_choice":"2 cards matched","damage_taken":0,"max_hp_gain":0,"max_hp_loss":0,"event_name":"Match and Keep!","floor":22,"gold_loss":0,"cards_obtained":["stsjorbsmod:Procrastination","LessonLearned"]},{"damage_healed":0,"gold_gain":0,"player_choice":"Fight","damage_taken":0,"max_hp_gain":0,"max_hp_loss":0,"event_name":"OrinTheCat","floor":39,"gold_loss":0}],"is_beta":false,"boss_relics":[{"not_picked":["Replay:Fungal Core","Black Star"],"picked":"Ring of Chaos"},{"not_picked":["Runic Pyramid","SacredBark"],"picked":"hubris:Backtick"}],"items_purged_floors":[24,37],"is_endless":false,"potions_floor_spawned":[1,2,5,11,12,20,27,30,33,36],"killed_by":"Orin","ascension_level":0}}