{"host":"y89x8uui45kcjy42","time":1609761109,"event":{"mods":["2.2 Compatiblity","BaseMod","CapriCore","Colored Map","Colored Powertips","Custom Start","Friendly Minions","Keyboard Shortcuts","Lobotomy","Minty Spire (QoL Compilation)","Relic Stats","Slay the Relics Exporter","StSLib","SuperFastMode","Uncapped"],"gold_per_floor":[114,114,127,127,141,175,175,205,205,205,205],"floor_reached":10,"playtime":337,"items_purged":[],"score":80,"play_id":"738d8812-6491-4248-9286-f9f9c04d9ef6","local_time":"20210104205149","is_ascension_mode":true,"campfire_choices":[{"data":"Pommel Strike","floor":7,"key":"SMITH"}],"circlet_count":0,"master_deck":["Strike_R","Strike_R","Strike_R","Strike_R","Defend_R","Defend_R","Defend_R","Defend_R","Bash+1","HappyTeddy","OSAHOGD","Pommel Strike+1","FieryBird","CrumblingArmor","MeatLantern"],"relics":["Burning Blood","CogitoBucket","White Beast Statue","Anchor","WingedGreaves","Coffee Dripper"],"acts_visited":["Exordium"],"potions_floor_usage":[8],"damage_taken":[{"damage":14,"enemies":"2 Louse","floor":1,"turns":4},{"damage":1,"enemies":"Cultist","floor":3,"turns":3},{"damage":11,"enemies":"Jaw Worm","floor":5,"turns":2},{"damage":59,"enemies":"Lagavulin","floor":6,"turns":5},{"damage":69,"enemies":"3 Sentries","floor":8,"turns":10},{"damage":44,"enemies":"Gremlin Nob","floor":10,"turns":1}],"seed_played":"-7149954015166765150","potions_obtained":[{"floor":1,"key":"SmokeBomb"},{"floor":6,"key":"Regen Potion"},{"floor":8,"key":"Ancient Potion"}],"is_trial":false,"path_per_floor":["M","?","M","?","M","E","R","E","T","E"],"character_chosen":"IRONCLAD","items_purchased":[],"campfire_rested":0,"item_purchase_floors":[],"current_hp_per_floor":[72,72,77,77,72,19,19,25,25,0,0],"gold":205,"neow_bonus":"","is_daily":false,"chose_seed":false,"campfire_upgraded":1,"win_rate":0.0,"timestamp":1609761109,"path_taken":["M","?","?","?","M","E","R","E","T","E"],"items_purchased_type":[],"build_version":"2020-12-22","purchased_purges":0,"victory":false,"max_hp_per_floor":[80,80,80,80,80,80,80,80,80,80,80],"relic_stats":{"counters":[6,25],"obtain_stats":[{"CogitoBucket":0,"Anchor":8,"WingedGreaves":9,"Coffee Dripper":9,"Burning Blood":0,"White Beast Statue":6},{"CogitoBucket":0,"Anchor":5,"WingedGreaves":5,"Coffee Dripper":5,"Burning Blood":0,"White Beast Statue":4},{"CogitoBucket":0,"Anchor":24,"WingedGreaves":24,"Coffee Dripper":24,"Burning Blood":0,"White Beast Statue":14}],"Burning Blood":30},"card_choices":[{"not_picked":["ShyLook","HeroicMonk"],"picked":"HappyTeddy","floor":1},{"not_picked":["Sword Boomerang","Warcry","Flex"],"picked":"SKIP","floor":1},{"not_picked":["OldLady","PunishingBird"],"picked":"OSAHOGD","floor":3},{"not_picked":["Flex","Iron Wave"],"picked":"Pommel Strike","floor":3},{"not_picked":["Wellcheers","GreedKing"],"picked":"FieryBird","floor":5},{"not_picked":["Headbutt","Dual Wield","Fiend Fire"],"picked":"SKIP","floor":5},{"not_picked":["BeautyBeast","Freischutz"],"picked":"CrumblingArmor","floor":6},{"not_picked":["Body Slam","Pommel Strike","Sentinel"],"picked":"SKIP","floor":6},{"not_picked":["SpiderBud","Murderer"],"picked":"MeatLantern","floor":8},{"not_picked":["Flex","Armaments","Iron Wave"],"picked":"SKIP","floor":8}],"player_experience":562867,"relics_obtained":[{"floor":6,"key":"White Beast Statue"},{"floor":8,"key":"Anchor"}],"event_choices":[{"cards_removed":["Strike_R"],"damage_healed":0,"gold_gain":0,"player_choice":"Purged","damage_taken":0,"max_hp_gain":0,"max_hp_loss":0,"event_name":"Purifier","floor":2,"gold_loss":0},{"damage_healed":0,"gold_gain":0,"player_choice":"Grow","damage_taken":0,"max_hp_gain":0,"max_hp_loss":0,"event_name":"Living Wall","floor":4,"gold_loss":0,"cards_upgraded":["Bash"]}],"is_beta":false,"boss_relics":[],"items_purged_floors":[],"is_endless":false,"potions_floor_spawned":[1,6,8],"killed_by":"Gremlin Nob","ascension_level":1}}