{"host":"lklj3eidp7g5an38","time":1609795266,"event":{"mods":["BaseMod","Minty Spire (QoL Compilation)","Relic Stats","StSLib"],"gold_per_floor":[112,37,37,56,56,91,91,126,126,142,13,27,27,27,27,104,104,115,125,142,192,207,207,207,207],"floor_reached":24,"playtime":1871,"items_purged":["Strike_B"],"score":371,"play_id":"5bea6207-d72b-4772-b3ef-4aa0b254db2c","local_time":"20210104212106","is_ascension_mode":true,"campfire_choices":[{"data":"Dualcast","floor":7.0,"key":"SMITH"},{"floor":13,"key":"REST"},{"data":"Defragment","floor":15,"key":"SMITH"},{"floor":23,"key":"REST"}],"circlet_count":0,"master_deck":["AscendersBane","Strike_B","Strike_B","Strike_B","Defend_B","Defend_B","Defend_B","Defend_B","Zap","Dualcast+1","Multi-Cast","Coolheaded","Rebound","Conserve Battery","Core Surge","Defragment+1","Genetic Algorithm","Capacitor","Cold Snap","Electrodynamics","Self Repair+1","Force Field","Sweeping Beam+1","Coolheaded"],"relics":["Cracked Core","Cables","Lantern","Dream Catcher","Pantograph","Philosopher\u0027s Stone"],"acts_visited":["Exordium","TheCity"],"potions_floor_usage":[12,16,24,24],"damage_taken":[{"damage":3.0,"enemies":"2 Louse","floor":1.0,"turns":2.0},{"damage":0.0,"enemies":"Cultist","floor":4.0,"turns":3.0},{"damage":28.0,"enemies":"Lagavulin","floor":6.0,"turns":10.0},{"damage":6.0,"enemies":"3 Sentries","floor":8.0,"turns":10.0},{"damage":0.0,"enemies":"Jaw Worm","floor":10.0,"turns":3.0},{"damage":20,"enemies":"Gremlin Gang","floor":12,"turns":6},{"damage":20,"enemies":"Hexaghost","floor":16,"turns":11},{"damage":7,"enemies":"2 Thieves","floor":18,"turns":2},{"damage":2,"enemies":"Chosen","floor":19,"turns":6},{"damage":13,"enemies":"Centurion and Healer","floor":20,"turns":7},{"damage":43,"enemies":"3 Cultists","floor":22,"turns":5},{"damage":70,"enemies":"Book of Stabbing","floor":24,"turns":7}],"seed_played":"6332121200256595247","potions_obtained":[{"floor":4.0,"key":"Block Potion"},{"floor":6.0,"key":"GamblersBrew"},{"floor":12,"key":"Swift Potion"},{"floor":19,"key":"Explosive Potion"},{"floor":20,"key":"Regen Potion"},{"floor":22,"key":"Fruit Juice"}],"is_trial":false,"path_per_floor":["M","$","?","M","?","E","R","E","T","M","$","M","R","?","R","B",null,"M","M","M","?","M","R","E"],"character_chosen":"DEFECT","items_purchased":["Defragment","Genetic Algorithm"],"campfire_rested":2,"item_purchase_floors":[11,11],"current_hp_per_floor":[61,61,61,61,61,33,33,27,27,27,27,7,26,31,31,36,61,54,62,59,59,26,46,0,0],"gold":207,"neow_bonus":"THREE_RARE_CARDS","is_daily":false,"chose_seed":false,"campfire_upgraded":2,"win_rate":0.0,"timestamp":1609795266,"path_taken":["M","$","?","?","?","E","R","E","T","?","?","M","R","?","R","BOSS","M","M","M","?","M","R","E"],"items_purchased_type":["Card","Card"],"build_version":"2020-12-22","purchased_purges":1,"victory":false,"max_hp_per_floor":[64,64,64,64,64,64,64,64,64,64,64,64,64,69,69,69,69,69,69,69,69,69,69,74,74],"relic_stats":{"Dream Catcher":2,"counters":[12,72],"Pantograph":25,"obtain_stats":[{"Lantern":6,"Dream Catcher":8,"Pantograph":9,"Philosopher\u0027s Stone":17,"Cracked Core":0,"Cables":5},{"Lantern":3,"Dream Catcher":4,"Pantograph":4,"Philosopher\u0027s Stone":7,"Cracked Core":0,"Cables":2},{"Lantern":15,"Dream Catcher":25,"Pantograph":25,"Philosopher\u0027s Stone":45,"Cracked Core":0,"Cables":5}],"Cables":[55,21,34,0,0]},"card_choices":[{"not_picked":["Core Surge","Echo Form"],"picked":"Multi-Cast","floor":0.0},{"not_picked":["Barrage","Beam Cell"],"picked":"Coolheaded","floor":1.0},{"not_picked":["Hello World","Leap"],"picked":"Rebound","floor":4.0},{"not_picked":["White Noise","Leap"],"picked":"Conserve Battery","floor":6.0},{"not_picked":["Skim","Reboot"],"picked":"Core Surge","floor":8.0},{"not_picked":["Rebound","Conserve Battery","Beam Cell"],"picked":"SKIP","floor":10.0},{"not_picked":["Beam Cell","Go for the Eyes"],"picked":"Capacitor","floor":12},{"not_picked":["Turbo","Conserve Battery"],"picked":"Cold Snap","floor":13},{"not_picked":["Amplify","Seek"],"picked":"Electrodynamics","floor":16},{"not_picked":["Ball Lightning","Leap"],"picked":"Self Repair+1","floor":18},{"not_picked":["White Noise","Blizzard","Conserve Battery"],"picked":"SKIP","floor":19},{"not_picked":["Hologram","Leap"],"picked":"Force Field","floor":20},{"not_picked":["Capacitor","Steam Power"],"picked":"Sweeping Beam+1","floor":22},{"not_picked":["Beam Cell","Hologram"],"picked":"Coolheaded","floor":23}],"player_experience":901082,"relics_obtained":[{"floor":5.0,"key":"Cables"},{"floor":6.0,"key":"Lantern"},{"floor":8.0,"key":"Dream Catcher"},{"floor":9.0,"key":"Pantograph"}],"event_choices":[{"damage_healed":0.0,"max_hp_gain":0.0,"max_hp_loss":0.0,"gold_gain":0.0,"event_name":"WeMeetAgain","player_choice":"Ignored","floor":3.0,"gold_loss":0.0,"damage_taken":0.0},{"damage_healed":0.0,"max_hp_gain":0.0,"max_hp_loss":0.0,"gold_gain":0.0,"event_name":"Wheel of Change","player_choice":"Relic","floor":5.0,"gold_loss":0.0,"damage_taken":0.0},{"damage_healed":0,"gold_gain":0,"player_choice":"Donut","damage_taken":0,"max_hp_gain":5,"max_hp_loss":0,"event_name":"Big Fish","floor":14,"gold_loss":0},{"damage_healed":0,"gold_gain":50,"player_choice":"Stole From Cult","damage_taken":0,"max_hp_gain":0,"max_hp_loss":0,"event_name":"Nest","floor":21,"gold_loss":0}],"is_beta":false,"boss_relics":[{"not_picked":["Coffee Dripper","Runic Dome"],"picked":"Philosopher\u0027s Stone"}],"items_purged_floors":[2],"is_endless":false,"potions_floor_spawned":[4,6,12,19,20,22],"killed_by":"Book of Stabbing","ascension_level":16}}