{"host":"94qggqh0xz0sp6ai","time":1609738702,"event":{"mods":["Abigail Mod","Act Like it!","BaseMod","CapriCore","Downfall","Friendly Minions","Gensokyo","Hermit","Jorbs\u0027s Wanderer Trilogy","Koishi","Marisa（霧雨　魔理沙）","Minty Spire (QoL Compilation)","Permanent Neow","Reimu（博??梦）","StSLib","The Alterego","The Construct","The Cursed","The Hierophant","The Immortal","The Senshi","The Servant 0.9.4","TheBandit","Waifu the Spire"],"gold_per_floor":[113,44,44,58,72,105,105,118,118,130,130,162,182,192,192,287,287,305,305,334,116,127,127,152,162,162,162,181,181,12,26,26,121,121,132,144,199,4,15,46,46,57,83,83,131,131,148,370,370,370],"floor_reached":51,"playtime":2384,"items_purged":["alterego_mod:Strike","alterego_mod:Strike"],"score":891,"play_id":"c9c4e51a-dfef-4968-a7a4-f6b944d047f0","local_time":"20210103233822","is_ascension_mode":true,"campfire_choices":[{"data":"alterego_mod:Vow","floor":7,"key":"SMITH"},{"data":"alterego_mod:ChallengeComplete","floor":11,"key":"SMITH"},{"data":"alterego_mod:BiFurious","floor":15,"key":"SMITH"},{"data":"alterego_mod:Rake","floor":23,"key":"SMITH"},{"data":"alterego_mod:Impale","floor":27,"key":"SMITH"},{"data":"alterego_mod:Cushion","floor":32,"key":"SMITH"},{"floor":41,"key":"REST"},{"data":"alterego_mod:Nekomimi","floor":44,"key":"SMITH"},{"data":"alterego_mod:TrickOrTreatment","floor":46,"key":"SMITH"},{"data":"alterego_mod:ClassAdvantage","floor":49,"key":"SMITH"}],"circlet_count":0,"master_deck":["alterego_mod:Strike","alterego_mod:Strike","alterego_mod:Defend","alterego_mod:Defend","alterego_mod:Defend","alterego_mod:Defend","alterego_mod:Impale+1","alterego_mod:BigMeatyClaws","alterego_mod:BrynhildrsRune","alterego_mod:Valkyrie+1","alterego_mod:Undulate+1","alterego_mod:ChallengeComplete+1","alterego_mod:Mirror","alterego_mod:Vow+1","alterego_mod:Cushion+1","alterego_mod:BiFurious+1","alterego_mod:Exercise","alterego_mod:Rake+1","alterego_mod:Rip+1","alterego_mod:Birthday+1","alterego_mod:Valentines+1","alterego_mod:SakuraFive","alterego_mod:ClassAdvantage+1","alterego_mod:Nekomimi+1","alterego_mod:Undulate+1","alterego_mod:DiscoLights+1","alterego_mod:Nekomimi+1","alterego_mod:Nekomimi","alterego_mod:Support+1","Injury","alterego_mod:TrickOrTreatment+1"],"relics":["alterego_mod:MasochisticConstitution","Omamori","Bottled Flame","CaptainsWheel","Cursed Key","Unceasing Top","Red Mask","theSenshi:SailorFukuRelic","Mastiff:ReiMu","theSenshi:FeatherClipsRelic","Black Star","CatCart","War Paint","MealTicket","Strawberry","Blood Vial","TungstenRod"],"acts_visited":["Exordium","TheCity","TheBeyond"],"potions_floor_usage":[18,24,28,28,37,45],"damage_taken":[{"damage":3,"enemies":"Cultist","floor":1,"turns":4},{"damage":0,"enemies":"Jaw Worm","floor":4,"turns":3},{"damage":5,"enemies":"Small Slimes","floor":5,"turns":3},{"damage":40,"enemies":"Gremlin Nob","floor":6,"turns":4},{"damage":15,"enemies":"Exordium Wildlife","floor":8,"turns":4},{"damage":7,"enemies":"Lots of Slimes","floor":10,"turns":7},{"damage":18,"enemies":"3 Sentries","floor":12,"turns":12},{"damage":9,"enemies":"2 Fungi Beasts","floor":13,"turns":4},{"damage":10,"enemies":"Large Slime","floor":14,"turns":4},{"damage":15,"enemies":"Slime Boss","floor":16,"turns":7},{"damage":24,"enemies":"2 Thieves","floor":18,"turns":5},{"damage":24,"enemies":"Masked Bandits","floor":20,"turns":3},{"damage":17,"enemies":"Shell Parasite","floor":22,"turns":6},{"damage":29,"enemies":"Slavers","floor":24,"turns":6},{"damage":25,"enemies":"Centurion and Healer","floor":25,"turns":5},{"damage":11,"enemies":"3 Cultists","floor":28,"turns":4},{"damage":0,"enemies":"Sentry and Sphere","floor":31,"turns":6},{"damage":35,"enemies":"Automaton","floor":33,"turns":5},{"damage":0,"enemies":"Orb Walker","floor":35,"turns":4},{"damage":15,"enemies":"3 Shapes","floor":36,"turns":6},{"damage":0,"enemies":"Orin","floor":37,"turns":5},{"damage":14,"enemies":"3 Darklings","floor":39,"turns":12},{"damage":82,"enemies":"Giant Head","floor":40,"turns":18},{"damage":10,"enemies":"Sphere and 2 Shapes","floor":42,"turns":11},{"damage":8,"enemies":"2 Orb Walkers","floor":45,"turns":4},{"damage":26,"enemies":"Maw","floor":47,"turns":7},{"damage":51,"enemies":"Time Eater","floor":50,"turns":17}],"seed_played":"-2884081064503450580","potions_obtained":[{"floor":1,"key":"ZuzhouPotion:ReiMu"},{"floor":6,"key":"Regen Potion"},{"floor":12,"key":"SpeedPotion"},{"floor":16,"key":"FearPotion"},{"floor":18,"key":"sneckomod:MuddlingPotion"},{"floor":25,"key":"FearPotion"},{"floor":28,"key":"FearPotion"},{"floor":31,"key":"Energy Potion"},{"floor":36,"key":"MagicPotion:ReiMu"},{"floor":39,"key":"SneckoOil"},{"floor":42,"key":"champ:CounterPotion"},{"floor":45,"key":"Guardian:BlockOnCardUsePotion"}],"is_trial":false,"path_per_floor":["M","$","?","M","M","E","R","M","T","M","R","E","M","M","R","B",null,"M","T","?","$","M","R","E","M","T","R","M","?","$","M","R","B",null,"M","M","?","$","M","E","R","M","T","R","?","R","M","?","R","B",null],"character_chosen":"The_Alterego","items_purchased":["alterego_mod:ChallengeComplete","theSenshi:SailorFukuRelic","alterego_mod:SakuraFive","War Paint","alterego_mod:Nekomimi"],"campfire_rested":1,"item_purchase_floors":[2,21,30,38,38],"current_hp_per_floor":[71,71,71,71,69,37,37,37,37,75,75,76,68,59,59,45,79,56,56,40,40,31,31,41,19,19,19,38,38,38,53,53,48,86,86,80,87,87,83,25,53,74,74,74,92,92,78,78,78,39],"gold":370,"neow_bonus":"ONE_RANDOM_RARE_CARD","is_daily":false,"chose_seed":false,"campfire_upgraded":9,"win_rate":0.0,"timestamp":1609738702,"path_taken":["M","$","?","M","M","E","R","M","T","M","R","E","M","M","R","BOSS","M","?","?","?","M","R","E","?","T","R","M","?","$","M","R","BOSS","M","?","?","?","?","E","R","M","T","R","?","R","M","?","R","BOSS"],"items_purchased_type":["Card","Relic","Card","Relic","Card"],"build_version":"2020-12-22","purchased_purges":2,"victory":true,"max_hp_per_floor":[71,71,71,71,72,73,73,74,74,75,75,76,77,78,78,79,79,80,80,81,81,82,82,83,84,84,84,85,85,85,85,85,86,86,86,87,87,87,88,96,96,97,97,97,98,98,99,99,99,100],"card_choices":[{"not_picked":["alterego_mod:Jiggle","alterego_mod:Skirt"],"picked":"alterego_mod:Undulate","floor":1},{"not_picked":["alterego_mod:Cooking","alterego_mod:Pet"],"picked":"alterego_mod:Mirror","floor":4},{"not_picked":["alterego_mod:Pet","alterego_mod:MagicResistance"],"picked":"alterego_mod:Vow","floor":5},{"not_picked":["alterego_mod:GachaTicket","alterego_mod:Undulate"],"picked":"alterego_mod:Cushion","floor":6},{"not_picked":["alterego_mod:DeftHands","alterego_mod:BusterCard"],"picked":"alterego_mod:BiFurious","floor":8},{"not_picked":["alterego_mod:Cooking","alterego_mod:Cushion","alterego_mod:Bounce"],"picked":"SKIP","floor":10},{"not_picked":["alterego_mod:Birthday","alterego_mod:Complex"],"picked":"alterego_mod:Exercise","floor":12},{"not_picked":["alterego_mod:Stockings","alterego_mod:Alter","alterego_mod:Undulate"],"picked":"SKIP","floor":13},{"not_picked":["alterego_mod:Santa","alterego_mod:Bounce","alterego_mod:Undulate"],"picked":"SKIP","floor":14},{"not_picked":["alterego_mod:Lift","alterego_mod:IdEs"],"picked":"alterego_mod:Rake","floor":16},{"not_picked":["alterego_mod:Punishment","alterego_mod:Cooking+1"],"picked":"alterego_mod:Rip+1","floor":18},{"not_picked":["alterego_mod:Cooking","alterego_mod:Mirror"],"picked":"alterego_mod:Birthday","floor":22},{"not_picked":["alterego_mod:DestructionOfProperty+1","alterego_mod:Cycle","alterego_mod:Cooking"],"picked":"SKIP","floor":24},{"not_picked":["alterego_mod:SideboobHour","alterego_mod:Jiggle","alterego_mod:Complex"],"picked":"SKIP","floor":25},{"not_picked":["alterego_mod:Lingerie","alterego_mod:BiFurious"],"picked":"alterego_mod:Valentines+1","floor":28},{"not_picked":["alterego_mod:Mirror","alterego_mod:1TonWallop+1","alterego_mod:DeftHands"],"picked":"SKIP","floor":31},{"not_picked":["alterego_mod:Alter","alterego_mod:Valkyrie"],"picked":"alterego_mod:ClassAdvantage","floor":33},{"not_picked":["alterego_mod:Bounce+1","alterego_mod:Schoolgirl+1"],"picked":"alterego_mod:Nekomimi+1","floor":35},{"not_picked":["alterego_mod:Jiggle","alterego_mod:Punishment"],"picked":"alterego_mod:Undulate+1","floor":36},{"not_picked":["alterego_mod:Complex","alterego_mod:Birthday"],"picked":"alterego_mod:DiscoLights+1","floor":37},{"not_picked":["alterego_mod:DiscoLights+1","alterego_mod:Pet+1"],"picked":"alterego_mod:Nekomimi","floor":39},{"not_picked":["alterego_mod:GoddessCore+1","alterego_mod:Rip+1"],"picked":"alterego_mod:Support+1","floor":40},{"not_picked":["alterego_mod:HighServant","alterego_mod:DiscoLights","alterego_mod:SakuraPetals"],"picked":"SKIP","floor":42},{"not_picked":["alterego_mod:Birthday","alterego_mod:Rip+1"],"picked":"alterego_mod:TrickOrTreatment","floor":45},{"not_picked":["alterego_mod:Crossover","alterego_mod:Belts+1","alterego_mod:PerceptionDisorder+1"],"picked":"SKIP","floor":47}],"player_experience":1403514,"relics_obtained":[{"floor":6,"key":"Omamori"},{"floor":9,"key":"Bottled Flame"},{"floor":12,"key":"CaptainsWheel"},{"floor":19,"key":"Unceasing Top"},{"floor":20,"key":"Red Mask"},{"floor":24,"key":"Mastiff:ReiMu"},{"floor":26,"key":"theSenshi:FeatherClipsRelic"},{"floor":37,"key":"CatCart"},{"floor":40,"key":"MealTicket"},{"floor":40,"key":"Strawberry"},{"floor":43,"key":"Blood Vial"},{"floor":45,"key":"TungstenRod"}],"event_choices":[{"damage_healed":0,"gold_gain":0,"player_choice":"Upgraded","damage_taken":0,"max_hp_gain":0,"max_hp_loss":0,"event_name":"Upgrade Shrine","floor":3,"gold_loss":0,"cards_upgraded":["alterego_mod:Valkyrie"]},{"damage_healed":0,"gold_gain":0,"player_choice":"Fought Bandits","damage_taken":0,"max_hp_gain":0,"max_hp_loss":0,"event_name":"Masked Bandits","floor":20,"gold_loss":0},{"damage_healed":0,"gold_gain":0,"player_choice":"Bought 0 Potions","damage_taken":0,"max_hp_gain":0,"max_hp_loss":0,"event_name":"The Woman in Blue","floor":29,"gold_loss":0},{"damage_healed":0,"gold_gain":0,"player_choice":"Fight","damage_taken":0,"max_hp_gain":0,"max_hp_loss":0,"event_name":"OrinTheCat","floor":37,"gold_loss":0},{"damage_healed":0,"gold_gain":0,"player_choice":"Fight","damage_taken":0,"max_hp_gain":0,"max_hp_loss":0,"event_name":"Mysterious Sphere","floor":45,"gold_loss":0},{"damage_healed":0,"gold_gain":222,"player_choice":"Wore Mask","damage_taken":0,"max_hp_gain":0,"max_hp_loss":0,"event_name":"Tomb of Lord Red Mask","floor":48,"gold_loss":0}],"is_beta":false,"boss_relics":[{"not_picked":["construct:ClawGrip","Calling Bell"],"picked":"Cursed Key"},{"not_picked":["Snecko Eye","Empty Cage"],"picked":"Black Star"}],"items_purged_floors":[21,30],"is_endless":false,"potions_floor_spawned":[1,6,12,16,18,25,28,31,36,39,40,42,45],"ascension_level":4}}