{"host":"j5gdvqtwmxqn6tw6","time":1609799291,"event":{"mods":["BaseMod","Colored Map","Colored Powertips","Downfall","Hermit","Marisa????????","Minty Spire (QoL Compilation)","Replay The Spire","StSLib","SuperFastMode","The Servant 0.9.4"],"gold_per_floor":[110,110,129,145,72,72,72,72,72,95,113,113,139,151,151,251,251,271,291,301,301,301],"floor_reached":21,"playtime":488,"items_purged":[],"score":181,"play_id":"449720b9-430c-4626-9adc-8b1210b9299e","local_time":"20210104232811","is_ascension_mode":false,"campfire_choices":[{"data":"FIFO Queue","floor":6,"key":"SMITH"},{"data":"Consume","floor":15,"key":"SMITH"}],"circlet_count":0,"master_deck":["Strike_B","Strike_B","Strike_B","Strike_B","Defend_B","Defend_B","Defend_B","Defend_B","Zap","Dualcast","Regret","Ball Lightning+1","Consume+1","Core Surge","FIFO Queue+1","Barrage","Buffer","Self Repair"],"relics":["Cracked Core","Ginger","ReplayTheSpireMod:TigerMarble","Replay:WaspNest","Vajra","Pen Nib","Coffee Dripper"],"acts_visited":["Exordium","TheCity"],"potions_floor_usage":[13,13,16,16,20,21],"damage_taken":[{"damage":2,"enemies":"2 Louse","floor":1,"turns":2},{"damage":3,"enemies":"Cultist","floor":3,"turns":3},{"damage":2,"enemies":"Small Slimes","floor":4,"turns":2},{"damage":2,"enemies":"Blue Slaver","floor":11,"turns":2},{"damage":15,"enemies":"Replay:BlueRogue","floor":13,"turns":4},{"damage":12,"enemies":"Exordium Thugs","floor":14,"turns":3},{"damage":22,"enemies":"Hexaghost","floor":16,"turns":7},{"damage":18,"enemies":"Shell Parasite","floor":18,"turns":4},{"damage":32,"enemies":"2 Thieves","floor":19,"turns":2},{"damage":18,"enemies":"Shelled Parasite and Fungi","floor":20,"turns":5},{"damage":14,"enemies":"Snake Plant","floor":21,"turns":2}],"seed_played":"-7478278702863444384","potions_obtained":[{"floor":4,"key":"EntropicBrew"},{"floor":11,"key":"Explosive Potion"},{"floor":19,"key":"Weak Potion"},{"floor":20,"key":"Toxic Potion"}],"is_trial":false,"path_per_floor":["M","?","M","M","$","R","?","$","T","T","M","?","E","M","R","B",null,"M","M","M","M"],"character_chosen":"DEFECT","items_purchased":["FIFO Queue"],"campfire_rested":0,"item_purchase_floors":[5],"current_hp_per_floor":[73,73,70,68,68,68,65,65,65,65,63,63,48,36,36,14,75,57,25,14,0,0],"gold":301,"neow_bonus":"ONE_RARE_RELIC","is_daily":false,"chose_seed":false,"campfire_upgraded":2,"win_rate":0.0,"timestamp":1609799291,"path_taken":["M","?","?","M","?","R","?","$","T","?","?","?","E","M","R","BOSS","M","?","?","M"],"items_purchased_type":["Card"],"build_version":"2020-12-22","purchased_purges":0,"victory":false,"max_hp_per_floor":[75,75,75,75,75,75,75,75,75,75,75,75,75,75,75,75,75,75,75,75,75,75],"card_choices":[{"not_picked":["Gash","Reinforced Body"],"picked":"Ball Lightning","floor":1},{"not_picked":["Streamline","Conserve Battery"],"picked":"Consume","floor":3},{"not_picked":["Steam","Ball Lightning"],"picked":"Core Surge","floor":4},{"not_picked":["Turbo","Cold Snap"],"picked":"Barrage","floor":11},{"not_picked":["Steam","Barrage","Beam Cell"],"picked":"SKIP","floor":13},{"not_picked":["Reboot","Coolheaded","ReplayGash"],"picked":"SKIP","floor":14},{"not_picked":["Hyperbeam","Machine Learning"],"picked":"Buffer","floor":16},{"not_picked":["Stack","Turbo","Go for the Eyes"],"picked":"SKIP","floor":18},{"not_picked":["Stack","Gash"],"picked":"Self Repair","floor":19},{"not_picked":["Coolheaded","Darkness","Scrape"],"picked":"SKIP","floor":20}],"player_experience":81575,"relics_obtained":[{"floor":9,"key":"Replay:WaspNest"},{"floor":10,"key":"Vajra"},{"floor":13,"key":"Pen Nib"}],"event_choices":[{"damage_healed":0,"gold_gain":0,"player_choice":"Upgraded","damage_taken":0,"max_hp_gain":0,"max_hp_loss":0,"event_name":"Upgrade Shrine","floor":2,"gold_loss":0,"cards_upgraded":["Ball Lightning"]},{"damage_healed":0,"gold_gain":0,"player_choice":"Success","damage_taken":3,"relics_obtained":["ReplayTheSpireMod:TigerMarble"],"max_hp_gain":0,"max_hp_loss":0,"event_name":"Scrap Ooze","floor":7,"gold_loss":0},{"damage_healed":0,"gold_gain":0,"player_choice":"Ignored","damage_taken":0,"max_hp_gain":0,"max_hp_loss":0,"event_name":"NoteForYourself","floor":12,"gold_loss":0}],"is_beta":false,"boss_relics":[{"not_picked":["Painkiller Herb","Inserter"],"picked":"Coffee Dripper"}],"items_purged_floors":[],"is_endless":false,"potions_floor_spawned":[4,11,19,20],"killed_by":"Snake Plant","ascension_level":0}}