{"host":"nfysljuq0d6kj06l","time":1609721652,"event":{"mods":["AchievementEnabler","BaseMod","Colored Map","Colored Powertips","DeckTracker","Minty Spire (QoL Compilation)","Relic Sorter"],"gold_per_floor":[119,135,155,105,180,506,506,536,618,618,651,664,699,210,210,314,314,331,331,331,331,36,36,55,87,113,132,160,160,185,203,203,305,305,320,337,185,185,0,12,65,77,77,107,119,119,153,168,168,168,168,168,24,50,50,50],"floor_reached":55,"playtime":26600,"items_purged":[],"score":1297,"play_id":"8acf21c2-79be-4f6d-9ea2-e26e2705986d","local_time":"20210104015412","is_ascension_mode":true,"campfire_choices":[{"floor":7.0,"key":"REST"},{"data":"Apotheosis","floor":15.0,"key":"SMITH"},{"floor":23.0,"key":"RECALL"},{"floor":29.0,"key":"REST"},{"data":"Demon Form","floor":32.0,"key":"SMITH"},{"data":"Transmutation","floor":46.0,"key":"SMITH"},{"data":"Shockwave","floor":49.0,"key":"SMITH"},{"floor":52.0,"key":"REST"}],"circlet_count":0,"master_deck":["Defend_R+1","Defend_R+1","Defend_R+1","Defend_R+1","Bash+1","Headbutt","Headbutt","Shockwave+1","Ghostly Armor","Corruption","Heavy Blade","Apotheosis+1","Demon Form+1","Bite","Bite","Bite","Bite","Bite","RitualDagger","Wild Strike+1","Headbutt","Sentinel","Feed","Ghostly Armor","Limit Break","Heavy Blade+1","Mind Blast","Mayhem","Transmutation+1","Clothesline+1","Clothesline+1","Sword Boomerang+1","Warcry+1","Dark Embrace+1","Heavy Blade+1"],"relics":["Burning Blood","Red Skull","Old Coin","Centennial Puzzle","Matryoshka","PreservedInsect","Oddly Smooth Stone","Ginger","Philosopher\u0027s Stone","Thread and Needle","Anchor","Shuriken","Dream Catcher","Boot","Snecko Eye","Toolbox","Red Mask","Smiling Mask","Pen Nib","Bird Faced Urn","Blood Vial","Question Card","Strange Spoon","Happy Flower"],"acts_visited":["Exordium","TheCity","TheBeyond","TheEnding"],"potions_floor_usage":[55,55,55],"damage_taken":[{"damage":1.0,"enemies":"Cultist","floor":1.0,"turns":3.0},{"damage":6.0,"enemies":"Jaw Worm","floor":2.0,"turns":4.0},{"damage":0.0,"enemies":"Small Slimes","floor":3.0,"turns":3.0},{"damage":62.0,"enemies":"3 Sentries","floor":6.0,"turns":9.0},{"damage":8.0,"enemies":"Gremlin Nob","floor":8.0,"turns":3.0},{"damage":25.0,"enemies":"3 Sentries","floor":11.0,"turns":10.0},{"damage":2.0,"enemies":"Looter","floor":12.0,"turns":3.0},{"damage":5.0,"enemies":"Lagavulin","floor":13.0,"turns":5.0},{"damage":4.0,"enemies":"The Guardian","floor":16.0,"turns":11.0},{"damage":3.0,"enemies":"Chosen","floor":18.0,"turns":4.0},{"damage":29.0,"enemies":"3 Byrds","floor":24.0,"turns":6.0},{"damage":33.0,"enemies":"Slavers","floor":25.0,"turns":6.0},{"damage":5.0,"enemies":"Shelled Parasite and Fungi","floor":27.0,"turns":5.0},{"damage":39.0,"enemies":"Gremlin Leader","floor":28.0,"turns":4.0},{"damage":14.0,"enemies":"Book of Stabbing","floor":30.0,"turns":4.0},{"damage":6.0,"enemies":"Snecko","floor":31.0,"turns":4.0},{"damage":62.0,"enemies":"Automaton","floor":33.0,"turns":8.0},{"damage":0.0,"enemies":"Orb Walker","floor":35.0,"turns":3.0},{"damage":6.0,"enemies":"3 Shapes","floor":36.0,"turns":7.0},{"damage":0.0,"enemies":"Writhing Mass","floor":40.0,"turns":2.0},{"damage":0.0,"enemies":"Reptomancer","floor":41.0,"turns":4.0},{"damage":8.0,"enemies":"3 Darklings","floor":42.0,"turns":5.0},{"damage":15.0,"enemies":"Giant Head","floor":44.0,"turns":6.0},{"damage":0.0,"enemies":"Transient","floor":45.0,"turns":5.0},{"damage":15.0,"enemies":"Nemesis","floor":47.0,"turns":3.0},{"damage":0.0,"enemies":"4 Shapes","floor":48.0,"turns":4.0},{"damage":55.0,"enemies":"Donu and Deca","floor":50.0,"turns":7.0},{"damage":19.0,"enemies":"Shield and Spear","floor":54.0,"turns":3.0},{"damage":85,"enemies":"The Heart","floor":55,"turns":5}],"seed_played":"7076511755375363379","potions_obtained":[{"floor":2.0,"key":"ElixirPotion"},{"floor":3.0,"key":"Regen Potion"},{"floor":11.0,"key":"BlessingOfTheForge"},{"floor":12.0,"key":"Swift Potion"},{"floor":24.0,"key":"GamblersBrew"},{"floor":25.0,"key":"Energy Potion"},{"floor":27.0,"key":"FearPotion"},{"floor":31.0,"key":"BlessingOfTheForge"},{"floor":35.0,"key":"BloodPotion"},{"floor":40.0,"key":"AttackPotion"},{"floor":41.0,"key":"PowerPotion"},{"floor":48.0,"key":"SkillPotion"}],"is_trial":false,"path_per_floor":["M","M","M","?","?","E","R","E","T","?","E","M","E","$","R","B",null,"M","?","?","?","$","R","M","E","T","M","E","R","E","M","R","B",null,"M","M","$","?","?","M","E","M","T","E","M","R","E","M","R","B",null,"R","$","E","B"],"character_chosen":"IRONCLAD","items_purchased":["Ginger","Apotheosis","Thread and Needle","Toolbox","Strange Spoon"],"campfire_rested":3,"item_purchase_floors":[14,14,22,37,53],"current_hp_per_floor":[77,77,80,80,69,13,37,35,35,35,28,32,33,33,33,35,69,72,56,50,50,50,50,50,50,50,56,35,51,46,51,51,16,46,56,60,60,50,50,59,60,58,58,57,60,60,51,63,63,25,54,63,63,54,0,0],"gold":50,"neow_bonus":"RANDOM_COMMON_RELIC","is_daily":false,"chose_seed":false,"campfire_upgraded":4,"win_rate":0.0,"timestamp":1609721652,"path_taken":["M","?","?","?","?","E","R","E","T","?","E","M","E","$","R","BOSS","M","?","?","?","$","R","?","E","T","M","E","R","E","M","R","BOSS","M","M","$","?","?","M","E","M","T","E","M","R","E","M","R","BOSS","R","$","E","BOSS"],"items_purchased_type":["Relic","Card","Relic","Relic","Relic"],"build_version":"2020-12-22","purchased_purges":0,"victory":false,"max_hp_per_floor":[80,80,80,80,80,80,80,80,80,80,80,80,80,80,80,80,80,80,56,56,56,56,56,56,56,56,56,56,56,56,56,56,56,56,56,60,60,60,60,60,60,60,60,60,60,60,60,63,63,63,63,63,63,67,67,67],"card_choices":[{"not_picked":["True Grit","Seeing Red"],"picked":"Headbutt","floor":1.0},{"not_picked":["Clash","Fire Breathing"],"picked":"Headbutt","floor":2.0},{"not_picked":["Armaments","Sword Boomerang"],"picked":"Shockwave","floor":3.0},{"not_picked":["Twin Strike","Perfected Strike","Headbutt"],"picked":"SKIP","floor":6.0},{"not_picked":["Wild Strike","Clothesline"],"picked":"Ghostly Armor","floor":8.0},{"not_picked":["Combust","Wild Strike"],"picked":"Corruption","floor":11.0},{"not_picked":["Reckless Charge","Wild Strike","Rupture"],"picked":"SKIP","floor":12.0},{"not_picked":["Bloodletting","Reckless Charge"],"picked":"Heavy Blade","floor":13.0},{"not_picked":["Corruption","Immolate"],"picked":"Demon Form","floor":16.0},{"not_picked":["True Grit","Battle Trance","Reckless Charge"],"picked":"SKIP","floor":18.0},{"not_picked":["Warcry","Wild Strike","Sword Boomerang"],"picked":"SKIP","floor":24.0},{"not_picked":["Searing Blow","Perfected Strike"],"picked":"Wild Strike+1","floor":25.0},{"not_picked":["Rupture+1","Clash+1"],"picked":"Headbutt","floor":27.0},{"not_picked":["Sword Boomerang","Thunderclap"],"picked":"Sentinel","floor":28.0},{"not_picked":["Blood for Blood","Anger"],"picked":"Feed","floor":30.0},{"not_picked":["Battle Trance","Anger"],"picked":"Ghostly Armor","floor":31.0},{"not_picked":["Bludgeon","Corruption"],"picked":"Limit Break","floor":33.0},{"not_picked":["Headbutt","Anger","Battle Trance"],"picked":"SKIP","floor":35.0},{"not_picked":["Anger+1","True Grit"],"picked":"Heavy Blade+1","floor":36.0},{"not_picked":["Violence","Forethought"],"picked":"Mind Blast","floor":38.0},{"not_picked":["Deep Breath","Panacea"],"picked":"Mayhem","floor":38.0},{"not_picked":["Jack Of All Trades","Forethought"],"picked":"Transmutation","floor":38.0},{"not_picked":["Havoc+1","Headbutt+1"],"picked":"Clothesline+1","floor":40.0},{"not_picked":["Metallicize+1","Wild Strike"],"picked":"Clothesline+1","floor":41.0},{"not_picked":["Sentinel+1","Second Wind","Whirlwind+1"],"picked":"SKIP","floor":42.0},{"not_picked":["True Grit+1","Twin Strike"],"picked":"Sword Boomerang+1","floor":44.0},{"not_picked":["Rage","Sword Boomerang+1"],"picked":"Warcry+1","floor":45.0},{"not_picked":["Feel No Pain+1","Anger","Disarm"],"picked":"SKIP","floor":47.0},{"not_picked":["Impervious","Headbutt+1","Twin Strike","True Grit"],"picked":"SKIP","floor":48.0},{"not_picked":["Bloodletting","Headbutt+1","Clothesline"],"picked":"Dark Embrace+1","floor":52.0},{"not_picked":["Exhume","Rupture","Armaments+1"],"picked":"Heavy Blade+1","floor":54.0}],"player_experience":397523,"relics_obtained":[{"floor":6.0,"key":"Old Coin"},{"floor":8.0,"key":"Centennial Puzzle"},{"floor":9.0,"key":"Matryoshka"},{"floor":11.0,"key":"PreservedInsect"},{"floor":13.0,"key":"Oddly Smooth Stone"},{"floor":25.0,"key":"Anchor"},{"floor":26.0,"key":"Shuriken"},{"floor":28.0,"key":"Dream Catcher"},{"floor":30.0,"key":"Boot"},{"floor":41.0,"key":"Smiling Mask"},{"floor":43.0,"key":"Pen Nib"},{"floor":43.0,"key":"Bird Faced Urn"},{"floor":44.0,"key":"Blood Vial"},{"floor":47.0,"key":"Question Card"},{"floor":54.0,"key":"Happy Flower"}],"event_choices":[{"cards_removed":["Strike_R"],"damage_healed":0.0,"max_hp_gain":0.0,"max_hp_loss":0.0,"gold_gain":0.0,"event_name":"The Cleric","player_choice":"Card Removal","floor":4.0,"gold_loss":50.0,"damage_taken":0.0},{"damage_healed":0.0,"max_hp_gain":0.0,"max_hp_loss":0.0,"gold_gain":75.0,"event_name":"World of Goop","player_choice":"Gather Gold","floor":5.0,"gold_loss":0.0,"damage_taken":11.0},{"damage_healed":0.0,"max_hp_gain":0.0,"max_hp_loss":0.0,"gold_gain":0.0,"event_name":"Living Wall","player_choice":"Grow","floor":10.0,"gold_loss":0.0,"damage_taken":0.0,"cards_upgraded":["Bash"]},{"damage_healed":0.0,"max_hp_gain":0.0,"max_hp_loss":24.0,"gold_gain":0.0,"event_name":"Vampires","player_choice":"Became a vampire","floor":19.0,"gold_loss":0.0,"damage_taken":0.0,"cards_obtained":["Bite","Bite","Bite","Bite","Bite"]},{"damage_healed":0.0,"max_hp_gain":0.0,"max_hp_loss":0.0,"gold_gain":0.0,"event_name":"Nest","player_choice":"Joined the Cult","floor":20.0,"gold_loss":0.0,"damage_taken":6.0,"cards_obtained":["RitualDagger"]},{"damage_healed":0.0,"max_hp_gain":0.0,"max_hp_loss":0.0,"gold_gain":0.0,"event_name":"Back to Basics","player_choice":"Simplicity","floor":21.0,"gold_loss":0.0,"damage_taken":0.0,"cards_upgraded":["Defend_R","Defend_R","Defend_R","Defend_R"]},{"damage_healed":0.0,"max_hp_gain":0.0,"max_hp_loss":0.0,"gold_gain":0.0,"event_name":"SensoryStone","player_choice":"Memory 3","floor":38.0,"gold_loss":0.0,"damage_taken":10.0},{"damage_healed":0.0,"max_hp_gain":0.0,"max_hp_loss":0.0,"gold_gain":0.0,"event_name":"Tomb of Lord Red Mask","player_choice":"Paid","floor":39.0,"gold_loss":185.0,"damage_taken":0.0,"relics_obtained":["Red Mask"]}],"is_beta":false,"boss_relics":[{"not_picked":["Velvet Choker","Cursed Key"],"picked":"Philosopher\u0027s Stone"},{"not_picked":["Runic Pyramid","Runic Dome"],"picked":"Snecko Eye"}],"items_purged_floors":[],"is_endless":false,"potions_floor_spawned":[2,3,11,12,24,25,27,31,35,40,41,48],"killed_by":"The Heart","ascension_level":9}}