{"host":"hnrafgucdht3qvsp","time":1609721419,"event":{"mods":["BaseMod","Colored Map","Minty Spire (QoL Compilation)","Relic Stats","StSLib"],"gold_per_floor":[109,109,7,26,26,57,357,357,357,357,371,371,125,138,138,138,138],"floor_reached":16,"playtime":461,"items_purged":[],"score":118,"play_id":"cf767478-d1f4-4b2c-9b9f-0aab7cc9670d","local_time":"20210103195019","is_ascension_mode":true,"campfire_choices":[{"data":"Dagger Spray","floor":8,"key":"SMITH"},{"data":"Burst","floor":10,"key":"SMITH"},{"data":"Quick Slash","floor":12,"key":"SMITH"},{"data":"Blade Dance","floor":15,"key":"SMITH"}],"circlet_count":0,"master_deck":["Strike_G","Strike_G","Strike_G","Strike_G","Defend_G","Defend_G","Defend_G","Defend_G","Defend_G","Survivor","Neutralize","Quick Slash+1","Burst+1","Dagger Spray+1","Accuracy","Blade Dance+1","Backflip"],"relics":["Ring of the Snake","Boot","Old Coin","Tough Bandages","Vajra"],"acts_visited":["Exordium"],"potions_floor_usage":[4,4,6,6],"damage_taken":[{"damage":4,"enemies":"Small Slimes","floor":1,"turns":5},{"damage":1,"enemies":"Cultist","floor":4,"turns":3},{"damage":48,"enemies":"Lagavulin","floor":6,"turns":9},{"damage":0,"enemies":"2 Louse","floor":11,"turns":1},{"damage":0,"enemies":"Looter","floor":14,"turns":1},{"damage":25,"enemies":"Slime Boss","floor":16,"turns":7}],"seed_played":"6532876714786521735","potions_obtained":[{"floor":4,"key":"SpeedPotion"},{"floor":11,"key":"Swift Potion"}],"is_trial":false,"path_per_floor":["M","?","$","M","?","E","?","R","T","R","M","R","$","M","R","B"],"character_chosen":"THE_SILENT","items_purchased":["EntropicBrew","Accuracy","Blade Dance","Vajra"],"campfire_rested":0,"item_purchase_floors":[3,13,13,13],"current_hp_per_floor":[73,73,73,72,72,24,24,24,24,24,24,24,24,24,24,0,0],"gold":138,"neow_bonus":"TEN_PERCENT_HP_BONUS","is_daily":false,"chose_seed":false,"campfire_upgraded":4,"win_rate":0.0,"timestamp":1609721419,"path_taken":["M","?","?","M","?","E","?","R","T","R","?","R","$","M","R","BOSS"],"items_purchased_type":["Potion","Card","Card","Relic"],"build_version":"2020-12-22","purchased_purges":0,"victory":false,"max_hp_per_floor":[77,77,77,77,77,77,77,77,77,77,77,77,77,77,77,77,77],"relic_stats":{"Tough Bandages":[9],"counters":[6,26],"Boot":[2],"obtain_stats":[{"Tough Bandages":9,"Vajra":13,"Boot":6,"Ring of the Snake":0,"Old Coin":7},{"Tough Bandages":3,"Vajra":4,"Boot":3,"Ring of the Snake":0,"Old Coin":3},{"Tough Bandages":17,"Vajra":18,"Boot":17,"Ring of the Snake":0,"Old Coin":17}],"Ring of the Snake":[12]},"card_choices":[{"not_picked":["PiercingWail","Dagger Throw"],"picked":"Quick Slash","floor":1},{"not_picked":["Underhanded Strike","Flying Knee","Outmaneuver"],"picked":"SKIP","floor":4},{"not_picked":["Backstab","Eviscerate"],"picked":"Dagger Spray","floor":6},{"not_picked":["Blur","Underhanded Strike","Slice"],"picked":"SKIP","floor":11},{"not_picked":["Outmaneuver","Deadly Poison"],"picked":"Backflip","floor":14}],"player_experience":388206,"relics_obtained":[{"floor":6,"key":"Boot"},{"floor":7,"key":"Old Coin"},{"floor":9,"key":"Tough Bandages"}],"event_choices":[{"damage_healed":0,"gold_gain":0,"cards_transformed":["Strike_G"],"player_choice":"Transformed","damage_taken":0,"max_hp_gain":0,"max_hp_loss":0,"event_name":"Transmorgrifier","floor":2,"gold_loss":0,"cards_obtained":["Burst"]},{"damage_healed":0,"gold_gain":0,"player_choice":"Ignored","damage_taken":0,"max_hp_gain":0,"max_hp_loss":0,"event_name":"Liars Game","floor":5,"gold_loss":0},{"damage_healed":0,"gold_gain":0,"player_choice":"Relic","damage_taken":0,"max_hp_gain":0,"max_hp_loss":0,"event_name":"Wheel of Change","floor":7,"gold_loss":0}],"is_beta":false,"boss_relics":[],"items_purged_floors":[],"is_endless":false,"potions_floor_spawned":[4,11],"killed_by":"Slime Boss","ascension_level":4}}