{"host":"3icp1y0s51ghu4x2","time":1609731012,"event":{"mods":["AchievementEnabler","BaseMod","Bestiary","Card Forge","ChefMod","Colored Map","Hermit","Infinite Spire","Minty Spire (QoL Compilation)","Relic Filter","Replay The Spire","Shop Mod","StSLib","Td1madao Mod","The Bug Knight","The Hierophant","The Marked"],"gold_per_floor":[2118,871,348,348,348,1446,1456,1472,1472,3503,3503,3539,3539,3561,3561,3674,3674,3674,3674],"floor_reached":18,"playtime":557,"items_purged":["hermit:Defend_Hermit","hermit:Defend_Hermit+1"],"score":343,"play_id":"b507bac0-9f8d-46eb-bfbc-82b6291d4dd9","local_time":"20210103193012","is_ascension_mode":false,"campfire_choices":[],"circlet_count":0,"master_deck":["hermit:Strike_Hermit+5","hermit:Strike_Hermit+5","hermit:Strike_Hermit+5","hermit:Strike_Hermit+5","hermit:Defend_Hermit+5","hermit:Defend_Hermit+5","hermit:Snapshot+1","hermit:Covet+1","hermit:Deadeye+1","hermit:BigShot+1","hermit:Glare+1","hermit:Midnight+1","hermit:Showdown+1","hermit:Spite+1","Finesse+1","infinitespire:SevenWalls+1","Regret","hermit:CalledShot+1","hermit:WideOpen+1","hermit:Vantage+1","hermit:Dive+1","hermit:BigShot+1","hermit:Maintenance+1","hermit:ItchyTrigger+1","Regret","FTL+1","Multi-Cast"],"relics":["hermit:Momento","Hammer of Thor","Seething Fire","Anvil of the Gods","NeowsBlessing","MerchantsRug","Replay:Rubber Ducky","Replay:Towering Pillar of Hats","Cauldron","Boot","hermit:Spyglass","Simple Rune","Strange Spoon","infinitespire:CheckeredPen","Mercury Hourglass","Replay:Bandana","Bird Faced Urn","PrismaticShard","Fusion Hammer"],"acts_visited":["Exordium","TheCity"],"potions_floor_usage":[],"damage_taken":[{"damage":0,"enemies":"Jaw Worm","floor":1,"turns":1},{"damage":0,"enemies":"2 Louse","floor":7,"turns":1},{"damage":0,"enemies":"Small Slimes","floor":8,"turns":1},{"damage":0,"enemies":"HollowMod:MossKnight","floor":10,"turns":2},{"damage":0,"enemies":"Gremlin Nob","floor":12,"turns":1},{"damage":0,"enemies":"Exordium Wildlife","floor":14,"turns":2},{"damage":11,"enemies":"Slime Boss","floor":16,"turns":4},{"damage":999,"enemies":"Spheric Guardian","floor":18,"turns":1}],"seed_played":"2823207365942903545","potions_obtained":[{"floor":2,"key":"hermit:Tonic"},{"floor":2,"key":"Swift Potion"},{"floor":2,"key":"SteroidPotion"}],"is_trial":false,"path_per_floor":["M","$","?","?","?","$","M","M","T","E","T","E","?","M","R_BF","B",null,"M"],"character_chosen":"HERMIT","items_purchased":["MerchantsRug","hermit:BigShot","hermit:Glare","hermit:Midnight","hermit:Showdown","hermit:Spite","Finesse","Replay:Rubber Ducky","Replay:Towering Pillar of Hats","Cauldron","hermit:Spyglass","Simple Rune","Strange Spoon","hermit:CalledShot","hermit:WideOpen","hermit:Vantage","hermit:Dive+1","hermit:BigShot"],"campfire_rested":0,"item_purchase_floors":[2,2,2,2,2,2,2,2,2,2,6,6,6,6,6,6,6,6],"current_hp_per_floor":[475,475,475,475,380,380,380,380,380,380,380,380,380,380,380,373,475,0,0],"gold":3674,"neow_bonus":"THREE_ENEMY_KILL","is_daily":false,"chose_seed":false,"campfire_upgraded":0,"win_rate":0.0,"timestamp":1609731012,"path_taken":["M","$","?","?","?","$","M","M","T","E","?","E","?","?","R_BF","BOSS","M"],"items_purchased_type":["Relic","Card","Card","Card","Card","Card","Card","Relic","Relic","Relic","Relic","Relic","Relic","Card","Card","Card","Card","Card"],"build_version":"2020-12-22","purchased_purges":2,"victory":false,"max_hp_per_floor":[475,475,475,475,475,475,475,475,475,475,475,475,475,475,475,475,475,475,475],"card_choices":[{"not_picked":["hermit:LowProfile","hermit:HoleUp"],"picked":"hermit:Deadeye","floor":1},{"not_picked":["infinitespire:Fortify","infinitespire:Menacing"],"picked":"infinitespire:SevenWalls","floor":3},{"not_picked":["hermit:Dive","hermit:Glare","hermit:Coalescence"],"picked":"SKIP","floor":7},{"not_picked":["hermit:BodyArmor","hermit:Spite"],"picked":"hermit:Maintenance","floor":8},{"not_picked":["hermit:Purgatory","hermit:Vantage"],"picked":"hermit:ItchyTrigger","floor":10},{"not_picked":["hermit:TrackingShot","hermit:Cheat","hermit:FlashPowder"],"picked":"SKIP","floor":12},{"not_picked":["theMarked:Polarize","ReplayTheSpireMod:Speed Training"],"picked":"FTL","floor":14},{"not_picked":["hermit:Purgatory","chefmod:TastyDistraction"],"picked":"Multi-Cast","floor":16}],"player_experience":36711,"relics_obtained":[{"floor":9,"key":"infinitespire:CheckeredPen"},{"floor":10,"key":"Mercury Hourglass"},{"floor":11,"key":"Replay:Bandana"},{"floor":12,"key":"Bird Faced Urn"}],"event_choices":[{"damage_healed":0,"gold_gain":0,"player_choice":"Box","damage_taken":0,"relics_obtained":["Boot"],"max_hp_gain":0,"max_hp_loss":0,"event_name":"Big Fish","floor":4,"gold_loss":0,"cards_obtained":["Regret"]},{"damage_healed":0,"gold_gain":0,"player_choice":"Entered Light","damage_taken":95,"max_hp_gain":0,"max_hp_loss":0,"event_name":"Shining Light","floor":5,"gold_loss":0,"cards_upgraded":["hermit:Spite","hermit:Covet"]}],"is_beta":false,"boss_relics":[{"not_picked":["Replay:Drink Me","Empty Cage"],"picked":"Fusion Hammer"}],"items_purged_floors":[2,6],"is_endless":false,"potions_floor_spawned":[8,10,16],"killed_by":"Spheric Guardian","ascension_level":0}}