{"host":"2se5dq1do2gp0x9k","time":1609733088,"event":{"mods":["AchievementEnabler","BaseMod","Block Reminder","Colored Map","Colored Powertips","Minty Spire (QoL Compilation)","Relic Stats","StSLib","SuperFastMode"],"gold_per_floor":[109,184,196,206,206,237,144,144,167,167,199,199,218,246,246,343,343,361,286,296,29,47,72,72,72,72],"floor_reached":25,"playtime":971,"items_purged":[],"score":409,"play_id":"83823736-5b03-4e2d-a884-1c9007230020","local_time":"20210103200448","is_ascension_mode":true,"campfire_choices":[{"data":"Wallop","floor":8.0,"key":"SMITH"},{"data":"Eruption","floor":12.0,"key":"SMITH"},{"data":"LikeWater","floor":15.0,"key":"SMITH"},{"data":"Devotion","floor":24,"key":"SMITH"}],"circlet_count":0,"master_deck":["AscendersBane","Strike_P","Strike_P","Defend_P","Defend_P","Defend_P","Defend_P","Eruption+1","Vigilance","Halt","Wallop+1","Vengeance","Prostrate","LikeWater+1","ClearTheMind","MentalFortress","EmptyFist","BowlingBash","CutThroughFate","Ragnarok","WaveOfTheHand","Prostrate","Brilliance","LikeWater","ClearTheMind","Devotion+1"],"relics":["PureWater","PreservedInsect","Strawberry","Bronze Scales","Kunai","Tiny Chest","VioletLotus","Bottled Flame"],"acts_visited":["Exordium","TheCity"],"potions_floor_usage":[],"damage_taken":[{"damage":5.0,"enemies":"Small Slimes","floor":1.0,"turns":4.0},{"damage":1.0,"enemies":"Jaw Worm","floor":3.0,"turns":3.0},{"damage":0.0,"enemies":"2 Louse","floor":4.0,"turns":2.0},{"damage":20.0,"enemies":"3 Sentries","floor":6.0,"turns":7.0},{"damage":0.0,"enemies":"Gremlin Nob","floor":11.0,"turns":2.0},{"damage":0.0,"enemies":"Lots of Slimes","floor":13.0,"turns":3.0},{"damage":11.0,"enemies":"3 Sentries","floor":14.0,"turns":5.0},{"damage":22.0,"enemies":"Hexaghost","floor":16.0,"turns":10.0},{"damage":0.0,"enemies":"Chosen","floor":18.0,"turns":6.0},{"damage":0.0,"enemies":"3 Byrds","floor":20.0,"turns":4.0},{"damage":13.0,"enemies":"Snake Plant","floor":22.0,"turns":4.0},{"damage":22,"enemies":"Slavers","floor":23,"turns":6},{"damage":34,"enemies":"Gremlin Leader","floor":25,"turns":4}],"seed_played":"2544558944756996757","potions_obtained":[{"floor":1.0,"key":"GamblersBrew"},{"floor":3.0,"key":"Fire Potion"},{"floor":11.0,"key":"DistilledChaos"},{"floor":23,"key":"SkillPotion"}],"is_trial":false,"path_per_floor":["M","?","M","M","?","E","$","R","T","$","E","R","M","E","R","B",null,"M","?","M","$","M","E","R","E"],"character_chosen":"WATCHER","items_purchased":["ClearTheMind","MentalFortress","Brilliance","LikeWater","ClearTheMind"],"campfire_rested":0,"item_purchase_floors":[7,7,21,21,21],"current_hp_per_floor":[60,49,48,48,48,35,35,35,35,35,35,35,35,24,24,2,60,60,60,60,60,47,25,25,0,0],"gold":72,"neow_bonus":"RANDOM_COMMON_RELIC","is_daily":false,"chose_seed":false,"campfire_upgraded":4,"win_rate":0.0,"timestamp":1609733088,"path_taken":["M","?","M","M","?","E","?","R","T","$","E","R","M","E","R","BOSS","M","?","M","$","M","E","R","E"],"items_purchased_type":["Card","Card","Card","Card","Card"],"build_version":"2020-12-22","purchased_purges":0,"victory":false,"max_hp_per_floor":[72,72,72,72,72,79,79,79,79,79,79,79,79,79,79,79,79,79,79,79,79,79,79,79,79,79],"relic_stats":{"counters":[13,60],"Bronze Scales":[178],"Tiny Chest":0,"PreservedInsect":175,"VioletLotus":[7],"Kunai":[9],"obtain_stats":[{"Bottled Flame":23,"Strawberry":6,"Bronze Scales":9,"Tiny Chest":14,"PreservedInsect":0,"VioletLotus":17,"Kunai":11,"PureWater":0},{"Bottled Flame":12,"Strawberry":4,"Bronze Scales":4,"Tiny Chest":7,"PreservedInsect":0,"VioletLotus":8,"Kunai":5,"PureWater":0},{"Bottled Flame":56,"Strawberry":16,"Bronze Scales":16,"Tiny Chest":26,"PreservedInsect":0,"VioletLotus":36,"Kunai":18,"PureWater":0}]},"card_choices":[{"not_picked":["EmptyMind","Crescendo"],"picked":"Halt","floor":1.0},{"not_picked":["Evaluate","Wireheading"],"picked":"Wallop","floor":3.0},{"not_picked":["Protect","CrushJoints"],"picked":"Vengeance","floor":4.0},{"not_picked":["ThirdEye","Establishment"],"picked":"LikeWater","floor":6.0},{"not_picked":["SashWhip","CutThroughFate"],"picked":"EmptyFist","floor":11.0},{"not_picked":["WaveOfTheHand","Perseverance"],"picked":"BowlingBash","floor":13.0},{"not_picked":["BowlingBash","Perseverance"],"picked":"CutThroughFate","floor":14.0},{"not_picked":["Blasphemy","Judgement"],"picked":"Ragnarok","floor":16.0},{"not_picked":["CrushJoints+1","SashWhip"],"picked":"WaveOfTheHand","floor":18.0},{"not_picked":["ThirdEye","EmptyFist"],"picked":"Prostrate","floor":20.0},{"not_picked":["FlurryOfBlows","FollowUp","JustLucky+1"],"picked":"SKIP","floor":22.0},{"not_picked":["Wireheading","FlyingSleeves"],"picked":"Devotion","floor":23}],"player_experience":3760565,"relics_obtained":[{"floor":6.0,"key":"Strawberry"},{"floor":9.0,"key":"Bronze Scales"},{"floor":11.0,"key":"Kunai"},{"floor":14.0,"key":"Tiny Chest"},{"floor":23,"key":"Bottled Flame"}],"event_choices":[{"damage_healed":0.0,"max_hp_gain":0.0,"max_hp_loss":0.0,"gold_gain":75.0,"event_name":"World of Goop","player_choice":"Gather Gold","floor":2.0,"gold_loss":0.0,"damage_taken":11.0},{"damage_healed":0.0,"max_hp_gain":0.0,"max_hp_loss":0.0,"gold_gain":0.0,"cards_transformed":["Strike_P"],"event_name":"Living Wall","player_choice":"Change","floor":5.0,"gold_loss":0.0,"damage_taken":0.0,"cards_obtained":["Prostrate"]},{"cards_removed":["Strike_P"],"damage_healed":0.0,"max_hp_gain":0.0,"max_hp_loss":0.0,"gold_gain":0.0,"event_name":"Beggar","player_choice":"Gave Gold","floor":19.0,"gold_loss":75.0,"damage_taken":0.0}],"is_beta":false,"boss_relics":[{"not_picked":["Coffee Dripper","Calling Bell"],"picked":"VioletLotus"}],"items_purged_floors":[],"is_endless":false,"potions_floor_spawned":[1,3,11,23],"killed_by":"Gremlin Leader","ascension_level":11}}