{"host":"oknzaotplmnl5xaf","time":1609791687,"event":{"mods":["BaseMod","Colored Map","Highlight Path","Minty Spire (QoL Compilation)","Permanent Neow","Quick Restart","Relic Stats","Slay-I"],"gold_per_floor":[109,109,109,25,35,61,79,108,108,11,11,28,28,63,63,137,137,148,165,165,4,15,15,46,56,79,79,79,79,31,50,50,135,135,162,188,188,188],"floor_reached":37,"playtime":1502,"items_purged":["Strike_G"],"score":864,"play_id":"28c4b8fe-852d-4d3d-b6e5-6f9486a1544b","local_time":"20210104152127","is_ascension_mode":true,"campfire_choices":[{"data":"1","floor":11,"key":"LIFT"},{"data":"2","floor":13,"key":"LIFT"},{"data":"3","floor":15,"key":"LIFT"},{"data":"Blade Dance","floor":23,"key":"SMITH"},{"floor":27,"key":"REST"},{"floor":29,"key":"REST"},{"data":"Blade Dance","floor":32,"key":"SMITH"}],"circlet_count":0,"master_deck":["AscendersBane","Strike_G","Strike_G","Defend_G","Defend_G","Defend_G","Defend_G","Defend_G","Survivor","Neutralize+1","Flying Knee","Predator","Unload","Blade Dance+1","Deflect","Accuracy+1","Leg Sweep","Eviscerate","Adrenaline","Prepared","Backflip","Infinite Blades+1","Acrobatics","Eviscerate+1","Envenom+1","Blade Dance+1","Malaise","Blur","Cloak And Dagger"],"relics":["Ring of the Snake","NeowsBlessing","Oddly Smooth Stone","Girya","Frozen Egg 2","Omamori","WristBlade","Paper Crane","CeramicFish","SlaversCollar"],"acts_visited":["Exordium","TheCity","TheBeyond"],"potions_floor_usage":[14,16,24,25,33,35],"damage_taken":[{"damage":0,"enemies":"Small Slimes","floor":1,"turns":1},{"damage":0,"enemies":"2 Louse","floor":5,"turns":1},{"damage":0,"enemies":"Gremlin Nob","floor":6,"turns":1},{"damage":0,"enemies":"Cultist","floor":7,"turns":3},{"damage":21,"enemies":"Lagavulin","floor":8,"turns":9},{"damage":4,"enemies":"2 Fungi Beasts","floor":12,"turns":2},{"damage":5,"enemies":"3 Sentries","floor":14,"turns":5},{"damage":7,"enemies":"Slime Boss","floor":16,"turns":7},{"damage":16,"enemies":"3 Byrds","floor":18,"turns":5},{"damage":2,"enemies":"Spheric Guardian","floor":19,"turns":4},{"damage":5,"enemies":"3 Cultists","floor":22,"turns":5},{"damage":25,"enemies":"Book of Stabbing","floor":24,"turns":4},{"damage":1,"enemies":"Snake Plant","floor":25,"turns":4},{"damage":6,"enemies":"Snecko","floor":31,"turns":3},{"damage":30,"enemies":"Automaton","floor":33,"turns":7},{"damage":7,"enemies":"3 Darklings","floor":35,"turns":4},{"damage":38,"enemies":"3 Shapes","floor":36,"turns":11},{"damage":37,"enemies":"Transient","floor":37,"turns":5}],"seed_played":"-2440064391466943715","potions_obtained":[{"floor":6,"key":"Swift Potion"},{"floor":12,"key":"AttackPotion"},{"floor":14,"key":"Strength Potion"},{"floor":22,"key":"Dexterity Potion"},{"floor":31,"key":"SpeedPotion"},{"floor":33,"key":"CunningPotion"}],"is_trial":false,"path_per_floor":["M","?","?","$","M","E","M","E","T","$","R","M","R","E","R","B",null,"M","M","?","$","M","R","E","M","T","R","?","R","$","M","R","B",null,"M","M","M"],"character_chosen":"THE_SILENT","items_purchased":["Predator","Accuracy+1","PowerPotion","Infinite Blades+1","Blade Dance"],"campfire_rested":2,"item_purchase_floors":[4,10,10,21,30],"current_hp_per_floor":[59,59,59,59,59,59,59,38,38,38,38,34,34,29,29,22,55,39,37,37,37,32,32,7,6,6,25,25,44,44,38,38,8,52,45,7,0,0],"gold":188,"neow_bonus":"THREE_ENEMY_KILL","is_daily":false,"chose_seed":false,"campfire_upgraded":2,"win_rate":0.0,"timestamp":1609791687,"path_taken":["M","?","?","$","M","E","M","E","T","$","R","M","R","E","R","BOSS","M","?","?","$","?","R","E","M","T","R","?","R","$","M","R","BOSS","M","M","M"],"items_purchased_type":["Card","Card","Potion","Card","Card"],"build_version":"2020-12-22","purchased_purges":1,"victory":false,"max_hp_per_floor":[66,66,66,66,66,66,66,66,66,66,66,66,66,66,66,66,66,66,66,66,66,66,66,66,66,66,66,66,66,66,66,66,66,66,66,66,66,66],"relic_stats":{"counters":[18,81],"CeramicFish":36,"obtain_stats":[{"Girya":8,"SlaversCollar":34,"NeowsBlessing":0,"WristBlade":17,"CeramicFish":26,"Oddly Smooth Stone":6,"Omamori":14,"Frozen Egg 2":9,"Paper Crane":24,"Ring of the Snake":0},{"Girya":5,"SlaversCollar":15,"NeowsBlessing":0,"WristBlade":8,"CeramicFish":13,"Oddly Smooth Stone":3,"Omamori":7,"Frozen Egg 2":5,"Paper Crane":12,"Ring of the Snake":0},{"Girya":15,"SlaversCollar":61,"NeowsBlessing":0,"WristBlade":29,"CeramicFish":51,"Oddly Smooth Stone":3,"Omamori":22,"Frozen Egg 2":15,"Paper Crane":47,"Ring of the Snake":0}],"Ring of the Snake":[36]},"card_choices":[{"not_picked":["Bane","Heel Hook"],"picked":"Flying Knee","floor":1},{"not_picked":["Outmaneuver","Bouncing Flask","Deadly Poison"],"picked":"SKIP","floor":5},{"not_picked":["Deadly Poison","Prepared"],"picked":"Unload","floor":6},{"not_picked":["Bane","Dodge and Roll"],"picked":"Blade Dance","floor":7},{"not_picked":["Dagger Throw","Deadly Poison"],"picked":"Deflect","floor":8},{"not_picked":["Quick Slash","Deflect"],"picked":"Leg Sweep","floor":12},{"not_picked":["Quick Slash","Masterful Stab"],"picked":"Eviscerate","floor":14},{"not_picked":["Grand Finale","Glass Knife"],"picked":"Adrenaline","floor":16},{"not_picked":["Concentrate+1","Reflex"],"picked":"Prepared","floor":18},{"not_picked":["Deflect","Dash"],"picked":"Backflip","floor":19},{"not_picked":["Poisoned Stab","Leg Sweep"],"picked":"Acrobatics","floor":22},{"not_picked":["Escape Plan","Deflect"],"picked":"Eviscerate+1","floor":24},{"not_picked":["Acrobatics+1","Flying Knee"],"picked":"Envenom+1","floor":25},{"not_picked":["Quick Slash","Sucker Punch","Deadly Poison+1"],"picked":"SKIP","floor":31},{"not_picked":["Glass Knife","Night Terror"],"picked":"Malaise","floor":33},{"not_picked":["Deflect","Deadly Poison"],"picked":"Blur","floor":35},{"not_picked":["Caltrops+1","Predator"],"picked":"Cloak And Dagger","floor":36}],"player_experience":1399853,"relics_obtained":[{"floor":6,"key":"Oddly Smooth Stone"},{"floor":8,"key":"Girya"},{"floor":9,"key":"Frozen Egg 2"},{"floor":14,"key":"Omamori"},{"floor":24,"key":"Paper Crane"},{"floor":26,"key":"CeramicFish"}],"event_choices":[{"damage_healed":0,"gold_gain":0,"player_choice":"Grow","damage_taken":0,"max_hp_gain":0,"max_hp_loss":0,"event_name":"Living Wall","floor":2,"gold_loss":0,"cards_upgraded":["Neutralize"]},{"cards_removed":["Strike_G"],"damage_healed":0,"gold_gain":0,"player_choice":"Offered Basic","damage_taken":0,"max_hp_gain":0,"max_hp_loss":0,"event_name":"Bonfire Elementals","floor":3,"gold_loss":0},{"cards_removed":["Strike_G"],"damage_healed":0,"gold_gain":0,"player_choice":"Purged","damage_taken":0,"max_hp_gain":0,"max_hp_loss":0,"event_name":"Purifier","floor":20,"gold_loss":0},{"damage_healed":0,"gold_gain":0,"player_choice":"Ignored","damage_taken":0,"max_hp_gain":0,"max_hp_loss":0,"event_name":"Vampires","floor":28,"gold_loss":0}],"is_beta":false,"boss_relics":[{"not_picked":["Tiny House","Ectoplasm"],"picked":"WristBlade"},{"not_picked":["Fusion Hammer","Black Star"],"picked":"SlaversCollar"}],"items_purged_floors":[21],"is_endless":false,"potions_floor_spawned":[6,12,14,22,31,33],"killed_by":"Transient","ascension_level":20}}