{"host":"290egjt91b2tngam","time":1609768970,"event":{"mods":["BaseMod","Colored Map","Colored Powertips","Downfall","Hubris","Infinite Spire","Marisa????????","Minty Spire (QoL Compilation)","Replay The Spire","StSLib","The Bug Knight","The Cursed","The Servant 0.9.4"],"gold_per_floor":[110,122,135,150,161,189,189,223,247,281,293,326,326,326,326,422,522,542,542,555,565,565,595,610,610,610],"floor_reached":25,"playtime":1318,"items_purged":[],"score":344,"play_id":"55acad20-5b24-4e64-b4bf-4cf1911c63bc","local_time":"20210104210250","is_ascension_mode":true,"campfire_choices":[{"data":"Gash","floor":7,"key":"SMITH"},{"floor":13,"key":"REST"},{"data":"Streamline","floor":15,"key":"SMITH"}],"circlet_count":0,"master_deck":["Strike_B","Strike_B","Strike_B","Strike_B","Defend_B","Defend_B","Defend_B","Defend_B","Dualcast","Mirror Shield","Hologram","Rebound","Go for the Eyes","Sweeping Beam","Gash+1","Leap","Echo Form","Streamline+1","Conserve Battery","Electrodynamics","Go for the Eyes+1","ReplayGash","Glacier+1","Necronomicurse","Conserve Battery+1"],"relics":["Cracked Core","Happy Flower","Boot","Replay:Baseball","Vajra","Lantern","Replay:Wanted Poster","Necronomicon","Smiling Mask"],"acts_visited":["Exordium","TheCity"],"potions_floor_usage":[6,6,12,16,16,25,25],"damage_taken":[{"damage":0,"enemies":"Small Slimes","floor":1,"turns":4},{"damage":0,"enemies":"Cultist","floor":2,"turns":4},{"damage":9,"enemies":"Jaw Worm","floor":3,"turns":3},{"damage":3,"enemies":"Large Slime","floor":4,"turns":5},{"damage":4,"enemies":"Blue Slaver","floor":5,"turns":3},{"damage":1,"enemies":"3 Sentries","floor":6,"turns":3},{"damage":15,"enemies":"Lagavulin","floor":8,"turns":7},{"damage":5,"enemies":"HollowMod:MossKnight","floor":10,"turns":5},{"damage":4,"enemies":"Looter","floor":11,"turns":3},{"damage":20,"enemies":"3 Sentries","floor":12,"turns":3},{"damage":38,"enemies":"Fading Forest","floor":16,"turns":11},{"damage":1,"enemies":"2 Thieves","floor":18,"turns":3},{"damage":0,"enemies":"Spheric Guardian","floor":20,"turns":3},{"damage":20,"enemies":"Snake Plant","floor":21,"turns":4},{"damage":25,"enemies":"Slavers","floor":23,"turns":7},{"damage":0,"enemies":"Chosen and Byrds","floor":24,"turns":4},{"damage":6,"enemies":"Nightmare","floor":25,"turns":3}],"seed_played":"-8583933213723999618","potions_obtained":[{"floor":1,"key":"AttackPotion"},{"floor":3,"key":"SteroidPotion"},{"floor":5,"key":"Fire Potion"},{"floor":8,"key":"champ:CounterPotion"},{"floor":11,"key":"Ancient Potion"},{"floor":16,"key":"Fruit Juice"},{"floor":23,"key":"sneckomod:MuddlingPotion"},{"floor":24,"key":"Guardian:BlockOnCardUsePotion"}],"is_trial":false,"path_per_floor":["M","M","M","M","M","E","R","E","T","E","M","E","R","?","R","B",null,"M","?","M","M","?","E","M","NM"],"character_chosen":"DEFECT","items_purchased":[],"campfire_rested":1,"item_purchase_floors":[],"current_hp_per_floor":[68,68,59,56,52,51,51,36,36,31,27,7,29,29,29,26,67,66,66,66,46,30,5,5,0,0],"gold":610,"neow_bonus":"ONE_RANDOM_RARE_CARD","is_daily":false,"chose_seed":false,"campfire_upgraded":2,"win_rate":0.0,"timestamp":1609768970,"path_taken":["M","M","M","M","M","E","R","E","T","E","M","E","R","?","R","BOSS","M","?","?","M","?","E","M","NM"],"items_purchased_type":[],"build_version":"2020-12-22","purchased_purges":0,"victory":false,"max_hp_per_floor":[75,75,75,75,75,75,75,75,75,75,75,75,75,75,75,80,80,80,80,80,80,80,80,80,80,80],"card_choices":[{"not_picked":["Defragment","Cold Snap"],"picked":"Hologram","floor":1},{"not_picked":["Coolheaded","Compile Driver"],"picked":"Rebound","floor":2},{"not_picked":["Rebound","Barrage"],"picked":"Go for the Eyes","floor":3},{"not_picked":["hubris:SpecializedCircuitry","Steam Power"],"picked":"Sweeping Beam","floor":4},{"not_picked":["Glacier","BasicCrystalCard"],"picked":"Gash","floor":5},{"not_picked":["ReplayTheSpireMod:System Scan","Machine Learning"],"picked":"Leap","floor":6},{"not_picked":["Conserve Battery","Steam"],"picked":"Echo Form","floor":8},{"not_picked":["ReplayTheSpireMod:Reroute Power","Steam","Fusion"],"picked":"SKIP","floor":10},{"not_picked":["Rebound","Turbo"],"picked":"Streamline","floor":11},{"not_picked":["Streamline","Redo"],"picked":"Conserve Battery","floor":12},{"not_picked":["Amplify","ReplayTheSpireMod:Fabricate Wheel"],"picked":"Electrodynamics","floor":16},{"not_picked":["Steam","Sweeping Beam"],"picked":"Go for the Eyes+1","floor":18},{"not_picked":["Streamline","Chaos","Turbo"],"picked":"SKIP","floor":20},{"not_picked":["Auto Shields+1","Streamline"],"picked":"Glacier+1","floor":21},{"not_picked":["ReplayTheSpireMod:GoodbyeWorld","Ball Lightning"],"picked":"Conserve Battery+1","floor":23},{"not_picked":["Ball Lightning","Barrage","Rip and Tear"],"picked":"SKIP","floor":24}],"player_experience":709564,"relics_obtained":[{"floor":6,"key":"Happy Flower"},{"floor":8,"key":"Boot"},{"floor":9,"key":"Replay:Baseball"},{"floor":10,"key":"Vajra"},{"floor":12,"key":"Lantern"},{"floor":22,"key":"Necronomicon"},{"floor":23,"key":"Smiling Mask"}],"event_choices":[{"cards_removed":["Zap"],"damage_healed":0,"gold_gain":0,"player_choice":"Card Removal","damage_taken":0,"max_hp_gain":0,"max_hp_loss":0,"event_name":"Wheel of Change","floor":14,"gold_loss":0},{"damage_healed":0,"gold_gain":0,"player_choice":"Read","damage_taken":0,"max_hp_gain":0,"max_hp_loss":0,"event_name":"The Library","floor":19,"gold_loss":0,"cards_obtained":["ReplayGash"]},{"damage_healed":0,"gold_gain":0,"player_choice":"Obtained Book","damage_taken":16,"max_hp_gain":0,"max_hp_loss":0,"event_name":"Cursed Tome","floor":22,"gold_loss":0}],"is_beta":false,"boss_relics":[{"not_picked":["Inserter","Fusion Hammer"],"picked":"Replay:Wanted Poster"}],"items_purged_floors":[],"is_endless":false,"potions_floor_spawned":[1,3,5,8,11,16,23,24],"killed_by":"Nightmare","ascension_level":7}}