{"host":"kmigwsj5rrfnig2m","time":1609767449,"event":{"mods":["BaseMod","Minty Spire (QoL Compilation)","Replay The Spire","StSLib"],"gold_per_floor":[119,131,131,194,194,241,241,241,312,312,312,312],"floor_reached":11,"playtime":461,"items_purged":[],"score":82,"play_id":"520b1367-0372-48b3-b00e-150a079f2b9d","local_time":"20210104083729","is_ascension_mode":true,"campfire_choices":[{"data":"ReplayTheSpireMod:Strike From Hell","floor":7,"key":"SMITH"},{"floor":10,"key":"REST"}],"circlet_count":0,"master_deck":["Strike_R","Strike_R","Strike_R","Strike_R","Strike_R","Defend_R","Defend_R","Defend_R","Defend_R","Bash","Trip","ReplayTheSpireMod:Strike From Hell+1","Sentinel","Burning Pact"],"relics":["Burning Blood","Ring of Fury","ReplayTheSpireMod:Ring of Challenge","Bag of Marbles","Mummified Hand"],"acts_visited":["Exordium"],"potions_floor_usage":[11],"damage_taken":[{"damage":6,"enemies":"Small Slimes","floor":1,"turns":4},{"damage":8,"enemies":"Jaw Worm","floor":2,"turns":4},{"damage":24,"enemies":"2 Louse","floor":4,"turns":4},{"damage":48,"enemies":"Lagavulin","floor":6,"turns":6},{"damage":42,"enemies":"3 Sentries","floor":11,"turns":7}],"seed_played":"1953802410993288841","potions_obtained":[{"floor":4,"key":"BlessingOfTheForge"}],"is_trial":false,"path_per_floor":["M","M","?","M","?","E","R","?","T","R","E"],"character_chosen":"IRONCLAD","items_purchased":[],"campfire_rested":1,"item_purchase_floors":[],"current_hp_per_floor":[80,78,78,60,65,23,23,16,16,41,0,0],"gold":312,"neow_bonus":"RANDOM_COLORLESS","is_daily":false,"chose_seed":false,"campfire_upgraded":1,"win_rate":0.0,"timestamp":1609767449,"path_taken":["M","M","?","M","?","E","R","?","T","R","E"],"items_purchased_type":[],"build_version":"2020-12-22","purchased_purges":0,"victory":false,"max_hp_per_floor":[80,80,80,80,85,85,85,85,85,85,85,85],"card_choices":[{"not_picked":["Flash of Steel","Replay:BasicMightCard"],"picked":"Trip","floor":0},{"not_picked":["Twin Strike","Flex"],"picked":"ReplayTheSpireMod:Strike From Hell","floor":1},{"not_picked":["Clash","Metallicize","Thunderclap"],"picked":"SKIP","floor":2},{"not_picked":["Thunderclap","Headbutt"],"picked":"Sentinel","floor":4},{"not_picked":["Dual Wield","Uppercut"],"picked":"Burning Pact","floor":6}],"player_experience":124095,"relics_obtained":[{"floor":3,"key":"Ring of Fury"},{"floor":3,"key":"ReplayTheSpireMod:Ring of Challenge"},{"floor":6,"key":"Bag of Marbles"},{"floor":9,"key":"Mummified Hand"}],"event_choices":[{"damage_healed":0,"gold_gain":0,"player_choice":"Donut","damage_taken":0,"max_hp_gain":5,"max_hp_loss":0,"event_name":"Big Fish","floor":5,"gold_loss":0},{"cards_removed":["Voices"],"damage_healed":0,"gold_gain":0,"player_choice":"Card Removal","damage_taken":7,"max_hp_gain":0,"max_hp_loss":0,"event_name":"Golden Wing","floor":8,"gold_loss":0}],"is_beta":false,"boss_relics":[],"items_purged_floors":[],"is_endless":false,"potions_floor_spawned":[4],"killed_by":"3 Sentries","ascension_level":3}}