{"host":"c3lc60y5x60jlt1y","time":1609778363,"event":{"mods":["AchievementEnabler","BaseMod","Bestiary","Colored Map","Minty Spire (QoL Compilation)","Quick Restart","StSLib","ojb\u0027s Info Mod"],"gold_per_floor":[114,114,10,23,23,23,52,52,52,82,82,82,108,118,118,195,195,208,218,218,235,235,235,268,288,288,288,316,6,6,25,25,25,25],"floor_reached":33,"playtime":1743,"items_purged":["Strike_G"],"score":702,"play_id":"2f8a5c71-6943-4b82-b197-202552b80662","local_time":"20210104183923","is_ascension_mode":true,"campfire_choices":[{"data":"Blade Dance","floor":6,"key":"SMITH"},{"data":"Leg Sweep","floor":8,"key":"SMITH"},{"data":"Dagger Spray","floor":12,"key":"SMITH"},{"floor":15,"key":"REST"},{"data":"Crippling Poison","floor":23,"key":"SMITH"},{"data":"Bullet Time","floor":27,"key":"SMITH"},{"floor":32,"key":"REST"}],"circlet_count":0,"master_deck":["AscendersBane","Survivor","Neutralize","Leg Sweep+1","Blade Dance+1","Terror","Bullet Time+1","Envenom","Dagger Spray+1","Dash","Venomology","Wraith Form v2","Flechettes","Predator","Deadly Poison","Dodge and Roll","Crippling Poison+1","All Out Attack","Footwork+1","Backflip","Infinite Blades","Caltrops+1","RitualDagger","Choke"],"relics":["Ring of the Snake","NeowsBlessing","PreservedInsect","Darkstone Periapt","Orichalcum","Art of War","Pandora\u0027s Box","Dream Catcher","Vajra","MealTicket","Membership Card","Pantograph"],"acts_visited":["Exordium","TheCity"],"potions_floor_usage":[13,18,21,21,21,24,25,25,28,28,31],"damage_taken":[{"damage":0,"enemies":"Cultist","floor":1,"turns":1},{"damage":0,"enemies":"2 Louse","floor":4,"turns":1},{"damage":0,"enemies":"3 Sentries","floor":7,"turns":1},{"damage":38,"enemies":"Gremlin Nob","floor":10,"turns":5},{"damage":10,"enemies":"Lagavulin","floor":13,"turns":5},{"damage":3,"enemies":"Small Slimes","floor":14,"turns":4},{"damage":10,"enemies":"Hexaghost","floor":16,"turns":9},{"damage":2,"enemies":"Spheric Guardian","floor":18,"turns":5},{"damage":6,"enemies":"Chosen","floor":19,"turns":6},{"damage":0,"enemies":"Centurion and Healer","floor":21,"turns":9},{"damage":0,"enemies":"Gremlin Leader","floor":24,"turns":5},{"damage":1,"enemies":"Snake Plant","floor":25,"turns":5},{"damage":39,"enemies":"Slavers","floor":28,"turns":4},{"damage":10,"enemies":"Snecko","floor":31,"turns":5},{"damage":32,"enemies":"Automaton","floor":33,"turns":6}],"seed_played":"1343611060829965195","potions_obtained":[{"floor":10,"key":"CunningPotion"},{"floor":14,"key":"Block Potion"},{"floor":16,"key":"LiquidBronze"},{"floor":21,"key":"GhostInAJar"},{"floor":24,"key":"BlessingOfTheForge"},{"floor":25,"key":"Dexterity Potion"}],"is_trial":false,"path_per_floor":["M","?","$","M","?","R","E","R","T","E","?","R","E","M","R","B",null,"M","M","?","M","?","R","E","M","T","R","E","$","?","M","R","B"],"character_chosen":"THE_SILENT","items_purchased":["Blade Dance","Membership Card","Pantograph"],"campfire_rested":2,"item_purchase_floors":[3,29,29],"current_hp_per_floor":[59,52,52,52,52,52,52,52,52,14,14,14,4,1,20,10,52,50,44,44,44,44,44,44,43,43,43,4,19,13,3,22,15,15],"gold":25,"neow_bonus":"THREE_ENEMY_KILL","is_daily":false,"chose_seed":false,"campfire_upgraded":5,"win_rate":0.0,"timestamp":1609778363,"path_taken":["M","?","$","M","?","R","E","R","T","E","?","R","E","M","R","BOSS","M","M","?","M","?","R","E","M","T","R","E","$","?","M","R","BOSS"],"items_purchased_type":["Card","Relic","Relic"],"build_version":"2020-12-22","purchased_purges":1,"victory":false,"max_hp_per_floor":[66,66,66,66,66,66,66,66,66,66,66,66,66,66,66,66,66,66,66,66,66,66,66,66,66,66,66,66,66,66,66,66,66,66],"card_choices":[{"not_picked":["Prepared","Backflip"],"picked":"Leg Sweep","floor":1},{"not_picked":["Blade Dance","Sucker Punch"],"picked":"Terror","floor":4},{"not_picked":["Footwork","Blade Dance"],"picked":"Envenom","floor":7},{"not_picked":["Dodge and Roll","Acrobatics"],"picked":"Dagger Spray","floor":10},{"not_picked":["Escape Plan","Masterful Stab"],"picked":"Dash","floor":13},{"not_picked":["Deadly Poison","Dagger Spray"],"picked":"Predator","floor":14},{"not_picked":["Adrenaline","Envenom"],"picked":"Venomology","floor":16},{"not_picked":["Underhanded Strike","Dagger Throw+1"],"picked":"Footwork+1","floor":18},{"not_picked":["Quick Slash","PiercingWail"],"picked":"Backflip","floor":19},{"not_picked":["Deflect","Underhanded Strike","Acrobatics"],"picked":"SKIP","floor":21},{"not_picked":["Unload","Finisher","Bane+1"],"picked":"SKIP","floor":24},{"not_picked":["Accuracy","Distraction"],"picked":"Infinite Blades","floor":25},{"not_picked":["A Thousand Cuts","Expertise"],"picked":"Caltrops+1","floor":28},{"not_picked":["Concentrate","Reflex"],"picked":"Choke","floor":31}],"player_experience":7488957,"relics_obtained":[{"floor":7,"key":"PreservedInsect"},{"floor":9,"key":"Darkstone Periapt"},{"floor":10,"key":"Orichalcum"},{"floor":13,"key":"Art of War"},{"floor":24,"key":"Dream Catcher"},{"floor":26,"key":"Vajra"},{"floor":28,"key":"MealTicket"}],"event_choices":[{"cards_removed":["Defend_G"],"damage_healed":0,"gold_gain":0,"player_choice":"Card Removal","damage_taken":7,"max_hp_gain":0,"max_hp_loss":0,"event_name":"Golden Wing","floor":2,"gold_loss":0},{"damage_healed":0,"gold_gain":0,"cards_transformed":["Strike_G"],"player_choice":"Change","damage_taken":0,"max_hp_gain":0,"max_hp_loss":0,"event_name":"Living Wall","floor":5,"gold_loss":0,"cards_obtained":["Bullet Time"]},{"damage_healed":0,"gold_gain":0,"player_choice":"Fled","damage_taken":0,"max_hp_gain":0,"max_hp_loss":0,"event_name":"Scrap Ooze","floor":11,"gold_loss":0},{"damage_healed":0,"gold_gain":0,"player_choice":"Ignored","damage_taken":0,"max_hp_gain":0,"max_hp_loss":0,"event_name":"Vampires","floor":20,"gold_loss":0},{"cards_removed":["Predator"],"damage_healed":0,"gold_gain":0,"player_choice":"Elegance","damage_taken":0,"max_hp_gain":0,"max_hp_loss":0,"event_name":"Back to Basics","floor":22,"gold_loss":0},{"damage_healed":0,"gold_gain":0,"player_choice":"Joined the Cult","damage_taken":6,"max_hp_gain":0,"max_hp_loss":0,"event_name":"Nest","floor":30,"gold_loss":0,"cards_obtained":["RitualDagger"]}],"is_beta":false,"boss_relics":[{"not_picked":["SlaversCollar","Astrolabe"],"picked":"Pandora\u0027s Box"}],"items_purged_floors":[3],"is_endless":false,"potions_floor_spawned":[10,14,16,19,21,24,25],"killed_by":"Automaton","ascension_level":20}}