{"host":"ta9mufxydm4vkknf","time":1609795799,"event":{"mods":["AchievementEnabler","BaseMod","Minty Spire (QoL Compilation)","Quick Restart"],"gold_per_floor":[114,126,51,11,26,61,72,105,105,5,5,24,44,44,44,44,44],"floor_reached":16,"playtime":747,"items_purged":["Defend_G","Well Laid Plans"],"score":123,"play_id":"3a28eaae-dad5-4b00-a812-4d33c5870db7","local_time":"20210104222959","is_ascension_mode":true,"campfire_choices":[{"floor":15,"key":"REST"}],"circlet_count":0,"master_deck":["Strike_G","Strike_G","Strike_G","Strike_G","Defend_G","Defend_G","Defend_G","Defend_G","Survivor","Neutralize","Infinite Blades","Cloak And Dagger","Flechettes","Dagger Spray","Flying Knee","Outmaneuver","Tactician"],"relics":["Runic Pyramid","Bottled Flame","Blue Candle","Mummified Hand","InkBottle"],"acts_visited":["Exordium"],"potions_floor_usage":[],"damage_taken":[{"damage":0,"enemies":"Small Slimes","floor":1,"turns":3},{"damage":0,"enemies":"Cultist","floor":2,"turns":4},{"damage":0,"enemies":"Jaw Worm","floor":5,"turns":4},{"damage":15,"enemies":"Lagavulin","floor":6,"turns":8},{"damage":1,"enemies":"3 Louse","floor":7,"turns":3},{"damage":17,"enemies":"3 Sentries","floor":8,"turns":8},{"damage":4,"enemies":"2 Fungi Beasts","floor":12,"turns":2},{"damage":6,"enemies":"Exordium Thugs","floor":13,"turns":5},{"damage":46,"enemies":"Hexaghost","floor":16,"turns":11}],"seed_played":"-4775308233992587827","potions_obtained":[{"floor":4,"key":"SteroidPotion"},{"floor":4,"key":"SteroidPotion"},{"floor":4,"key":"BlessingOfTheForge"},{"floor":6,"key":"EssenceOfSteel"},{"floor":8,"key":"DistilledChaos"}],"is_trial":false,"path_per_floor":["M","M","$","?","M","E","M","E","T","$","?","M","M","?","R","B"],"character_chosen":"THE_SILENT","items_purchased":[],"campfire_rested":1,"item_purchase_floors":[],"current_hp_per_floor":[70,70,70,70,70,55,54,37,37,37,34,30,24,24,45,0,0],"gold":44,"neow_bonus":"BOSS_RELIC","is_daily":false,"chose_seed":false,"campfire_upgraded":0,"win_rate":0.0,"timestamp":1609795799,"path_taken":["M","M","$","?","M","E","M","E","T","?","?","M","M","?","R","BOSS"],"items_purchased_type":[],"build_version":"2020-12-22","purchased_purges":2,"victory":false,"max_hp_per_floor":[70,70,70,70,70,70,70,70,70,70,70,70,70,70,70,70,70],"card_choices":[{"not_picked":["Prepared","Acrobatics"],"picked":"Infinite Blades","floor":1},{"not_picked":["Dagger Spray","Quick Slash"],"picked":"Cloak And Dagger","floor":2},{"not_picked":["Catalyst","Caltrops"],"picked":"Flechettes","floor":5},{"not_picked":["Endless Agony","Blade Dance"],"picked":"Dagger Spray","floor":6},{"not_picked":["Setup","Infinite Blades"],"picked":"Well Laid Plans","floor":7},{"not_picked":["Eviscerate","Backflip"],"picked":"Flying Knee","floor":8},{"not_picked":["Expertise","Eviscerate"],"picked":"Outmaneuver","floor":12},{"not_picked":["Corpse Explosion","Backflip"],"picked":"Tactician","floor":13}],"player_experience":207733,"relics_obtained":[{"floor":6,"key":"Bottled Flame"},{"floor":8,"key":"Blue Candle"},{"floor":9,"key":"Mummified Hand"}],"event_choices":[{"damage_healed":0,"gold_gain":0,"player_choice":"Bought 3 Potions","damage_taken":0,"max_hp_gain":0,"max_hp_loss":0,"event_name":"The Woman in Blue","floor":4,"gold_loss":0},{"damage_healed":0,"gold_gain":0,"player_choice":"Success","damage_taken":3,"relics_obtained":["InkBottle"],"max_hp_gain":0,"max_hp_loss":0,"event_name":"Scrap Ooze","floor":11,"gold_loss":0},{"cards_removed":["Strike_G"],"damage_healed":0,"gold_gain":0,"player_choice":"Forget","damage_taken":0,"max_hp_gain":0,"max_hp_loss":0,"event_name":"Living Wall","floor":14,"gold_loss":0}],"is_beta":false,"boss_relics":[],"items_purged_floors":[3,10],"is_endless":false,"potions_floor_spawned":[6,8],"killed_by":"Hexaghost","ascension_level":2}}