{"host":"1c52r9kaxdyo25eq","time":1609781657,"event":{"mods":["AchievementEnabler","BaseMod","Minty Spire (QoL Compilation)","Rare Cards Sparkle","SuperFastMode","everything is the same but u backflip on backflip"],"gold_per_floor":[118,193,205,175,24,53,53,72,72,72,85,97,115,135,135,210,210,230,243,256,256,92,92,127,146,220,231,231,281,181,181,181],"floor_reached":31,"playtime":571,"items_purged":["Strike_G","Strike_G"],"score":672,"play_id":"b167191a-163e-4c90-ac20-10e52aaccba7","local_time":"20210105023417","is_ascension_mode":true,"campfire_choices":[{"data":"A Thousand Cuts","floor":7.0,"key":"SMITH"},{"data":"Accuracy","floor":10.0,"key":"SMITH"},{"floor":15.0,"key":"REST"},{"data":"Phantasmal Killer","floor":23.0,"key":"SMITH"}],"circlet_count":0,"master_deck":["AscendersBane","Strike_G","Strike_G","Strike_G","Defend_G","Defend_G","Defend_G","Defend_G","Defend_G","Survivor","Neutralize","Acrobatics","Blade Dance","A Thousand Cuts+1","Cloak And Dagger","Accuracy+1","Blade Dance","Prepared","Phantasmal Killer+1","Accuracy","Reflex"],"relics":["Ring of the Snake","NeowsBlessing","Shuriken","Kunai","SlaversCollar","Matryoshka","Dream Catcher","Molten Egg 2"],"acts_visited":["Exordium","TheCity"],"potions_floor_usage":[28],"damage_taken":[{"damage":0.0,"enemies":"Small Slimes","floor":1.0,"turns":1.0},{"damage":0.0,"enemies":"Cultist","floor":3.0,"turns":1.0},{"damage":0.0,"enemies":"Lagavulin","floor":6.0,"turns":1.0},{"damage":7.0,"enemies":"Jaw Worm","floor":8.0,"turns":3.0},{"damage":4.0,"enemies":"Lots of Slimes","floor":11.0,"turns":2.0},{"damage":9.0,"enemies":"Gremlin Gang","floor":12.0,"turns":4.0},{"damage":10.0,"enemies":"Exordium Wildlife","floor":13.0,"turns":3.0},{"damage":2.0,"enemies":"Looter","floor":14.0,"turns":3.0},{"damage":0.0,"enemies":"Slime Boss","floor":16.0,"turns":5.0},{"damage":12.0,"enemies":"Chosen","floor":18.0,"turns":5.0},{"damage":19.0,"enemies":"Spheric Guardian","floor":19.0,"turns":4.0},{"damage":17.0,"enemies":"Cultist and Chosen","floor":20.0,"turns":5.0},{"damage":24.0,"enemies":"Slavers","floor":24.0,"turns":3.0},{"damage":19.0,"enemies":"Centurion and Healer","floor":25.0,"turns":5.0},{"damage":20,"enemies":"Snake Plant","floor":27,"turns":3},{"damage":0,"enemies":"Chosen and Byrds","floor":28,"turns":1},{"damage":0,"enemies":"Snecko","floor":31,"turns":2}],"seed_played":"8729394831703728462","potions_obtained":[{"floor":4.0,"key":"Dexterity Potion"},{"floor":4.0,"key":"Ancient Potion"},{"floor":14.0,"key":"EntropicBrew"},{"floor":20.0,"key":"DistilledChaos"},{"floor":27,"key":"SmokeBomb"}],"is_trial":false,"path_per_floor":["M","?","M","?","$","E","R","M","T","R","M","M","M","M","R","B",null,"M","M","M","?","$","R","E","M","T","M","M","?","$","M"],"character_chosen":"THE_SILENT","items_purchased":["A Thousand Cuts","Accuracy"],"campfire_rested":1,"item_purchase_floors":[5,22],"current_hp_per_floor":[59,48,48,48,48,48,48,41,41,41,37,28,18,16,35,35,58,46,27,10,66,66,66,42,23,23,3,3,3,3,3,3],"gold":181,"neow_bonus":"THREE_ENEMY_KILL","is_daily":false,"chose_seed":false,"campfire_upgraded":3,"win_rate":0.0,"timestamp":1609781657,"path_taken":["M","?","M","?","$","E","R","M","T","R","M","M","?","M","R","BOSS","M","M","M","?","$","R","E","?","T","?","M","?","$","M"],"items_purchased_type":["Card","Card"],"build_version":"2020-12-22","purchased_purges":2,"victory":false,"max_hp_per_floor":[66,66,66,66,66,66,66,66,66,66,66,66,66,66,66,66,66,66,66,66,66,66,66,66,66,66,66,66,66,66,66,66],"card_choices":[{"not_picked":["Underhanded Strike","Dagger Throw"],"picked":"Acrobatics","floor":1.0},{"not_picked":["Predator","Bane"],"picked":"Blade Dance","floor":3.0},{"not_picked":["Predator","Grand Finale"],"picked":"Cloak And Dagger","floor":6.0},{"not_picked":["Escape Plan","Eviscerate"],"picked":"Accuracy","floor":8.0},{"not_picked":["Setup","Eviscerate","Blade Dance"],"picked":"SKIP","floor":11.0},{"not_picked":["Setup","Eviscerate"],"picked":"Blade Dance","floor":11.0},{"not_picked":["Dagger Throw","Setup","Acrobatics"],"picked":"SKIP","floor":12.0},{"not_picked":["Backflip","Outmaneuver"],"picked":"Reflex","floor":13.0},{"not_picked":["Bane","Finisher"],"picked":"Prepared","floor":14.0},{"not_picked":["A Thousand Cuts","Night Terror"],"picked":"Phantasmal Killer","floor":16.0},{"not_picked":["Flechettes","Dodge and Roll","Quick Slash"],"picked":"SKIP","floor":18.0},{"not_picked":["Expertise","Dagger Throw","Underhanded Strike"],"picked":"SKIP","floor":19.0},{"not_picked":["Skewer","Outmaneuver","Dodge and Roll"],"picked":"SKIP","floor":20.0},{"not_picked":["Cloak And Dagger","Dodge and Roll","Eviscerate"],"picked":"SKIP","floor":24.0},{"not_picked":["PiercingWail","Flechettes","Outmaneuver"],"picked":"SKIP","floor":25.0},{"not_picked":["Storm of Steel","Acrobatics"],"picked":"Reflex","floor":27}],"player_experience":544883,"relics_obtained":[{"floor":6.0,"key":"Shuriken"},{"floor":9.0,"key":"Kunai"},{"floor":24.0,"key":"Matryoshka"},{"floor":26.0,"key":"Dream Catcher"},{"floor":26.0,"key":"Molten Egg 2"}],"event_choices":[{"damage_healed":0.0,"max_hp_gain":0.0,"max_hp_loss":0.0,"gold_gain":75.0,"event_name":"World of Goop","player_choice":"Gather Gold","floor":2.0,"gold_loss":0.0,"damage_taken":11.0},{"damage_healed":0.0,"max_hp_gain":0.0,"max_hp_loss":0.0,"gold_gain":0.0,"event_name":"The Woman in Blue","player_choice":"Bought 2 Potions","floor":4.0,"gold_loss":0.0,"damage_taken":0.0},{"cards_removed":["Reflex"],"damage_healed":56.0,"max_hp_gain":0.0,"max_hp_loss":0.0,"gold_gain":0.0,"event_name":"Bonfire Elementals","player_choice":"Offered Uncommon","floor":21.0,"gold_loss":0.0,"damage_taken":0.0},{"damage_healed":0,"gold_gain":50,"player_choice":"Stole From Cult","damage_taken":0,"max_hp_gain":0,"max_hp_loss":0,"event_name":"Nest","floor":29,"gold_loss":0}],"is_beta":false,"boss_relics":[{"not_picked":["Fusion Hammer","Busted Crown"],"picked":"SlaversCollar"}],"items_purged_floors":[22,30],"is_endless":false,"potions_floor_spawned":[6,8,11,13,14,19,20,27,28],"killed_by":"Snecko","ascension_level":20}}