{"host":"6bsan6hkua32tfq7","time":1609783972,"event":{"mods":["BaseMod","Better Third Choice","Colored Map","Highlight Path","Minty Spire (QoL Compilation)","StSLib"],"gold_per_floor":[117,117,130,91,2,2,30,43,70,70,96,96,96,117,117,206,206,221,171,186,211,226,226,259,279,324,166,81,101,1,21,21,117,117,132,152,175,175,189,225,225,225,225,248,283,283,297,7,7,7,7,7,7,7,38,38],"floor_reached":57,"playtime":2761,"items_purged":["Strike_R","Strike_R","Strike_R"],"score":2763,"play_id":"dd2eb6db-d716-4fed-855b-94981ffdd150","local_time":"20210104191252","is_ascension_mode":true,"campfire_choices":[{"data":"Feed","floor":6,"key":"SMITH"},{"floor":10,"key":"REST"},{"data":"Metamorphosis","floor":12,"key":"SMITH"},{"data":"Defend_R","floor":15,"key":"SMITH"},{"floor":23,"key":"REST"},{"floor":32,"key":"REST"},{"floor":41,"key":"RECALL"},{"floor":46,"key":"REST"},{"floor":49,"key":"REST"},{"floor":53,"key":"REST"}],"circlet_count":0,"master_deck":["AscendersBane","Defend_R","Defend_R","Defend_R+1","Defend_R","Bash","Metamorphosis+1","Feed+1","Demon Form","Limit Break","Metallicize","Disarm+1","Heavy Blade","Heavy Blade+1","Disarm","Clothesline+1","Shrug It Off","Corruption","Seeing Red","Offering","Evolve+1"],"relics":["Burning Blood","betterThird:SlimedRelic","Orichalcum","Potion Belt","Boot","Golden Idol","Fusion Hammer","Molten Egg 2","Vajra","Dead Branch","Philosopher\u0027s Stone","StrikeDummy","Dream Catcher","Bag of Preparation","Calipers"],"acts_visited":["Exordium","TheCity","TheBeyond","TheEnding"],"potions_floor_usage":[11,21,22,29,51,56,56,56],"damage_taken":[{"damage":1,"enemies":"Cultist","floor":1,"turns":3},{"damage":4,"enemies":"Small Slimes","floor":3,"turns":3},{"damage":32,"enemies":"Gremlin Nob","floor":7,"turns":4},{"damage":7,"enemies":"2 Louse","floor":8,"turns":2},{"damage":18,"enemies":"3 Sentries","floor":11,"turns":6},{"damage":17,"enemies":"Blue Slaver","floor":14,"turns":6},{"damage":21,"enemies":"Hexaghost","floor":16,"turns":9},{"damage":28,"enemies":"Shell Parasite","floor":18,"turns":4},{"damage":19,"enemies":"Spheric Guardian","floor":20,"turns":4},{"damage":29,"enemies":"Cultist and Chosen","floor":21,"turns":7},{"damage":3,"enemies":"Snake Plant","floor":22,"turns":4},{"damage":13,"enemies":"Book of Stabbing","floor":24,"turns":6},{"damage":10,"enemies":"Centurion and Healer","floor":25,"turns":5},{"damage":18,"enemies":"3 Cultists","floor":29,"turns":4},{"damage":16,"enemies":"Shelled Parasite and Fungi","floor":31,"turns":6},{"damage":26,"enemies":"Collector","floor":33,"turns":7},{"damage":0,"enemies":"3 Shapes","floor":35,"turns":3},{"damage":1,"enemies":"Orb Walker","floor":36,"turns":3},{"damage":27,"enemies":"Jaw Worm Horde","floor":37,"turns":5},{"damage":6,"enemies":"Maw","floor":39,"turns":5},{"damage":10,"enemies":"Nemesis","floor":40,"turns":5},{"damage":31,"enemies":"3 Darklings","floor":44,"turns":6},{"damage":24,"enemies":"Giant Head","floor":45,"turns":5},{"damage":20,"enemies":"Writhing Mass","floor":47,"turns":6},{"damage":37,"enemies":"Awakened One","floor":50,"turns":7},{"damage":60,"enemies":"Donu and Deca","floor":51,"turns":6},{"damage":63,"enemies":"Shield and Spear","floor":55,"turns":6},{"damage":56,"enemies":"The Heart","floor":56,"turns":7}],"seed_played":"4573786097382993227","potions_obtained":[{"floor":3,"key":"DistilledChaos"},{"floor":11,"key":"Explosive Potion"},{"floor":14,"key":"SkillPotion"},{"floor":20,"key":"Energy Potion"},{"floor":24,"key":"BloodPotion"},{"floor":25,"key":"FairyPotion"},{"floor":29,"key":"EssenceOfSteel"},{"floor":31,"key":"Explosive Potion"},{"floor":39,"key":"ColorlessPotion"},{"floor":44,"key":"Strength Potion"},{"floor":47,"key":"PowerPotion"},{"floor":55,"key":"Dexterity Potion"}],"is_trial":false,"path_per_floor":["M","?","M","?","$","R","E","M","T","R","E","R","?","M","R","B",null,"M","?","M","M","M","R","E","M","T","$","?","M","$","M","R","B",null,"M","M","M","?","M","E","R","?","T","M","E","R","M","$","R","B","B",null,"R","$","E","B",null],"character_chosen":"IRONCLAD","items_purchased":["Feed","Disarm","Bag of Preparation"],"campfire_rested":6,"item_purchase_floors":[5,27,48],"current_hp_per_floor":[55,48,50,39,39,39,13,16,16,39,31,31,31,24,24,13,66,44,44,31,8,15,41,34,30,30,30,30,35,35,25,51,35,77,87,92,75,75,75,71,71,71,71,50,36,68,58,58,91,60,43,97,115,115,58,8],"gold":38,"neow_bonus":"RANDOM_COLORLESS_2","is_daily":false,"chose_seed":false,"campfire_upgraded":3,"win_rate":0.0,"timestamp":1609783972,"path_taken":["M","?","M","?","$","R","E","M","T","R","E","R","?","M","R","BOSS","M","?","M","M","M","R","E","M","T","?","?","M","$","M","R","BOSS","M","M","M","?","M","E","R","?","T","M","E","R","M","$","R","BOSS","BOSS","R","$","E","BOSS"],"items_purchased_type":["Card","Card","Relic"],"build_version":"2020-12-22","purchased_purges":3,"victory":true,"max_hp_per_floor":[75,75,75,75,75,75,75,79,79,79,83,83,75,79,79,83,83,83,83,83,83,87,87,87,87,87,87,87,87,87,87,87,91,91,95,95,99,99,99,99,99,99,99,103,107,107,111,111,111,111,115,115,115,115,115,115],"card_choices":[{"not_picked":["Master of Strategy","Thinking Ahead"],"picked":"Metamorphosis","floor":0},{"not_picked":["Clash","Infernal Blade","Twin Strike"],"picked":"SKIP","floor":1},{"not_picked":["Searing Blow","Perfected Strike","Sentinel"],"picked":"SKIP","floor":3},{"not_picked":["Second Wind","Thunderclap","Headbutt"],"picked":"SKIP","floor":7},{"not_picked":["Armaments","Clothesline"],"picked":"Demon Form","floor":8},{"not_picked":["Pommel Strike","Shockwave","Entrench"],"picked":"SKIP","floor":11},{"not_picked":["Perfected Strike","Armaments","Wild Strike"],"picked":"SKIP","floor":14},{"not_picked":["Corruption","Fiend Fire"],"picked":"Limit Break","floor":16},{"not_picked":["Blood for Blood","Anger","Combust"],"picked":"SKIP","floor":18},{"not_picked":["Headbutt","Sever Soul"],"picked":"Metallicize","floor":20},{"not_picked":["Blood for Blood","Inflame"],"picked":"Disarm+1","floor":21},{"not_picked":["Heavy Blade","Wild Strike","Headbutt+1"],"picked":"SKIP","floor":22},{"not_picked":["Wild Strike","Headbutt+1"],"picked":"Heavy Blade","floor":22},{"not_picked":["Reckless Charge+1","Wild Strike+1","Barricade"],"picked":"SKIP","floor":24},{"not_picked":["Searing Blow+1","Armaments"],"picked":"Heavy Blade+1","floor":25},{"not_picked":["Heavy Blade+1","Blood for Blood+1"],"picked":"Clothesline+1","floor":29},{"not_picked":["Sword Boomerang+1","Armaments"],"picked":"Shrug It Off","floor":31},{"not_picked":["Demon Form","Limit Break"],"picked":"Corruption","floor":33},{"not_picked":["Armaments","Cleave+1","Clash+1"],"picked":"SKIP","floor":35},{"not_picked":["Headbutt+1","Rampage+1","Pommel Strike+1"],"picked":"SKIP","floor":36},{"not_picked":["Heavy Blade+1","Rupture","Whirlwind+1"],"picked":"SKIP","floor":37},{"not_picked":["Warcry","Rampage+1"],"picked":"Seeing Red","floor":39},{"not_picked":["Cleave+1","Infernal Blade","Juggernaut"],"picked":"SKIP","floor":40},{"not_picked":["Hemokinesis+1","Thunderclap+1","Headbutt+1"],"picked":"SKIP","floor":44},{"not_picked":["Wild Strike+1","Heavy Blade+1"],"picked":"Offering","floor":45},{"not_picked":["Body Slam+1","Inflame"],"picked":"Evolve+1","floor":47},{"not_picked":["Twin Strike+1","Pommel Strike+1","Body Slam+1"],"picked":"SKIP","floor":55}],"player_experience":5243816,"relics_obtained":[{"floor":7,"key":"Orichalcum"},{"floor":9,"key":"Potion Belt"},{"floor":11,"key":"Boot"},{"floor":24,"key":"Molten Egg 2"},{"floor":26,"key":"Vajra"},{"floor":40,"key":"StrikeDummy"},{"floor":45,"key":"Dream Catcher"},{"floor":55,"key":"Calipers"}],"event_choices":[{"cards_removed":["Strike_R"],"damage_healed":0,"gold_gain":0,"player_choice":"Card Removal","damage_taken":7,"max_hp_gain":0,"max_hp_loss":0,"event_name":"Golden Wing","floor":2,"gold_loss":0},{"damage_healed":0,"gold_gain":0,"player_choice":"Slimed","damage_taken":11,"max_hp_gain":0,"max_hp_loss":0,"event_name":"betterThird:BetterGoop","floor":4,"gold_loss":39},{"damage_healed":0,"gold_gain":0,"player_choice":"Lose Max HP","damage_taken":0,"relics_obtained":["Golden Idol"],"max_hp_gain":0,"max_hp_loss":8,"event_name":"Golden Idol","floor":13,"gold_loss":0},{"damage_healed":0,"gold_gain":0,"player_choice":"Bet on Murderer","damage_taken":0,"max_hp_gain":0,"max_hp_loss":0,"event_name":"The Joust","floor":19,"gold_loss":50},{"damage_healed":0,"gold_gain":0,"player_choice":"Obtained Relic","damage_taken":0,"relics_obtained":["Dead Branch"],"max_hp_gain":0,"max_hp_loss":0,"event_name":"Addict","floor":28,"gold_loss":85},{"cards_removed":["Strike_R"],"damage_healed":0,"gold_gain":0,"player_choice":"Removed Attack","damage_taken":0,"max_hp_gain":0,"max_hp_loss":0,"event_name":"Falling","floor":38,"gold_loss":0},{"damage_healed":0,"gold_gain":0,"player_choice":"Memory 1","damage_taken":0,"max_hp_gain":0,"max_hp_loss":0,"event_name":"SensoryStone","floor":42,"gold_loss":0}],"is_beta":false,"boss_relics":[{"not_picked":["Black Blood","Pandora\u0027s Box"],"picked":"Fusion Hammer"},{"not_picked":["Tiny House","Runic Cube"],"picked":"Philosopher\u0027s Stone"}],"items_purged_floors":[27,30,48],"is_endless":false,"potions_floor_spawned":[3,11,14,20,24,25,29,31,39,44,47,55],"ascension_level":20}}