{"host":"vvp4eihuvtuugjfx","time":1609801814,"event":{"mods":["AchievementEnabler","Act Like it!","Aspiration","BaseMod","Better Altar","Better Match","Better Note","Better Sensory Stone","Better Skull","Better Third Choice","BetterRewards","CCEM","Clawfect","Colored Map","Colored Powertips","Downfall","GifTheSpireLib","Hallownest","Highlight Path","Mimic Mod","Minty Spire (QoL Compilation)","Permanent Neow","Quick Restart","Replay The Spire","Shop Mod","Spicy Shops","StSLib","The Bug Knight","Unceasing Turn Reminder"],"gold_per_floor":[116,135,310,9,9,50,50,90,113,113,153,216,162,205,205,330,330,349,77,93,114,214,258,273,313,351,391,411,411,411,431,431,562,562,585,609,609,623,172,213,226,257,257,293,312,312,335,355,355,355],"floor_reached":51,"playtime":5492,"items_purged":["Doubt","Defend_B+1"],"score":1350,"play_id":"02a73b9f-1c04-446f-ae6e-3f103bacbf36","local_time":"20210105001014","is_ascension_mode":true,"campfire_choices":[{"data":"Self Repair","floor":7,"key":"SMITH"},{"data":"Clawfect:ClawCell","floor":10,"key":"SMITH"},{"data":"Reboot","floor":15,"key":"SMITH"},{"data":"ReplayRNGCard","floor":29,"key":"SMITH"},{"data":"Crystallizer","floor":32,"key":"SMITH"},{"data":"Fusion","floor":49,"key":"SMITH"}],"circlet_count":0,"master_deck":["Gash","Gash","Gash","Gash","Gash","Force Field","ReplayTheSpireMod:Calculation Training+1","Skim","Clawfect:ClawLightning","ReplayTheSpireMod:Calculation Training","Self Repair+1","Clawfect:ClawCell+1","Clawfect:ClawForTheEyes","Clawfect:ClawSnap","FTL","Panic Button","Defragment","Defragment","Reboot+1","ReplayRNGCard+1","Tempest+1","Clawfect:ClawpileDriver","Panic Button","Redo+1","Clawfect:Clawline+1","Hello World+1","Defragment","FIFO Queue","Static Discharge","Crystallizer+1","Thunder Strike","FTL+1","Replay:Bootleg Shield Generator","Chrysalis","Panic Button","Apotheosis+1","Replay:BasicMightCard","Replay:BasicMightCard","White Noise+1","Core Surge","Steam Power+1","Core Surge","Conserve Battery","Tempest+1","ReplayGash+1","ReplayTheSpireMod:System Scan","Fusion+1"],"relics":["CCEMRelics:FranticForklift","FrozenCore","Golden Idol","Nunchaku","Snack Pack","StoneCalendar","MerchantsRug","Black Star","Replay:Antivirus Software","Raider\u0027s Mask","Matryoshka","Mirror","Bag of Preparation","CCEMRelics:PorcelainBowl","Blue Doll","Unceasing Top","ReplayTheSpireMod:TigerMarble","BranchBurnRelic","Replay:Drink Me","aspiration:EnhancedActuators","Vajra","Pear","Iron Hammer","CCEMRelics:Icicle","Happy Flower","Smiling Mask","CCEMRelics:GrapeVine","CCEMRelics:Barrel","CCEMRelics:SpiritsEdge"],"acts_visited":["Exordium","TheCity","TheBeyond"],"potions_floor_usage":[11,48,50,50,50],"damage_taken":[{"damage":1,"enemies":"2 Louse","floor":1,"turns":3},{"damage":1,"enemies":"Small Slimes","floor":2,"turns":3},{"damage":9,"enemies":"HollowMod:MossKnight","floor":6,"turns":7},{"damage":13,"enemies":"3 Sentries","floor":8,"turns":7},{"damage":25,"enemies":"Gremlin Nob","floor":11,"turns":4},{"damage":10,"enemies":"Gremlin Nob","floor":12,"turns":5},{"damage":0,"enemies":"Lagavulin","floor":14,"turns":5},{"damage":30,"enemies":"The Guardian","floor":16,"turns":6},{"damage":0,"enemies":"Chosen","floor":18,"turns":4},{"damage":0,"enemies":"Snake Plant","floor":20,"turns":4},{"damage":12,"enemies":"Chosen and Byrds","floor":21,"turns":5},{"damage":18,"enemies":"Gremlin Leader","floor":23,"turns":5},{"damage":7,"enemies":"Centurion and Healer","floor":24,"turns":6},{"damage":8,"enemies":"Replay:Snechameleon","floor":25,"turns":5},{"damage":0,"enemies":"Shelled Parasite and Fungi","floor":26,"turns":7},{"damage":0,"enemies":"HollowMod:Nosk","floor":27,"turns":5},{"damage":5,"enemies":"Shelled Parasite and Fungi","floor":28,"turns":4},{"damage":22,"enemies":"Snake Plant","floor":31,"turns":3},{"damage":14,"enemies":"Champ","floor":33,"turns":6},{"damage":12,"enemies":"3 Darklings","floor":35,"turns":4},{"damage":21,"enemies":"3 Shapes","floor":36,"turns":4},{"damage":17,"enemies":"Writhing Mass","floor":38,"turns":5},{"damage":36,"enemies":"Nemesis","floor":40,"turns":5},{"damage":9,"enemies":"Spire Growth","floor":41,"turns":3},{"damage":0,"enemies":"HollowMod:StalkingDevout","floor":42,"turns":4},{"damage":0,"enemies":"Nemesis","floor":44,"turns":5},{"damage":0,"enemies":"3 Darklings","floor":45,"turns":4},{"damage":11,"enemies":"Writhing Mass","floor":47,"turns":3},{"damage":1,"enemies":"4 Shapes","floor":48,"turns":3},{"damage":0,"enemies":"Replay:Hell Engine","floor":50,"turns":5}],"seed_played":"-7039789932130286902","potions_obtained":[{"floor":8,"key":"BlessingOfTheForge"},{"floor":11,"key":"Weak Potion"},{"floor":12,"key":"ColorlessPotion"},{"floor":18,"key":"sneckomod:MuddlingPotion"},{"floor":20,"key":"hexamod:EctoCoolerPotion"},{"floor":25,"key":"Doom Potion"},{"floor":31,"key":"Guardian:BlockOnCardUsePotion"},{"floor":40,"key":"Strength Potion"},{"floor":42,"key":"DistilledChaos"},{"floor":45,"key":"PotionOfCapacity"},{"floor":48,"key":"Swift Potion"}],"is_trial":false,"path_per_floor":["M","M","?","$","?","E","R","E","T","R","E","?","$","E","R","B",null,"M","$","M","M","?","E","M","E","MIM","E","M","R","?","M","R","B",null,"M","M","?","M","$","E","M","E","T","E","M","?","M","M","R","B",null],"character_chosen":"DEFECT","items_purchased":["CCEMRelics:FranticForklift","Clawfect:ClawAndGloom","ReplayTheSpireMod:Calculation Training","CCEMRelics:WrappedPresent","Self Repair","MerchantsRug","Panic Button","Defragment","Replay:Antivirus Software","Raider\u0027s Mask","Apotheosis+1","Replay:BasicMightCard","aspiration:EnhancedActuators","Vajra","White Noise","Core Surge"],"campfire_rested":0,"item_purchase_floors":[0,0,0,4,4,13,13,13,19,19,39,39,39,39,39,39],"current_hp_per_floor":[67,66,66,76,56,54,54,51,51,51,42,46,46,62,62,50,73,80,80,80,80,80,80,80,80,80,80,79,80,80,76,80,80,60,60,51,51,54,54,48,49,69,69,70,70,70,63,68,68,70],"gold":355,"neow_bonus":"","is_daily":false,"chose_seed":false,"campfire_upgraded":6,"win_rate":0.0,"timestamp":1609801814,"path_taken":["M","M","?","$","?","E","R","E","T","R","E","?","$","E","R","BOSS","M","$","M","M","?","E","?","E","MIM","E","?","R","?","?","R","BOSS","M","M","?","M","$","E","M","E","T","E","M","?","M","?","R","BOSS"],"items_purchased_type":["Relic","Card","Card","Relic","Card","Relic","Card","Card","Relic","Relic","Card","Card","Relic","Relic","Card","Card"],"build_version":"2020-12-22","purchased_purges":2,"victory":true,"max_hp_per_floor":[75,75,75,80,80,80,80,80,80,80,80,80,80,80,80,80,80,80,80,80,80,80,80,80,80,80,80,80,80,80,80,80,80,60,60,60,60,60,60,70,70,70,70,70,70,70,70,70,70,70],"card_choices":[{"not_picked":["Coolheaded","Panic Button"],"picked":"Clawfect:ClawLightning","floor":1},{"not_picked":["Clawfect:ClawpileDriver","Clawfect:ClawSnap"],"picked":"ReplayTheSpireMod:Calculation Training","floor":2},{"not_picked":["BasicCrystalCard","Chill"],"picked":"Clawfect:ClawCell","floor":6},{"not_picked":["ReplayTheSpireMod:Repulse","Blizzard"],"picked":"Clawfect:ClawForTheEyes","floor":8},{"not_picked":["BasicCrystalCard","Clawfect:ClawingBeam"],"picked":"Clawfect:ClawSnap","floor":11},{"not_picked":["Clawfect:Clawline","Storm"],"picked":"FTL","floor":12},{"not_picked":["Self Repair","Clawfect:ScrapingClaw"],"picked":"Reboot","floor":14},{"not_picked":["Multi-Cast","Mirror Shield"],"picked":"ReplayRNGCard","floor":16},{"not_picked":["Clawfect:ClawForTheEyes","Conserve Battery"],"picked":"Tempest+1","floor":18},{"not_picked":["Heatsinks+1","Coolheaded"],"picked":"Clawfect:ClawpileDriver","floor":20},{"not_picked":["Turbo","Hologram"],"picked":"Panic Button","floor":21},{"not_picked":["Rebound","Leap+1"],"picked":"Redo+1","floor":23},{"not_picked":["Hologram","Clawfect:ClawForTheEyes+1"],"picked":"Clawfect:Clawline+1","floor":24},{"not_picked":["Conserve Battery","BootSequence"],"picked":"Hello World+1","floor":25},{"not_picked":["Clawfect:Clawrage","Redo"],"picked":"Defragment","floor":26},{"not_picked":["Buffer","Leap"],"picked":"FIFO Queue","floor":27},{"not_picked":["Leap","Clawfect:ClawingBeam"],"picked":"Static Discharge","floor":28},{"not_picked":["Conserve Battery+1","Time Bomb"],"picked":"Crystallizer","floor":31},{"not_picked":["Fission","Buffer"],"picked":"Thunder Strike","floor":33},{"not_picked":["Steam+1","Clawfect:Clawline+1"],"picked":"FTL+1","floor":35},{"not_picked":["Auto Shields+1","ReplayTheSpireMod:Reroute Power","Leap"],"picked":"SKIP","floor":36},{"not_picked":["expansioncontent:DashGenerateEvil","Replay:SS_fish_3"],"picked":"Replay:Bootleg Shield Generator","floor":37},{"not_picked":["expansioncontent:GuardianWhirl","Replay:SS_fish_3"],"picked":"Chrysalis","floor":37},{"not_picked":["Storm","Clawfect:Clawter"],"picked":"Panic Button","floor":38},{"not_picked":["Clawfect:ClawSnap","Auto Shields"],"picked":"Steam Power+1","floor":40},{"not_picked":["Redo","Gash+1"],"picked":"Core Surge","floor":41},{"not_picked":["Hologram","Clawfect:ClawpileDriver+1"],"picked":"Conserve Battery","floor":42},{"not_picked":["Hello World+1","Clawfect:ScrapingClaw+1"],"picked":"Tempest+1","floor":44},{"not_picked":["Clawfect:ClawSnap+1","Clawfect:ClawingBeam"],"picked":"ReplayGash+1","floor":45},{"not_picked":["Reprogram","Clawfect:Clawline"],"picked":"ReplayTheSpireMod:System Scan","floor":47},{"not_picked":["FIFO Queue+1","Consume+1"],"picked":"Fusion","floor":48}],"player_experience":742289,"relics_obtained":[{"floor":4,"key":"Calipers"},{"floor":6,"key":"Nunchaku"},{"floor":8,"key":"Snack Pack"},{"floor":9,"key":"Regal Pillow"},{"floor":11,"key":"StoneCalendar"},{"floor":14,"key":"War Paint"},{"floor":23,"key":"CCEMRelics:DerglesHeadphones"},{"floor":23,"key":"Matryoshka"},{"floor":25,"key":"Mirror"},{"floor":25,"key":"Bag of Preparation"},{"floor":26,"key":"Dead Branch"},{"floor":26,"key":"CCEMRelics:PorcelainBowl"},{"floor":26,"key":"Blue Doll"},{"floor":27,"key":"Unceasing Top"},{"floor":27,"key":"ReplayTheSpireMod:TigerMarble"},{"floor":40,"key":"Pear"},{"floor":40,"key":"Iron Hammer"},{"floor":42,"key":"CCEMRelics:Icicle"},{"floor":42,"key":"Happy Flower"},{"floor":43,"key":"Smiling Mask"},{"floor":43,"key":"CCEMRelics:GrapeVine"},{"floor":44,"key":"CCEMRelics:Barrel"},{"floor":44,"key":"CCEMRelics:SpiritsEdge"}],"event_choices":[{"damage_healed":0,"gold_gain":175,"player_choice":"AGREE","damage_taken":135,"max_hp_gain":0,"max_hp_loss":0,"event_name":"betterThird:BetterSerpent","floor":3,"gold_loss":0},{"damage_healed":0,"gold_gain":0,"player_choice":"Take Damage","damage_taken":20,"relics_obtained":["Golden Idol"],"max_hp_gain":0,"max_hp_loss":0,"event_name":"Golden Idol","floor":5,"gold_loss":0},{"damage_healed":0,"gold_gain":30,"player_choice":"Searched \u00273\u0027 times","damage_taken":0,"relics_obtained":["Du-Vu Doll"],"max_hp_gain":0,"max_hp_loss":0,"event_name":"Dead Adventurer","floor":12,"gold_loss":0},{"damage_healed":0,"gold_gain":100,"player_choice":"Pray","damage_taken":0,"max_hp_gain":0,"max_hp_loss":0,"event_name":"Golden Shrine","floor":22,"gold_loss":0},{"damage_healed":0,"gold_gain":0,"player_choice":"Gave Potion","damage_taken":0,"relics_obtained":["Peace Pipe"],"max_hp_gain":0,"max_hp_loss":0,"event_name":"WeMeetAgain","floor":30,"gold_loss":0},{"damage_healed":0,"gold_gain":3,"player_choice":"1","damage_taken":0,"max_hp_gain":0,"max_hp_loss":0,"event_name":"betterStone:BetterStone","floor":37,"gold_loss":0},{"damage_healed":0,"gold_gain":0,"player_choice":"Forge","damage_taken":0,"max_hp_gain":0,"max_hp_loss":0,"event_name":"Accursed Blacksmith","floor":46,"gold_loss":0,"cards_upgraded":["White Noise"]}],"is_beta":false,"boss_relics":[{"not_picked":["aspiration:FutureDiary","ReplayTheSpireMod:DimensionalGlitch"],"picked":"Black Star"},{"not_picked":["Astrolabe","aspiration:RitualDagger"],"picked":"Replay:Drink Me"}],"items_purged_floors":[13,39],"is_endless":false,"potions_floor_spawned":[8,11,12,18,20,25,31,40,42,45,48],"ascension_level":8}}