{"host":"d64axfghkv1zq619","time":1609724534,"event":{"mods":["BaseMod","Better Third Choice","Custom Start","Defuse TimeMaze Blight","Downfall","Friendly Minions","Infinite Spire","Minty Spire (QoL Compilation)","Shade Mod","Spicy Shops","StSLib","The Elementalist","The Marked"],"gold_per_floor":[115,127,141,141,154,154,154],"floor_reached":6,"playtime":574,"items_purged":[],"score":38,"play_id":"6aab6a9a-b00b-4a92-b8f8-95de72cd676a","local_time":"20210103184214","is_ascension_mode":false,"campfire_choices":[],"circlet_count":0,"master_deck":["elementalist:Strike+Elemblue","elementalist:Defend_Elemblue","elementalist:Defend_Elemblue","elementalist:Defend_Elemblue","elementalist:Defend_Elemblue","elementalist:Defend_Elemblue","elementalist:Firestrike","elementalist:Earthstrike","elementalist:Waterstrike","elementalist:Airstrike","elementalist:Crystal_Chalk","elementalist:Geomancy","elementalist:Cauterize"],"relics":["elementalistmod:MagusStaff","elementalistmod:GraduationLetter","NeowsBlessing","elementalistmod:RedRibbon"],"acts_visited":["Exordium"],"potions_floor_usage":[6,6],"damage_taken":[{"damage":0,"enemies":"Cultist","floor":1,"turns":1},{"damage":0,"enemies":"Small Slimes","floor":2,"turns":1},{"damage":0,"enemies":"Jaw Worm","floor":3,"turns":1},{"damage":7,"enemies":"3 Louse","floor":5,"turns":4},{"damage":9,"enemies":"Lagavulin","floor":6,"turns":7}],"seed_played":"-2732437916796786023","potions_obtained":[{"floor":2,"key":"Fruit Juice"},{"floor":5,"key":"SkillPotion"}],"is_trial":false,"path_per_floor":["M","M","M","?","M","E"],"character_chosen":"THE_ELEMENTALIST","items_purchased":[],"campfire_rested":0,"item_purchase_floors":[],"current_hp_per_floor":[70,70,70,70,63,59,59],"gold":154,"neow_bonus":"THREE_ENEMY_KILL","is_daily":false,"chose_seed":false,"campfire_upgraded":0,"win_rate":0.0,"timestamp":1609724534,"path_taken":["M","M","?","?","M","E"],"items_purchased_type":[],"build_version":"2020-12-22","purchased_purges":0,"victory":false,"max_hp_per_floor":[70,70,70,70,70,75,75],"card_choices":[{"not_picked":["elementalist:Etherstrike","elementalist:Spark"],"picked":"elementalist:Geomancy","floor":1},{"not_picked":["elementalist:Mist","elementalist:Rising_Tides","elementalist:Caution"],"picked":"SKIP","floor":2},{"not_picked":["elementalist:Stone_to_Mud","elementalist:Breeze","elementalist:Momentum"],"picked":"SKIP","floor":3},{"not_picked":["elementalist:Burning_Soul","elementalist:Emberveil"],"picked":"elementalist:Cauterize","floor":5}],"player_experience":555229,"relics_obtained":[],"event_choices":[],"is_beta":false,"boss_relics":[],"items_purged_floors":[],"is_endless":false,"potions_floor_spawned":[2,5],"killed_by":"Lagavulin","ascension_level":0}}