{"host":"27tk4xseidcli2mr","time":1609789872,"event":{"mods":["2.2 Compatiblity","AchievementEnabler","Aspiration","BaseMod","Better Third Choice","Conspire","Custom Start","Downfall","Hubris","Infinite Spire","Jorbs\u0027s Wanderer Trilogy","Minty Spire (QoL Compilation)","Replay The Spire","StSLib","SuperFastMode","[IsaacMod]????"],"gold_per_floor":[109,109,109,122,18,46,0,16,16,50,50,79,79,97,97,97,97],"floor_reached":16,"playtime":438,"items_purged":["Strike_B"],"score":336,"play_id":"604eceaa-2ed8-406f-928f-389cd4c1e782","local_time":"20210104205112","is_ascension_mode":true,"campfire_choices":[{"data":"Consume","floor":11.0,"key":"SMITH"},{"data":"ReplayTheSpireMod:Dual Polarity","floor":15.0,"key":"SMITH"}],"circlet_count":0,"master_deck":["AscendersBane","Strike_B","Strike_B","Defend_B","Defend_B","Defend_B","Defend_B","Zap","Dualcast","ReplayTheSpireMod:Dual Polarity+1","Consume+1","Leap","Self Repair","Enlightenment","Sweeping Beam","Cold Snap","Chaos","Double Energy"],"relics":["Cracked Core","HushsDoor","GuppysTail","NeowsBlessing","Sundial","Bag of Preparation","NineVolt"],"acts_visited":["Exordium"],"potions_floor_usage":[16],"damage_taken":[{"damage":0.0,"enemies":"Jaw Worm","floor":1.0,"turns":1.0},{"damage":0.0,"enemies":"Cultist","floor":4.0,"turns":1.0},{"damage":0.0,"enemies":"3 Sentries","floor":6.0,"turns":2.0},{"damage":1.0,"enemies":"Small Slimes","floor":8.0,"turns":4.0},{"damage":0.0,"enemies":"Gremlin Nob","floor":10.0,"turns":2.0},{"damage":30.0,"enemies":"3 Sentries","floor":12.0,"turns":6.0},{"damage":3.0,"enemies":"Blue Slaver","floor":14.0,"turns":4.0},{"damage":38,"enemies":"Hexaghost","floor":16,"turns":12}],"seed_played":"5557700837514614010","potions_obtained":[{"floor":1.0,"key":"Energy Potion"},{"floor":8.0,"key":"FearPotion"},{"floor":14.0,"key":"Swift Potion"}],"is_trial":false,"path_per_floor":["M","?","?","M","$","E","?","M","T","E","R","E","?","M","R","B"],"character_chosen":"DEFECT","items_purchased":["Leap"],"campfire_rested":0,"item_purchase_floors":[5],"current_hp_per_floor":[64,49,42,42,42,42,48,54,54,54,54,31,31,35,35,0,0],"gold":97,"neow_bonus":"THREE_ENEMY_KILL","is_daily":false,"chose_seed":false,"campfire_upgraded":2,"win_rate":0.0,"timestamp":1609789872,"path_taken":["M","?","?","?","$","E","?","M","T","E","R","E","?","M","R","BOSS"],"items_purchased_type":["Card"],"build_version":"2020-12-22","purchased_purges":1,"victory":false,"max_hp_per_floor":[71,71,71,71,71,71,77,77,77,77,77,77,77,77,77,77,77],"card_choices":[{"not_picked":["FIFO Queue","Blizzard"],"picked":"ReplayTheSpireMod:Dual Polarity","floor":1.0},{"not_picked":["aspiration:Polymerization","White Noise"],"picked":"Consume","floor":4.0},{"not_picked":["FTL","Hologram"],"picked":"Self Repair","floor":6.0},{"not_picked":["BasicCrystalCard","Panic Button"],"picked":"Sweeping Beam","floor":8.0},{"not_picked":["Steam","ReplayTheSpireMod:Omega Cannon"],"picked":"Cold Snap","floor":10.0},{"not_picked":["Stack","Self Repair"],"picked":"Chaos","floor":12.0},{"not_picked":["Go for the Eyes","BasicCrystalCard"],"picked":"Double Energy","floor":14.0}],"player_experience":1269864,"relics_obtained":[{"floor":6.0,"key":"Sundial"},{"floor":10.0,"key":"Bag of Preparation"},{"floor":12.0,"key":"NineVolt"}],"event_choices":[{"cards_removed":["Strike_B"],"damage_healed":0.0,"max_hp_gain":0.0,"max_hp_loss":0.0,"gold_gain":0.0,"event_name":"Golden Wing","player_choice":"Card Removal","floor":3.0,"gold_loss":0.0,"damage_taken":7.0},{"damage_healed":0.0,"max_hp_gain":0.0,"max_hp_loss":0.0,"gold_gain":0.0,"event_name":"betterThird:BetterSerpent","player_choice":"RENOUNCE","floor":7.0,"gold_loss":46.0,"damage_taken":46.0,"cards_obtained":["Enlightenment"]}],"is_beta":false,"boss_relics":[],"items_purged_floors":[5],"is_endless":false,"potions_floor_spawned":[1,8,14],"killed_by":"Hexaghost","ascension_level":20}}