{"host":"jb40sdn36ct36hhv","time":1609744431,"event":{"mods":["Act Like it!","BaseMod","Better Third Choice","Marisa????????","Minty Spire (QoL Compilation)","StSLib","The Runesmith"],"gold_per_floor":[116,216,229,242,255,285,297,320,332,363,406,437,449,493,505,622,634,634,559,559,559,559,559,559,559,559,559,559,559,559,559,559,559,559,559,559,559,559,559,559,559,559,559,559,559,559,559],"floor_reached":46,"playtime":8592,"items_purged":["NonDirectionalLaser"],"score":560,"play_id":"7508199c-7c96-42a3-94fe-5a54ad403085","local_time":"20210103231351","is_ascension_mode":false,"campfire_choices":[{"data":"TreasureHunter","floor":7.0,"key":"SMITH"},{"data":"FinalSpark","floor":15.0,"key":"SMITH"},{"data":"MagicChant","floor":27.0,"key":"SMITH"},{"data":"CollectingQuirk","floor":29.0,"key":"SMITH"},{"data":"1","floor":32.0,"key":"LIFT"},{"data":"MillisecondPulsars","floor":42.0,"key":"SMITH"},{"floor":45.0,"key":"RECALL"}],"circlet_count":1,"master_deck":["Strike_MRS","Strike_MRS","Strike_MRS","Strike_MRS","Defend_MRS","Defend_MRS","Defend_MRS","Defend_MRS","MasterSpark","UpSweep","TreasureHunter+1","MysteriousBeam","MachineGunSpark","DeepEcoloBomb","PowerUp","MagicChant+1","FinalSpark+1","Madness+1","GasGiant","MaximisePower","Acceleration","MagicAbsorber","MagicChant","CollectingQuirk+1","Madness","BlazeAway","MillisecondPulsars+1","GalacticHalo+1","OortCloud","Acceleration"],"relics":["MiniHakkero","Blue Candle","MawBank","BreadOfAWashokuLover","Matryoshka","Girya","Ectoplasm","Circlet","Smiling Mask","Bottled Lightning","Bag of Marbles","Dream Catcher","Gremlin Horn","Sozu","Prayer Wheel","CatCart","Bronze Scales","PreservedInsect","Thread and Needle","Happy Flower","Oddly Smooth Stone","Incense Burner","Gambling Chip","Meat on the Bone"],"acts_visited":[],"potions_floor_usage":[],"damage_taken":[{"damage":3.0,"enemies":"Gensokyo:2_Kodama","floor":1.0,"turns":3.0},{"damage":0.0,"enemies":"Gensokyo:Python","floor":3.0,"turns":2.0},{"damage":3.0,"enemies":"Gensokyo:3_Fairies","floor":4.0,"turns":4.0},{"damage":1.0,"enemies":"Gensokyo:Python_and_Kodama","floor":5.0,"turns":3.0},{"damage":13.0,"enemies":"Gensokyo:Aya","floor":6.0,"turns":4.0},{"damage":3.0,"enemies":"Gensokyo:Kitsune","floor":8.0,"turns":3.0},{"damage":10.0,"enemies":"Gensokyo:5_Fairies","floor":10.0,"turns":4.0},{"damage":0.0,"enemies":"Gensokyo:Cirno","floor":11.0,"turns":4.0},{"damage":0.0,"enemies":"Gensokyo:LivingMonolith","floor":12.0,"turns":3.0},{"damage":6.0,"enemies":"Gensokyo:Mamizou","floor":14.0,"turns":7.0},{"damage":2.0,"enemies":"Gensokyo:Reimu","floor":16.0,"turns":7.0},{"damage":18.0,"enemies":"Gensokyo:CosmicMonolith","floor":18.0,"turns":4.0},{"damage":7.0,"enemies":"Gensokyo:3_Dogs","floor":22.0,"turns":4.0},{"damage":8.0,"enemies":"Gensokyo:Tenshi","floor":23.0,"turns":2.0},{"damage":0.0,"enemies":"Gensokyo:3_Gloops","floor":24.0,"turns":3.0},{"damage":9.0,"enemies":"Gensokyo:Reisen","floor":25.0,"turns":5.0},{"damage":0.0,"enemies":"Gensokyo:Wraith","floor":31.0,"turns":4.0},{"damage":16.0,"enemies":"Gensokyo:Eiki","floor":33.0,"turns":4.0},{"damage":8.0,"enemies":"3 Darklings","floor":35.0,"turns":2.0},{"damage":0.0,"enemies":"2 Orb Walkers","floor":36.0,"turns":1.0},{"damage":1.0,"enemies":"3 Shapes","floor":38.0,"turns":2.0},{"damage":0.0,"enemies":"Orin","floor":39.0,"turns":3.0},{"damage":0.0,"enemies":"Reptomancer","floor":40.0,"turns":5.0},{"damage":3.0,"enemies":"Maw","floor":41.0,"turns":5.0},{"damage":0.0,"enemies":"4 Shapes","floor":44.0,"turns":1.0},{"damage":0.0,"enemies":"Mind Bloom Boss Battle","floor":46.0,"turns":4.0}],"seed_played":"-6420255373380239748","potions_obtained":[{"floor":3.0,"key":"Explosive Potion"},{"floor":6.0,"key":"AttackPotion"},{"floor":10.0,"key":"GamblersBrew"},{"floor":14.0,"key":"CultistPotion"},{"floor":16.0,"key":"SkillPotion"},{"floor":18.0,"key":"ColorlessPotion"},{"floor":22.0,"key":"DistilledChaos"},{"floor":25.0,"key":"SteroidPotion"},{"floor":33.0,"key":"Swift Potion"}],"is_trial":false,"path_per_floor":["M","?","M","M","M","E","R","M","T","M","E","M","?","E","R","B",null,"M","$","?","?","M","E","M","E","T","R","?","R","?","M","R","B",null,"M","?","?","M","?","E","M","R","T","M","R","?"],"character_chosen":"MARISA","items_purchased":[],"campfire_rested":0,"item_purchase_floors":[],"current_hp_per_floor":[65,65,65,62,61,48,48,45,45,35,35,35,35,31,31,29,68,50,50,50,50,43,35,35,27,27,27,27,27,27,27,27,45,68,60,60,60,59,59,59,56,56,56,56,56,56,56],"gold":559,"neow_bonus":"THREE_RARE_CARDS","is_daily":false,"chose_seed":false,"campfire_upgraded":5,"win_rate":0.0,"timestamp":1609744431,"path_taken":["M","?","M","M","?","E","R","M","T","M","E","M","?","E","R","BOSS","M","$","?","?","?","E","M","E","T","R","?","R","?","?","R","BOSS","M","?","?","?","?","E","M","R","T","M","R","?"],"items_purchased_type":[],"build_version":"2020-12-22","purchased_purges":1,"victory":false,"max_hp_per_floor":[68,68,68,68,68,68,68,68,68,68,68,68,68,68,68,68,68,68,68,68,68,68,68,68,68,68,68,68,68,68,68,68,68,68,68,68,68,68,68,68,68,68,68,68,68,68,68],"card_choices":[{"not_picked":["UltimateShortwave","SatelliteIllusion"],"picked":"TreasureHunter","floor":0.0},{"not_picked":["DC","StarlightTyphoon"],"picked":"NonDirectionalLaser","floor":1.0},{"not_picked":["DC","Acceleration"],"picked":"MysteriousBeam","floor":3.0},{"not_picked":["BlazeAway","Robbery"],"picked":"MachineGunSpark","floor":4.0},{"not_picked":["UnstableBomb","LuminesStrike","DC"],"picked":"SKIP","floor":5.0},{"not_picked":["Singularity","DragonMeteor"],"picked":"DeepEcoloBomb","floor":6.0},{"not_picked":["FairyDestructionRay","DC"],"picked":"PowerUp","floor":8.0},{"not_picked":["WitchOfGreed","AlicesGift"],"picked":"MagicChant","floor":10.0},{"not_picked":["MachineGunSpark","ShootingEcho"],"picked":"FinalSpark","floor":11.0},{"not_picked":["IllusionStar","NonDirectionalLaser","ShootingEcho"],"picked":"SKIP","floor":12.0},{"not_picked":["Acceleration","GravityBeat"],"picked":"GasGiant","floor":14.0},{"not_picked":["StarDustReverie","CasketOfStar"],"picked":"MaximisePower","floor":16.0},{"not_picked":["GravityBeat","AlicesGift+1"],"picked":"Acceleration","floor":18.0},{"not_picked":["MysteriousBeam","StarBarrage","WitchLeyline"],"picked":"SKIP","floor":22.0},{"not_picked":["SporeBomb","ShootingEcho","SuperNova"],"picked":"SKIP","floor":23.0},{"not_picked":["WitchOfGreed","Orbital"],"picked":"MagicChant","floor":24.0},{"not_picked":["PowerUp","Singularity"],"picked":"CollectingQuirk","floor":25.0},{"not_picked":["WitchLeyline","MysteriousBeam+1","WitchOfGreed"],"picked":"SKIP","floor":31.0},{"not_picked":[],"picked":"Gensokyo:ShootingStar","floor":33.0},{"not_picked":["ChargingUp","DC+1"],"picked":"BlazeAway","floor":35.0},{"not_picked":["OortCloud","FairyDestructionRay"],"picked":"MillisecondPulsars","floor":38.0},{"not_picked":["MilkyWay+1","SuperPerseids","UnstableBomb"],"picked":"SKIP","floor":38.0},{"not_picked":["GrandCross+1","ShootingEcho"],"picked":"GalacticHalo+1","floor":39.0},{"not_picked":["EarthLightRay+1","SuperPerseids"],"picked":"OortCloud","floor":40.0},{"not_picked":["DoubleSpark+1","DC+1","MilkyWay"],"picked":"SKIP","floor":41.0},{"not_picked":["UnstableBomb+1","SprinkleStarSeal","RefractionSpark"],"picked":"SKIP","floor":41.0},{"not_picked":["PowerUp+1","NonDirectionalLaser"],"picked":"Acceleration","floor":44.0},{"not_picked":["NonDirectionalLaser+1","AsteroidBelt","LuminesStrike"],"picked":"SKIP","floor":44.0}],"player_experience":1231670,"relics_obtained":[{"floor":6.0,"key":"Blue Candle"},{"floor":6.0,"key":"MawBank"},{"floor":9.0,"key":"BreadOfAWashokuLover"},{"floor":11.0,"key":"Matryoshka"},{"floor":14.0,"key":"Girya"},{"floor":23.0,"key":"Smiling Mask"},{"floor":23.0,"key":"Bottled Lightning"},{"floor":25.0,"key":"Bag of Marbles"},{"floor":25.0,"key":"Dream Catcher"},{"floor":26.0,"key":"Gremlin Horn"},{"floor":36.0,"key":"Prayer Wheel"},{"floor":39.0,"key":"CatCart"},{"floor":39.0,"key":"Bronze Scales"},{"floor":40.0,"key":"PreservedInsect"},{"floor":40.0,"key":"Thread and Needle"},{"floor":43.0,"key":"Happy Flower"},{"floor":43.0,"key":"Oddly Smooth Stone"},{"floor":46,"key":"Incense Burner"},{"floor":46,"key":"Gambling Chip"},{"floor":46,"key":"Meat on the Bone"}],"event_choices":[{"damage_healed":0.0,"max_hp_gain":0.0,"max_hp_loss":0.0,"gold_gain":0.0,"event_name":"Mysterious Sphere","player_choice":"Fight","floor":36.0,"gold_loss":0.0,"damage_taken":0.0},{"damage_healed":0.0,"max_hp_gain":0.0,"max_hp_loss":0.0,"gold_gain":0.0,"event_name":"Match and Keep!","player_choice":"0 cards matched","floor":37.0,"gold_loss":0.0,"damage_taken":0.0,"cards_obtained":[]},{"damage_healed":0.0,"max_hp_gain":0.0,"max_hp_loss":0.0,"gold_gain":0.0,"event_name":"OrinTheCat","player_choice":"Fight","floor":39.0,"gold_loss":0.0,"damage_taken":0.0},{"damage_healed":0.0,"max_hp_gain":0.0,"max_hp_loss":0.0,"gold_gain":0.0,"event_name":"MindBloom","player_choice":"Fight","floor":46.0,"gold_loss":0.0,"damage_taken":0.0}],"is_beta":false,"boss_relics":[{"not_picked":["Runic Pyramid","Velvet Choker"],"picked":"Ectoplasm"},{"not_picked":["Pandora\u0027s Box","Fusion Hammer"],"picked":"Sozu"}],"items_purged_floors":[19],"is_endless":false,"potions_floor_spawned":[3,6,10,14,16,18,22,25,31,33,36,38,41,46],"ascension_level":0}}