{"host":"2he95iptrbxkejc1","time":1609794874,"event":{"mods":["AchievementEnabler","BaseMod","Colored Powertips","Hermit","Infinite Spire","Marisa????????","Minty Spire (QoL Compilation)","Random Character Mod","Replay The Spire","StSLib","The Cursed","The Hierophant","The Marked","The Mystic","The Poker Player","The Runesmith","The Servant 0.9.4"],"gold_per_floor":[118,138,155,5,180,209,40,40,67,67,83,100,100,111,111,208,208,228,242,260,46,0,14,14,14],"floor_reached":24,"playtime":1631,"items_purged":["TheCursedMod:Defend_TheCursed","TheCursedMod:Strike_TheCursed"],"score":250,"play_id":"a0735f3d-8b00-4f79-8cd9-428759a85cf6","local_time":"20210104211434","is_ascension_mode":false,"campfire_choices":[{"data":"TheCursedMod:EmpowerCircles","floor":8,"key":"SMITH"},{"data":"TheCursedMod:HellsGateOpen","floor":10,"key":"SMITH"},{"data":"TheCursedMod:CleanUpWorkshop","floor":15,"key":"SMITH"}],"circlet_count":0,"master_deck":["TheCursedMod:Strike_TheCursed","TheCursedMod:Strike_TheCursed+1","TheCursedMod:Strike_TheCursed","TheCursedMod:Defend_TheCursed","TheCursedMod:Defend_TheCursed","TheCursedMod:Defend_TheCursed","TheCursedMod:CursedWand","TheCursedMod:CleanUpWorkshop+1","TheCursedMod:Dregs","TheCursedMod:CircleOfFlame","TheCursedMod:CircleOfCorruption","TheCursedMod:SurpriseAttack+1","TheCursedMod:HellsGateOpen+1","Doubt","TheCursedMod:EmpowerCircles+1","TheCursedMod:SpitefulPlan","TheCursedMod:SurpriseAttack","CurseOfTheBell","TheCursedMod:SurpriseAttack+1","TheCursedMod:CursedShiv","TheCursedMod:ReleasedStrength","Replay:Dark Deal","TheCursedMod:Hemoplague","TheCursedMod:CollectTribute"],"relics":["TheCursedMod:BlackMagic101","Ancient Tea Set","Whetstone","Calling Bell","Bronze Scales","Onion Ring","TheCursedMod:MagicCandle"],"acts_visited":["Exordium","TheCity"],"potions_floor_usage":[6,16,19,23,24],"damage_taken":[{"damage":0,"enemies":"2 Louse","floor":1,"turns":4},{"damage":3,"enemies":"Jaw Worm","floor":2,"turns":2},{"damage":0,"enemies":"Cultist","floor":3,"turns":3},{"damage":15,"enemies":"Lagavulin","floor":6,"turns":6},{"damage":0,"enemies":"Large Slime","floor":11,"turns":3},{"damage":10,"enemies":"3 Louse","floor":12,"turns":3},{"damage":14,"enemies":"Gremlin Gang","floor":14,"turns":4},{"damage":0,"enemies":"Slime Boss","floor":16,"turns":5},{"damage":22,"enemies":"2 Thieves","floor":18,"turns":3},{"damage":1,"enemies":"Shell Parasite","floor":19,"turns":3},{"damage":29,"enemies":"Snecko","floor":20,"turns":5},{"damage":18,"enemies":"Snake Plant","floor":23,"turns":3},{"damage":13,"enemies":"3 Cultists","floor":24,"turns":3}],"seed_played":"3874595449789494642","potions_obtained":[{"floor":2,"key":"Weak Potion"},{"floor":14,"key":"Strength Potion"},{"floor":16,"key":"Block Potion"},{"floor":18,"key":"Elixir"},{"floor":20,"key":"Adrenaline Potion"},{"floor":23,"key":"Adrenaline Potion"}],"is_trial":false,"path_per_floor":["M","M","M","$","?","E","$","R","T","R","M","M","?","M","R","B",null,"M","M","M","$","?","M","M"],"character_chosen":"THE_CURSED","items_purchased":["TheCursedMod:HellsGateOpen","TheCursedMod:EmpowerCircles","Replay:Dark Deal","TheCursedMod:Hemoplague"],"campfire_rested":0,"item_purchase_floors":[4,7,21,21],"current_hp_per_floor":[82,79,79,79,79,64,64,64,64,64,64,54,54,40,40,40,82,60,59,30,30,30,12,0,0],"gold":14,"neow_bonus":"TEN_PERCENT_HP_BONUS","is_daily":false,"chose_seed":false,"campfire_upgraded":3,"win_rate":0.0,"timestamp":1609794874,"path_taken":["M","M","M","$","?","E","$","R","T","R","M","M","?","M","R","BOSS","M","M","M","$","?","M","M"],"items_purchased_type":["Card","Card","Card","Card"],"build_version":"2020-12-22","purchased_purges":2,"victory":false,"max_hp_per_floor":[82,82,82,82,82,82,82,82,82,82,82,82,82,82,82,82,82,82,82,82,82,82,82,82,82],"card_choices":[{"not_picked":["TheCursedMod:Stigma","TheCursedMod:Obscuration"],"picked":"TheCursedMod:CircleOfFlame","floor":1},{"not_picked":["TheCursedMod:ShockAndAwe","TheCursedMod:CircleOfFlame"],"picked":"TheCursedMod:CircleOfCorruption","floor":2},{"not_picked":["TheCursedMod:RapidMovement","TheCursedMod:ReleasedKnowledge"],"picked":"TheCursedMod:SurpriseAttack","floor":3},{"not_picked":["TheCursedMod:CursedBlade","TheCursedMod:VitalStrike","TheCursedMod:HellsGateOpen"],"picked":"SKIP","floor":6},{"not_picked":["TheCursedMod:RapidMovement","TheCursedMod:HellsGateOpen"],"picked":"TheCursedMod:SpitefulPlan","floor":11},{"not_picked":["TheCursedMod:Torture","TheCursedMod:CircleOfCorruption","TheCursedMod:DoubleShield"],"picked":"SKIP","floor":12},{"not_picked":["TheCursedMod:FuryStrike","TheCursedMod:CursedSpellbook"],"picked":"TheCursedMod:SurpriseAttack","floor":14},{"not_picked":["TheCursedMod:RavingStaff","TheCursedMod:Obscuration+1"],"picked":"TheCursedMod:SurpriseAttack+1","floor":18},{"not_picked":["TheCursedMod:CursedStaff","TheCursedMod:CursedBoomerang"],"picked":"TheCursedMod:CursedShiv","floor":19},{"not_picked":["TheCursedMod:CursedBlade","TheCursedMod:SmokeScreen"],"picked":"TheCursedMod:ReleasedStrength","floor":20},{"not_picked":["TheCursedMod:WearCloak","TheCursedMod:RavingStaff+1"],"picked":"TheCursedMod:CollectTribute","floor":23}],"player_experience":56197,"relics_obtained":[{"floor":6,"key":"Ancient Tea Set"},{"floor":9,"key":"Whetstone"},{"floor":17,"key":"Bronze Scales"},{"floor":17,"key":"Onion Ring"},{"floor":17,"key":"TheCursedMod:MagicCandle"}],"event_choices":[{"damage_healed":0,"gold_gain":175,"player_choice":"AGREE","damage_taken":0,"max_hp_gain":0,"max_hp_loss":0,"event_name":"Liars Game","floor":5,"gold_loss":0,"cards_obtained":["Doubt"]},{"damage_healed":0,"gold_gain":0,"player_choice":"Paid Fearfully","damage_taken":0,"max_hp_gain":0,"max_hp_loss":0,"event_name":"Masked Bandits","floor":22,"gold_loss":46}],"is_beta":false,"boss_relics":[{"not_picked":["infinitespire:Cupcake","Runesmith:UraniumAnvil"],"picked":"Calling Bell"}],"items_purged_floors":[4,7],"is_endless":false,"potions_floor_spawned":[2,14,16,18,20,23],"killed_by":"3 Cultists","ascension_level":0}}