{"host":"a1u4jo6xlg3w0wsm","time":1609738966,"event":{"mods":["BaseMod","Better Third Choice","DeckTracker","Downfall","Hermit","Hubris","Minty Spire (QoL Compilation)","Replay The Spire","StSLib"],"gold_per_floor":[99,99,249,249,349,384,436,450,483,483,500,514,514,21,40,138,138,138,153,153,253,253,281,305,322,322,24,38,73,73,73,73],"floor_reached":31,"playtime":2392,"items_purged":["Slimebound:Icky"],"score":371,"play_id":"73fb9121-18d2-4380-82dc-8a92054725d7","local_time":"20210104184246","is_ascension_mode":true,"campfire_choices":[{"data":"hermit:Snapshot","floor":1.0,"key":"SMITH"},{"data":"hermit:ShadowCloak","floor":10.0,"key":"SMITH"},{"floor":13.0,"key":"REST"},{"data":"hermit:Gestalt","floor":18.0,"key":"SMITH"},{"floor":26.0,"key":"REST"}],"circlet_count":0,"master_deck":["hermit:Strike_Hermit","hermit:Strike_Hermit","hermit:Strike_Hermit","hermit:Strike_Hermit","hermit:Defend_Hermit","hermit:Defend_Hermit","hermit:Snapshot+1","hermit:Covet","hermit:EyeOfTheStorm","hermit:Dive","hermit:CalledShot","Pot Of Greed","Pot Of Greed","hermit:ShadowCloak+1","hermit:Determination+1","hermit:Grudge","hermit:Gestalt","hermit:Dive","hermit:Gestalt+1","hermit:Dissolve","hermit:FullyLoaded","J.A.X.","hermit:Spite","Pot Of Greed","hermit:FullyLoaded","hermit:Enervate","hermit:Misfire","hermit:SprayPray+1","hermit:Deadeye","hermit:ShadowCloak","hubris:Lust","hermit:Determination+1","hermit:EternalForm","hermit:Grudge","hermit:Strike_Hermit"],"relics":["hermit:Momento","downfall:HeartsMalice","Potion Belt","Grinning Jar","ReplayTheSpireMod:TigerMarble","Replay:Bottled Eggs","Pear","Painkiller Herb","Nilry\u0027s Codex","MutagenicStrength","hubris:Towel","Singing Bowl","Anchor","ReplayTheSpireMod:CursedCoin","Lantern","hubris:BottledRain","Blood Vial"],"acts_visited":["Exordium","TheCity"],"potions_floor_usage":[28,28],"damage_taken":[{"damage":0.0,"enemies":"Small Slimes","floor":2.0,"turns":1.0},{"damage":0.0,"enemies":"Jaw Worm","floor":4.0,"turns":1.0},{"damage":0.0,"enemies":"downfall:LadyInBlue","floor":5.0,"turns":1.0},{"damage":19.0,"enemies":"3 Sentries","floor":6.0,"turns":8.0},{"damage":0.0,"enemies":"Cultist","floor":8.0,"turns":2.0},{"damage":12.0,"enemies":"Gremlin Nob","floor":9.0,"turns":3.0},{"damage":7.0,"enemies":"Large Slime","floor":11.0,"turns":3.0},{"damage":7.0,"enemies":"Red Slaver","floor":12.0,"turns":2.0},{"damage":11.0,"enemies":"downfall:FleeingMerchant","floor":14.0,"turns":4.0},{"damage":2.0,"enemies":"Exordium Thugs","floor":15.0,"turns":3.0},{"damage":25.0,"enemies":"downfall:Defect","floor":16.0,"turns":6.0},{"damage":1.0,"enemies":"3 Byrds","floor":19.0,"turns":7.0},{"damage":4.0,"enemies":"downfall:Augmenter","floor":21.0,"turns":6.0},{"damage":32.0,"enemies":"Replay:Snechameleon","floor":23.0,"turns":6.0},{"damage":1.0,"enemies":"Spheric Guardian","floor":25.0,"turns":3.0},{"damage":9.0,"enemies":"downfall:FleeingMerchant","floor":27.0,"turns":4.0},{"damage":34,"enemies":"Snake Plant","floor":28,"turns":4},{"damage":18,"enemies":"Gremlin Leader","floor":29,"turns":6},{"damage":0,"enemies":"Snecko","floor":31,"turns":1}],"seed_played":"-7337617594536698144","potions_obtained":[{"floor":5.0,"key":"SteroidPotion"},{"floor":5.0,"key":"Strength Potion"},{"floor":5.0,"key":"Fire Potion"},{"floor":6.0,"key":"EssenceOfSteel"},{"floor":9.0,"key":"Fire Potion"},{"floor":12.0,"key":"Explosive Potion"},{"floor":15.0,"key":"SneckoOil"},{"floor":23.0,"key":"Reflective Coating"},{"floor":25.0,"key":"SneckoOil"},{"floor":28,"key":"Ancient Potion"},{"floor":29,"key":"DuplicationPotion"}],"is_trial":false,"path_per_floor":["R","M","?","M","?","E","T","M","E","R","M","M","R","$","M","B",null,"T","?","?","?","?","E","T","?","T","T","?","E","?","?"],"character_chosen":"HERMIT","items_purchased":["Fruit Juice","Explosive Potion","Pear","hermit:ShadowCloak","ReplayTheSpireMod:CursedCoin","Lantern","hubris:BottledRain"],"campfire_rested":2,"item_purchase_floors":[14,14,14,27,27,27,27],"current_hp_per_floor":[75,75,75,75,75,56,56,56,44,44,37,30,52,56,58,33,90,90,89,73,69,69,37,37,36,63,54,22,4,4,6,6],"gold":73,"neow_bonus":"THREE_ENEMY_KILL","is_daily":false,"chose_seed":false,"campfire_upgraded":3,"win_rate":0.0,"timestamp":1609738966,"path_taken":["R","M","?","M","?","E","T","M","E","R","?","M","R","$","M","BOSS","T","?","?","?","?","E","T","?","T","T","?","E","?","?"],"items_purchased_type":["Potion","Potion","Relic","Card","Relic","Relic","Relic"],"build_version":"2020-12-13","purchased_purges":1,"victory":false,"max_hp_per_floor":[75,75,75,75,75,75,75,75,75,75,75,75,75,90,90,90,90,90,90,90,90,90,90,90,90,90,90,92,92,92,92,92],"card_choices":[{"not_picked":["hermit:HoleUp","hermit:Vantage"],"picked":"hermit:EyeOfTheStorm","floor":2.0},{"not_picked":["hermit:Coalescence","hermit:DeadMansHand"],"picked":"hermit:Dive","floor":4.0},{"not_picked":["hermit:HighCaliber","hermit:Manifest"],"picked":"hermit:CalledShot","floor":5.0},{"not_picked":["hermit:Desperado","hermit:Feint"],"picked":"hermit:ShadowCloak","floor":6.0},{"not_picked":["hermit:WideOpen","hermit:Manifest"],"picked":"hermit:Determination","floor":8.0},{"not_picked":["hermit:Snipe","hermit:Virtue"],"picked":"hermit:Grudge","floor":9.0},{"not_picked":["hermit:RoundhouseKick","hermit:Snipe"],"picked":"hermit:Gestalt","floor":11.0},{"not_picked":["hermit:BodyArmor","hermit:ItchyTrigger"],"picked":"hermit:Dive","floor":12.0},{"not_picked":["hermit:Grudge","hermit:HighCaliber","hermit:Manifest"],"picked":"SKIP","floor":14.0},{"not_picked":["hermit:HoleUp","hermit:Quickdraw"],"picked":"hermit:Gestalt","floor":15.0},{"not_picked":["hermit:BlackWind","hermit:Gambit"],"picked":"hermit:Dissolve","floor":16.0},{"not_picked":["hermit:PistolWhip","hermit:ItchyTrigger"],"picked":"hermit:FullyLoaded","floor":19.0},{"not_picked":[],"picked":"J.A.X.","floor":21.0},{"not_picked":["hermit:Dive","hermit:LuckOfTheDraw"],"picked":"hermit:Spite","floor":21.0},{"not_picked":["hermit:Midnight+1","hermit:BodyArmor"],"picked":"hermit:Misfire","floor":23.0},{"not_picked":["hermit:BodyArmor","hermit:EternalForm"],"picked":"hermit:SprayPray+1","floor":25.0},{"not_picked":["hermit:Manifest","hermit:DeadMansHand"],"picked":"hermit:Deadeye","floor":27.0},{"not_picked":["hermit:LowProfile","hermit:Manifest","hermit:Headshot"],"picked":"Singing Bowl","floor":28},{"not_picked":["hermit:EyeOfTheStorm","hermit:Manifest+1"],"picked":"hermit:Determination","floor":29}],"player_experience":297746,"relics_obtained":[{"floor":5.0,"key":"Potion Belt"},{"floor":6.0,"key":"Grinning Jar"},{"floor":7.0,"key":"ReplayTheSpireMod:TigerMarble"},{"floor":9.0,"key":"Replay:Bottled Eggs"},{"floor":20.0,"key":"Nilry\u0027s Codex"},{"floor":21.0,"key":"MutagenicStrength"},{"floor":23.0,"key":"Singing Bowl"},{"floor":24.0,"key":"Anchor"},{"floor":29,"key":"Blood Vial"}],"event_choices":[],"is_beta":false,"boss_relics":[{"not_picked":["Sozu","Coffee Dripper"],"picked":"Painkiller Herb"}],"items_purged_floors":[14],"is_endless":false,"potions_floor_spawned":[6,9,12,15,23,25,28,29],"killed_by":"Snecko","ascension_level":3}}