{"host":"ixtszv54kd1m8623","time":1609730982,"event":{"mods":["Act Like it!","Aspiration","Bard","BaseMod","Beaked The Cultist","ChefMod","Colored Map","Colored Powertips","Conspire","Downfall","Duelist Mod","Gensokyo","GifTheSpireLib","Halation","Hermit","Hubris","Infinite Spire","Jorbs\u0027s Wanderer Trilogy","Lobotomy","Minty Spire (QoL Compilation)","Replay The Spire","Robot Space Explorer","Shade Mod","StSLib","The Animator","The Blackbeard","The Bug Knight","The Cursed","The Disciple","The Dragon Tamer","The Marked","The Runesmith","The Servant 0.9.4"],"gold_per_floor":[145,155,155,175,194,194,194,211,237,315,315,315,335,358,358,482,482,507,422,422,436,67,67,67],"floor_reached":23,"playtime":1295,"items_purged":[],"score":183,"play_id":"703927cb-e2d2-4a24-bb9b-03961d9f3ab2","local_time":"20210103192942","is_ascension_mode":false,"campfire_choices":[{"data":"theDuelist:BlizzardDragon","floor":6,"key":"SMITH"},{"floor":12,"key":"REST"},{"data":"theDuelist:CyberDragonNachster","floor":15,"key":"SMITH"}],"circlet_count":0,"master_deck":["theDuelist:BabyDragon","theDuelist:CastleWalls","theDuelist:CastleWalls","theDuelist:CaveDragon","theDuelist:CaveDragon","theDuelist:LesserDragon","theDuelist:LesserDragon","theDuelist:Sparks","theDuelist:Sparks","theDuelist:YamataDragon","theDuelist:ArmedProtectorDragon","theDuelist:ArmageddonDragonEmp","theDuelist:MirageDragon","theDuelist:BlueEyes","theDuelist:BlizzardDragon+1","theDuelist:BusterBlader","theDuelist:Raigeki","Injury","theDuelist:CyberDragonNachster+1","theDuelist:TailSwipe","theDuelist:BSkullDragon","TheCursedMod:Dregs","theDuelist:DragonMastery","expansioncontent:LastStand","infinitespire:SealOfDarkness+","theDuelist:BusterDrake","theDuelist:FrostflameDragon","theDuelist:SnowdustDragon"],"relics":["theDuelist:MillenniumPuzzle","theDuelist:CardPoolRelic","theDuelist:CardPoolBasicRelic","theDuelist:BoosterPackPoolRelic","theDuelist:CardPoolAddRelic","theDuelist:CardPoolMinusRelic","theDuelist:CardPoolSaveRelic","theDuelist:CardPoolOptionsRelic","ReplayTheSpireMod:Ring of Collecting","ReplayTheSpireMod:Ring of Addiction","Toy Ornithopter","Chameleon Ring","Ring of Fury","ReplayFunnel","Golden Idol","ReplayTheSpireMod:SealedPack","aspiration:EmptySkull","Runesmith:Locket","aspiration:RitualStick","Toxic Egg 2"],"acts_visited":["Exordium","TheCity"],"potions_floor_usage":[8,13,16],"damage_taken":[{"damage":1,"enemies":"Small Slimes","floor":1,"turns":3},{"damage":0,"enemies":"Cultist","floor":2,"turns":4},{"damage":0,"enemies":"2 Louse","floor":4,"turns":1},{"damage":4,"enemies":"Large Slime","floor":5,"turns":2},{"damage":4,"enemies":"Exordium Thugs","floor":8,"turns":3},{"damage":6,"enemies":"Looter","floor":13,"turns":2},{"damage":0,"enemies":"Large Slime","floor":14,"turns":3},{"damage":10,"enemies":"Fading Forest","floor":16,"turns":11},{"damage":8,"enemies":"3 Byrds","floor":18,"turns":6},{"damage":26,"enemies":"2 Thieves","floor":21,"turns":3},{"damage":29,"enemies":"Gremlin Leader","floor":23,"turns":2}],"seed_played":"-5900656305287240409","potions_obtained":[{"floor":2,"key":"theDuelist:TributeBottle"},{"floor":3,"key":"theDuelist:FusionPotion"},{"floor":3,"key":"theDuelist:DragonfirePotion"},{"floor":7,"key":"theDuelist:FireBottle"},{"floor":8,"key":"Weak Potion"},{"floor":16,"key":"Swift Potion"},{"floor":21,"key":"theDuelist:ElectricPotion"}],"is_trial":false,"path_per_floor":["M","M","?","M","M","R","?","M","T","?","?","R","M","M","R","B",null,"M","?","?","M","$","E"],"character_chosen":"THE_DUELIST","items_purchased":["Toxic Egg 2","theDuelist:SnowdustDragon","theDuelist:WhiteBottle"],"campfire_rested":1,"item_purchase_floors":[22,22,22],"current_hp_per_floor":[79,79,79,79,75,75,75,76,76,44,44,67,66,66,66,68,78,70,70,55,29,29,0,0],"gold":67,"neow_bonus":"ONE_RANDOM_RARE_CARD","is_daily":false,"chose_seed":false,"campfire_upgraded":2,"win_rate":0.0,"timestamp":1609730982,"path_taken":["M","M","?","?","M","R","?","M","T","?","?","R","M","M","R","BOSS","M","?","?","M","$","E"],"items_purchased_type":["Relic","Card","Potion"],"build_version":"2020-12-22","purchased_purges":0,"victory":false,"max_hp_per_floor":[80,80,80,80,80,80,80,80,80,80,80,78,78,78,78,78,78,78,78,76,76,76,74,74],"card_choices":[{"not_picked":["theDuelist:WingedDragonRa","theDuelist:SeismicShockwave","theDuelist:ArmedProtectorDragon","theDuelist:GravityLash"],"picked":"theDuelist:ArmageddonDragonEmp","floor":1},{"not_picked":["theDuelist:YamataDragon","theDuelist:DarkHorus","theDuelist:CyberValley","theDuelist:BlackStego"],"picked":"theDuelist:MirageDragon","floor":2},{"not_picked":["theDuelist:InfernityDoomDragon","theDuelist:Carboneddon","theDuelist:AquaDolphin","theDuelist:AutorokketDragon"],"picked":"theDuelist:BlueEyes","floor":4},{"not_picked":["theDuelist:RedEyes","theDuelist:GuardragonJusticia","theDuelist:BusterDrake","theDuelist:CyberRevsystem"],"picked":"theDuelist:BlizzardDragon","floor":5},{"not_picked":["theDuelist:Kabazauls","theDuelist:CyberValley","theDuelist:SphereChaos","theDuelist:DragonPiper"],"picked":"theDuelist:BusterBlader","floor":8},{"not_picked":["theDuelist:Hinotama","theDuelist:LightningDarts","theDuelist:SmashingGround","theDuelist:ForbiddenLance"],"picked":"theDuelist:Raigeki","floor":10},{"not_picked":["theDuelist:BlackStego","theDuelist:SilverDragon","theDuelist:Earthquake","theDuelist:BusterDrake"],"picked":"theDuelist:CyberDragonNachster","floor":13},{"not_picked":["theDuelist:GaiaDragonChamp","theDuelist:DefensiveTactics","theDuelist:ArmedProtectorDragon","theDuelist:GravityLash"],"picked":"theDuelist:TailSwipe","floor":14},{"not_picked":["theDuelist:SurvivalFittest","theDuelist:Scapegoat","theDuelist:DragonMastery","theDuelist:DoomkaiserDragon"],"picked":"theDuelist:BSkullDragon","floor":16},{"not_picked":["TheCursedMod:CleanUpWorkshop","RobotSpaceExplorer:Scan"],"picked":"RobotSpaceExplorer:LuckyFind","floor":17},{"not_picked":["theDuelist:GaiaDragonChamp","theDuelist:CyberDragonInfinity"],"picked":"theDuelist:DragonMastery","floor":17},{"not_picked":["ReplayTheSpireMod:Uncanny Aura","Swift Strike"],"picked":"expansioncontent:LastStand","floor":17},{"not_picked":["infinitespire:TheBestDefense","infinitespire:Gouge"],"picked":"infinitespire:SealOfDarkness+","floor":17},{"not_picked":["theDuelist:BlackPtera+1","theDuelist:AncientPixieDragon","theDuelist:Anthrosaurus","theDuelist:JurassicImpact"],"picked":"theDuelist:BusterDrake","floor":18},{"not_picked":["theDuelist:InfernityDoomDragon","theDuelist:Destroyersaurus","theDuelist:GuardragonJusticia","theDuelist:AutorokketDragon"],"picked":"theDuelist:FrostflameDragon","floor":21}],"player_experience":165501,"relics_obtained":[{"floor":7,"key":"ReplayTheSpireMod:Ring of Collecting"},{"floor":7,"key":"ReplayTheSpireMod:Ring of Addiction"},{"floor":7,"key":"Toy Ornithopter"},{"floor":7,"key":"Chameleon Ring"},{"floor":9,"key":"Ring of Fury"},{"floor":9,"key":"ReplayFunnel"},{"floor":18,"key":"aspiration:EmptySkull"}],"event_choices":[{"damage_healed":0,"gold_gain":0,"player_choice":"Got Potions","damage_taken":0,"max_hp_gain":0,"max_hp_loss":0,"event_name":"Lab","floor":3,"gold_loss":0},{"damage_healed":0,"gold_gain":0,"player_choice":"Take Wound","damage_taken":0,"relics_obtained":["Golden Idol"],"max_hp_gain":0,"max_hp_loss":0,"event_name":"Golden Idol","floor":11,"gold_loss":0,"cards_obtained":["Injury"]},{"damage_healed":0,"gold_gain":0,"player_choice":"Obtained Relic","damage_taken":0,"relics_obtained":["Runesmith:Locket"],"max_hp_gain":0,"max_hp_loss":0,"event_name":"Addict","floor":19,"gold_loss":85}],"is_beta":false,"boss_relics":[{"not_picked":["beaked:MawFillet","halation:Risk"],"picked":"ReplayTheSpireMod:SealedPack"}],"items_purged_floors":[],"is_endless":false,"potions_floor_spawned":[2,4,8,16,21],"killed_by":"Gremlin Leader","ascension_level":0}}