{"host":"11728qvdvolffudn","time":1609776654,"event":{"mods":["BaseMod","Block Reminder","Colored Powertips","Custom Start","Displayed Cursed Tome","Highlight Path","Minty Spire (QoL Compilation)","Permanent Neow","Quick Restart","Rare Cards Sparkle","Relic Stats"],"gold_per_floor":[117,117,131,84,60,60,60,60,87,87,100,100,112,122,122,222,222,193,205,219,318,337,337,337,337],"floor_reached":24,"playtime":1104,"items_purged":[],"score":188,"play_id":"1c1ca0bc-d52a-4380-a123-e2b78b868d18","local_time":"20210104161054","is_ascension_mode":false,"campfire_choices":[{"data":"Flex","floor":6,"key":"SMITH"},{"data":"Flex","floor":8,"key":"SMITH"},{"data":"Rampage","floor":10,"key":"SMITH"},{"data":"Bash","floor":15,"key":"SMITH"},{"data":"Limit Break","floor":23,"key":"SMITH"}],"circlet_count":0,"master_deck":["Strike_R","Strike_R","Defend_R","Defend_R","Defend_R","Defend_R","Bash+1","Flex+1","Rampage+1","Cleave","Flex+1","Armaments","Shrug It Off","Limit Break+1","Battle Trance","Dropkick","Cleave"],"relics":["Burning Blood","Omamori","Art of War","Empty Cage"],"acts_visited":["Exordium","TheCity"],"potions_floor_usage":[16,16,22],"damage_taken":[{"damage":9,"enemies":"2 Louse","floor":1,"turns":2},{"damage":6,"enemies":"Cultist","floor":3,"turns":3},{"damage":6,"enemies":"Jaw Worm","floor":11,"turns":4},{"damage":15,"enemies":"Exordium Wildlife","floor":13,"turns":5},{"damage":4,"enemies":"2 Fungi Beasts","floor":14,"turns":3},{"damage":17,"enemies":"Slime Boss","floor":16,"turns":9},{"damage":28,"enemies":"2 Thieves","floor":18,"turns":5},{"damage":14,"enemies":"Spheric Guardian","floor":19,"turns":5},{"damage":25,"enemies":"Centurion and Healer","floor":20,"turns":5},{"damage":35,"enemies":"Shelled Parasite and Fungi","floor":22,"turns":6},{"damage":0,"enemies":"Snecko","floor":24,"turns":3}],"seed_played":"-8617273950454076197","potions_obtained":[{"floor":13,"key":"Swift Potion"},{"floor":14,"key":"Energy Potion"},{"floor":20,"key":"FairyPotion"},{"floor":22,"key":"EntropicBrew"}],"is_trial":false,"path_per_floor":["M","?","M","$","$","R","$","R","T","R","M","?","M","M","R","B",null,"M","M","M","?","M","R","M"],"character_chosen":"IRONCLAD","items_purchased":["Flex","Armaments"],"campfire_rested":0,"item_purchase_floors":[4,5],"current_hp_per_floor":[77,77,77,77,77,77,77,77,77,77,77,65,56,58,58,47,80,58,50,31,31,28,28,28,28],"gold":337,"neow_bonus":"THREE_CARDS","is_daily":false,"chose_seed":false,"campfire_upgraded":5,"win_rate":0.0,"timestamp":1609776654,"path_taken":["M","?","M","?","$","R","$","R","T","R","M","?","M","?","R","BOSS","M","M","M","?","M","R","M"],"items_purchased_type":["Card","Card"],"build_version":"2020-12-22","purchased_purges":0,"victory":false,"max_hp_per_floor":[80,80,80,80,80,80,80,80,80,80,80,80,80,80,80,80,80,80,80,80,80,80,80,80,80],"relic_stats":{"counters":[11,50],"Art of War":[3],"obtain_stats":[{"Omamori":9,"Art of War":12,"Empty Cage":17,"Burning Blood":0},{"Omamori":2,"Art of War":3,"Empty Cage":6,"Burning Blood":0},{"Omamori":5,"Art of War":9,"Empty Cage":26,"Burning Blood":0}],"Burning Blood":60},"card_choices":[{"not_picked":["Iron Wave","Wild Strike"],"picked":"Flex","floor":0},{"not_picked":["Pommel Strike","Blood for Blood"],"picked":"Rampage","floor":1},{"not_picked":["Wild Strike","Pommel Strike"],"picked":"Cleave","floor":3},{"not_picked":["Anger","Impervious","Wild Strike"],"picked":"SKIP","floor":11},{"not_picked":["Blood for Blood","Sword Boomerang","True Grit"],"picked":"SKIP","floor":13},{"not_picked":["True Grit","Body Slam"],"picked":"Shrug It Off","floor":14},{"not_picked":["Double Tap","Berserk"],"picked":"Limit Break","floor":16},{"not_picked":["Body Slam+1","Shrug It Off"],"picked":"Battle Trance","floor":18},{"not_picked":["Power Through","Reckless Charge","Entrench+1"],"picked":"SKIP","floor":19},{"not_picked":["Iron Wave+1","Twin Strike"],"picked":"Dropkick","floor":20},{"not_picked":["Wild Strike","Dropkick"],"picked":"Cleave","floor":22}],"player_experience":67137,"relics_obtained":[{"floor":9,"key":"Omamori"}],"event_choices":[{"cards_removed":["Strike_R"],"damage_healed":0,"gold_gain":0,"player_choice":"Offered Basic","damage_taken":0,"max_hp_gain":0,"max_hp_loss":0,"event_name":"Bonfire Elementals","floor":2,"gold_loss":0},{"damage_healed":0,"gold_gain":0,"player_choice":"Success","damage_taken":12,"relics_obtained":["Art of War"],"max_hp_gain":0,"max_hp_loss":0,"event_name":"Scrap Ooze","floor":12,"gold_loss":0},{"damage_healed":0,"gold_gain":99,"player_choice":"Stole From Cult","damage_taken":0,"max_hp_gain":0,"max_hp_loss":0,"event_name":"Nest","floor":21,"gold_loss":0}],"is_beta":false,"boss_relics":[{"not_picked":["Runic Dome","Ectoplasm"],"picked":"Empty Cage"}],"items_purged_floors":[],"is_endless":false,"potions_floor_spawned":[13,14,20,22],"killed_by":"Snecko","ascension_level":0}}