{"host":"0ydzwspkajt4brzd","time":1609750098,"event":{"mods":["AchievementEnabler","BaseMod","Colored Map","DeckTracker","Googly Eyes","Highlight Path","Minty Spire (QoL Compilation)","Quick Restart","Random Character Button","Rare Cards Sparkle"],"gold_per_floor":[114,114,114,127,52,81,81,94,94,110,110,110,10,30,30,151,151,167,167,10,10,34,34,73,73,73,85,0,12,24,76,88,225,237,269,65,83,106,122,122,122,122,122,142,142,142,181,0,0,0],"floor_reached":51,"playtime":1464,"items_purged":["Strike_R","Strike_R","Strike_R"],"score":1184,"play_id":"16a624f1-80b9-4d08-9c69-a1aaef08f66a","local_time":"20210104004818","is_ascension_mode":true,"campfire_choices":[{"data":"Searing Blow","floor":7.0,"key":"SMITH"},{"data":"Searing Blow+1","floor":12.0,"key":"SMITH"},{"data":"Searing Blow+2","floor":15.0,"key":"SMITH"},{"data":"Searing Blow+4","floor":23.0,"key":"SMITH"},{"data":"Searing Blow+5","floor":25.0,"key":"SMITH"},{"data":"Searing Blow+6","floor":27.0,"key":"SMITH"},{"data":"Searing Blow+7","floor":32.0,"key":"SMITH"},{"data":"Searing Blow+8","floor":40.0,"key":"SMITH"},{"data":"Searing Blow+9","floor":42.0,"key":"SMITH"},{"data":"Searing Blow+10","floor":46.0,"key":"SMITH"},{"floor":49.0,"key":"REST"}],"circlet_count":0,"master_deck":["AscendersBane","Strike_R","Strike_R","Defend_R+1","Defend_R","Defend_R","Defend_R","Bash+1","Searing Blow+11","Battle Trance","Immolate","Headbutt","Offering","Shame","Madness","Madness","Battle Trance+1"],"relics":["Burning Blood","NeowsBlessing","Kunai","Matryoshka","Golden Idol","Sozu","Membership Card","Art of War","Letter Opener","Boot","MawBank","Pantograph","Shuriken","Torii","Cursed Key","Incense Burner","Question Card","Red Mask"],"acts_visited":["Exordium","TheCity","TheBeyond"],"potions_floor_usage":[],"damage_taken":[{"damage":0.0,"enemies":"Jaw Worm","floor":1.0,"turns":1.0},{"damage":0.0,"enemies":"2 Louse","floor":4.0,"turns":1.0},{"damage":0.0,"enemies":"Lagavulin","floor":6.0,"turns":1.0},{"damage":0.0,"enemies":"Small Slimes","floor":8.0,"turns":4.0},{"damage":3.0,"enemies":"2 Fungi Beasts","floor":10.0,"turns":4.0},{"damage":24.0,"enemies":"Exordium Thugs","floor":14.0,"turns":7.0},{"damage":31.0,"enemies":"The Guardian","floor":16.0,"turns":8.0},{"damage":0.0,"enemies":"Chosen","floor":18.0,"turns":3.0},{"damage":7.0,"enemies":"3 Byrds","floor":22.0,"turns":4.0},{"damage":12.0,"enemies":"Book of Stabbing","floor":24.0,"turns":3.0},{"damage":20.0,"enemies":"Slavers","floor":31.0,"turns":5.0},{"damage":66.0,"enemies":"Champ","floor":33.0,"turns":7.0},{"damage":39.0,"enemies":"3 Darklings","floor":35.0,"turns":5.0},{"damage":0.0,"enemies":"3 Shapes","floor":37.0,"turns":2.0},{"damage":6.0,"enemies":"Sphere and 2 Shapes","floor":38.0,"turns":3.0},{"damage":6.0,"enemies":"Writhing Mass","floor":39.0,"turns":2.0},{"damage":17.0,"enemies":"Transient","floor":44.0,"turns":5.0},{"damage":35.0,"enemies":"Reptomancer","floor":47.0,"turns":3.0},{"damage":22,"enemies":"Time Eater","floor":50,"turns":5}],"seed_played":"1960450146886649348","potions_obtained":[{"floor":1.0,"key":"LiquidMemories"},{"floor":4.0,"key":"Block Potion"},{"floor":16.0,"key":"DistilledChaos"}],"is_trial":false,"path_per_floor":["M","?","?","M","$","E","R","M","T","M","?","R","$","M","R","B",null,"M","?","$","T","M","R","E","R","T","R","?","T","$","E","R","B",null,"M","$","M","M","M","R","?","R","T","M","?","R","E","?","R","B",null],"character_chosen":"IRONCLAD","items_purchased":["Membership Card","Incense Burner"],"campfire_rested":1,"item_purchase_floors":[20,36],"current_hp_per_floor":[78,78,62,68,68,74,74,80,80,80,60,60,60,42,42,17,64,70,70,70,70,69,69,63,63,63,63,63,63,63,49,49,14,64,31,31,37,37,37,37,70,70,70,59,50,50,21,21,42,51],"gold":0,"neow_bonus":"THREE_ENEMY_KILL","is_daily":false,"chose_seed":false,"campfire_upgraded":10,"win_rate":0.0,"timestamp":1609750098,"path_taken":["M","?","?","M","$","E","R","M","T","M","?","R","$","M","R","BOSS","M","?","$","?","?","R","E","R","T","R","?","?","?","E","R","BOSS","M","$","M","?","M","R","?","R","T","M","?","R","E","?","R","BOSS"],"items_purchased_type":["Relic","Relic"],"build_version":"2020-12-22","purchased_purges":3,"victory":true,"max_hp_per_floor":[80,80,80,80,80,80,80,80,80,80,80,80,80,80,80,80,80,80,80,80,80,80,80,80,80,80,80,80,80,80,80,80,80,80,80,80,80,80,80,80,70,70,70,70,70,70,70,70,70,70],"card_choices":[{"not_picked":["Shrug It Off","Sword Boomerang"],"picked":"Searing Blow","floor":1.0},{"not_picked":["Clothesline","Thunderclap","Evolve"],"picked":"SKIP","floor":4.0},{"not_picked":["Armaments","Pommel Strike","Second Wind"],"picked":"SKIP","floor":6.0},{"not_picked":["Havoc","Intimidate","Body Slam"],"picked":"SKIP","floor":8.0},{"not_picked":["Flex","Reckless Charge"],"picked":"Battle Trance","floor":10.0},{"not_picked":["Hemokinesis","Blood for Blood","Entrench"],"picked":"SKIP","floor":14.0},{"not_picked":["Feed","Juggernaut"],"picked":"Immolate","floor":16.0},{"not_picked":["Anger","Havoc+1","Twin Strike"],"picked":"SKIP","floor":18.0},{"not_picked":["Sever Soul","Hemokinesis","Heavy Blade"],"picked":"SKIP","floor":22.0},{"not_picked":["Flex","Juggernaut","Pummel"],"picked":"SKIP","floor":24.0},{"not_picked":["Havoc","Clothesline"],"picked":"Headbutt","floor":31.0},{"not_picked":["Barricade","Juggernaut"],"picked":"Offering","floor":33.0},{"not_picked":["Sentinel","Rage","Thunderclap"],"picked":"SKIP","floor":35.0},{"not_picked":["True Grit","Warcry","Heavy Blade"],"picked":"SKIP","floor":37.0},{"not_picked":["Clothesline","Wild Strike","Dark Embrace+1"],"picked":"SKIP","floor":38.0},{"not_picked":["Heavy Blade","Rage","Feed"],"picked":"SKIP","floor":39.0},{"not_picked":["Wild Strike","Dual Wield","Whirlwind"],"picked":"SKIP","floor":44.0},{"not_picked":["Thunderclap","Combust"],"picked":"Battle Trance+1","floor":47.0}],"player_experience":462737,"relics_obtained":[{"floor":6.0,"key":"Kunai"},{"floor":9.0,"key":"Matryoshka"},{"floor":21.0,"key":"Art of War"},{"floor":21.0,"key":"Letter Opener"},{"floor":24.0,"key":"Boot"},{"floor":26.0,"key":"MawBank"},{"floor":26.0,"key":"Pantograph"},{"floor":29.0,"key":"Shuriken"},{"floor":31.0,"key":"Torii"},{"floor":47.0,"key":"Question Card"}],"event_choices":[{"damage_healed":0.0,"max_hp_gain":0.0,"max_hp_loss":0.0,"gold_gain":0.0,"event_name":"Liars Game","player_choice":"Ignored","floor":2.0,"gold_loss":0.0,"damage_taken":0.0},{"damage_healed":0.0,"max_hp_gain":0.0,"max_hp_loss":0.0,"gold_gain":0.0,"event_name":"Shining Light","player_choice":"Entered Light","floor":3.0,"gold_loss":0.0,"damage_taken":16.0,"cards_upgraded":["Defend_R","Bash"]},{"damage_healed":0.0,"max_hp_gain":0.0,"max_hp_loss":0.0,"gold_gain":0.0,"event_name":"Golden Idol","player_choice":"Take Damage","floor":11.0,"gold_loss":0.0,"damage_taken":20.0,"relics_obtained":["Golden Idol"]},{"damage_healed":0.0,"max_hp_gain":0.0,"max_hp_loss":0.0,"gold_gain":0.0,"event_name":"Accursed Blacksmith","player_choice":"Forge","floor":19.0,"gold_loss":0.0,"damage_taken":0.0,"cards_upgraded":["Searing Blow"]},{"damage_healed":0.0,"max_hp_gain":0.0,"max_hp_loss":0.0,"gold_gain":0.0,"event_name":"Masked Bandits","player_choice":"Paid Fearfully","floor":28.0,"gold_loss":97.0,"damage_taken":0.0},{"damage_healed":70.0,"max_hp_gain":0.0,"max_hp_loss":10.0,"gold_gain":0.0,"event_name":"The Moai Head","player_choice":"Heal","floor":41.0,"gold_loss":0.0,"damage_taken":0.0},{"damage_healed":0.0,"max_hp_gain":0.0,"max_hp_loss":0.0,"gold_gain":0.0,"event_name":"Winding Halls","player_choice":"Embrace Madness","floor":45.0,"gold_loss":0.0,"damage_taken":9.0,"cards_obtained":["Madness","Madness"]},{"damage_healed":0.0,"max_hp_gain":0.0,"max_hp_loss":0.0,"gold_gain":0.0,"event_name":"Tomb of Lord Red Mask","player_choice":"Paid","floor":48.0,"gold_loss":181.0,"damage_taken":0.0,"relics_obtained":["Red Mask"]}],"is_beta":false,"boss_relics":[{"not_picked":["Mark of Pain","Philosopher\u0027s Stone"],"picked":"Sozu"},{"not_picked":["Runic Dome","Coffee Dripper"],"picked":"Cursed Key"}],"items_purged_floors":[5,13,36],"is_endless":false,"potions_floor_spawned":[1,4,8,16,24,31,37,39,44],"ascension_level":12}}