{"host":"1hyzy7ndnud2osw4","time":1609738794,"event":{"mods":["2.2 Compatiblity","Act Like it!","Arknights The Spire","Art Attack!","Aspiration","Astrologer","Bard","BaseMod","Beaked The Cultist","Better Third Choice","BetterRewards","Colored Powertips","Conspire","Decade(èÝá³Ù¥)","Dota2Spire","Elementarium","Gensokyo","GifTheSpireLib","GungeonMod","Hallownest","Hermit","Highlight Path","Hubris","Infinite Spire","Jorbs\u0027s Wanderer Trilogy","KinomotoSakuraMod(ÙÊñýÜâ?)","Koishi","KomeijiMod","Lobotomy","Menagerie","Minty Spire (QoL Compilation)","Quick Restart","SOS£¨ÞÙ÷é?ñýí­£©","Shop Mod","Spicy Shops","StSLib","The Administrix","The Bladedancer","The Bug Knight","The Construct","The Cursed","The Death Knight","The Disciple","The Dragon Tamer","The Factory","The Forsaken","The Gatherer","The Hierophant","The Jungle","The Marked","The Poker Player","The Runesmith","The Sage","The Senshi","The Wild Card","Uncapped","WarShipGirlsR/??á´Ò³R mod","Yuri Mod","Yuyuko"],"gold_per_floor":[112,112,112,126,126,126,159,178,178,178,203,222,222,237,237,338,338,354,354,366,219,231,231,241,241,241,241,273,273,301,301,301,397,447,462,562,562],"floor_reached":36,"playtime":2662,"items_purged":[],"score":533,"play_id":"254af483-7b00-405e-995e-d0ce6e9452c7","local_time":"20210104143954","daily_mods":["Draft","Heirloom","Time Dilation","DeadlyEvents","Elite Swarm"],"is_ascension_mode":true,"campfire_choices":[{"data":"Aggregate","floor":6.0,"key":"SMITH"},{"data":"Sunder","floor":10.0,"key":"SMITH"},{"data":"Aggregate","floor":13.0,"key":"SMITH"},{"data":"Defragment","floor":15.0,"key":"SMITH"},{"data":"Storm","floor":23.0,"key":"SMITH"},{"data":"Venomology","floor":25.0,"key":"SMITH"},{"data":"Loop","floor":27.0,"key":"SMITH"},{"data":"hubris:PowerSurge","floor":29.0,"key":"SMITH"},{"data":"hubris:PowerSurge","floor":32.0,"key":"SMITH"}],"circlet_count":0,"master_deck":["Barrage","Aggregate+1","hubris:PowerSurge+1","hubris:PowerSurge+1","Sunder+1","Conserve Battery","Aggregate+1","Coolheaded","Defragment+1","Turbo","Self Repair","Turbo","Ball Lightning+1","Infinite Blades","Venomology+1","Finisher+1","Static Discharge+1","Machine Learning","White Noise","Echo Form","Loop+1","Hologram","Machine Learning","Beam Cell+1","Storm+1","bard:Accelerando","Echo Form","infinitespire:UltimateForm","Echo Form","Echo Form","bard:Accelerando","Hologram+1","Storm","infinitespire:FutureSight"],"relics":["Cracked Core","DemoMod:RingOfEthereal","ThirstyCross","aspiration:FrozenJewel","Tiny Chest","Bag of Marbles","aspiration:BardSkillbook","Toolbox","Whetstone","DemoMod:Orange","Blue Candle","WingedGreaves","Tiny House","Pocketwatch"],"acts_visited":["Exordium","TheCity","TheBeyond"],"potions_floor_usage":[],"damage_taken":[{"damage":0.0,"enemies":"Jaw Worm","floor":1.0,"turns":3.0},{"damage":0.0,"enemies":"Small Slimes","floor":4.0,"turns":1.0},{"damage":22.0,"enemies":"Lagavulin","floor":7.0,"turns":3.0},{"damage":0.0,"enemies":"2 Louse","floor":8.0,"turns":1.0},{"damage":30.0,"enemies":"3 Sentries","floor":11.0,"turns":4.0},{"damage":8.0,"enemies":"Exordium Wildlife","floor":12.0,"turns":2.0},{"damage":6.0,"enemies":"Exordium Thugs","floor":14.0,"turns":2.0},{"damage":9.0,"enemies":"Hexaghost","floor":16.0,"turns":5.0},{"damage":24.0,"enemies":"conspire:FuzzyDice","floor":18.0,"turns":4.0},{"damage":5.0,"enemies":"Chosen","floor":20.0,"turns":3.0},{"damage":14.0,"enemies":"Centurion and Healer","floor":22.0,"turns":4.0},{"damage":0.0,"enemies":"Sentry and Sphere","floor":24.0,"turns":2.0},{"damage":5.0,"enemies":"Slavers","floor":28.0,"turns":2.0},{"damage":19.0,"enemies":"Nightmare","floor":30.0,"turns":4.0},{"damage":12.0,"enemies":"hubris:MusketHawk","floor":33.0,"turns":3.0},{"damage":3.0,"enemies":"3 Darklings","floor":35.0,"turns":3.0},{"damage":1.0,"enemies":"infinitespire:Three Voidlings","floor":36.0,"turns":2.0},{"damage":95.0,"enemies":"Nightmare_Alpha","floor":36.0,"turns":4.0}],"seed_played":"6840895834847545128","potions_obtained":[{"floor":12.0,"key":"Fire Potion"},{"floor":14.0,"key":"Dota2Spire:HealingSalve"},{"floor":16.0,"key":"ColorlessPotion"},{"floor":22.0,"key":"DemoMod:LeadSkinPotion"},{"floor":33.0,"key":"PowerPotion"},{"floor":36,"key":"DuplicationPotion"}],"is_trial":true,"path_per_floor":["M","?","?","M","?","R","E","M","T","R","E","M","R","M","R","B",null,"M","?","M","$","M","R","M","R","T","R","E","R","NM","T","R","B",null,"M","?"],"character_chosen":"DEFECT","items_purchased":["Toolbox"],"campfire_rested":0,"item_purchase_floors":[21],"current_hp_per_floor":[75,75,75,75,75,75,60,60,60,60,37,36,36,37,37,47,75,65,51,53,53,46,46,46,46,46,46,53,53,41,41,41,35,97,97,0,0],"gold":562,"neow_bonus":"","is_daily":false,"chose_seed":false,"campfire_upgraded":9,"win_rate":0.0,"timestamp":1609738794,"path_taken":["M","?","?","M","?","R","E","?","T","R","E","M","R","M","R","BOSS","M","?","M","$","M","R","?","R","T","R","?","R","NM","?","R","BOSS","M","?"],"items_purchased_type":["Relic"],"build_version":"2020-12-22","purchased_purges":0,"victory":false,"max_hp_per_floor":[75,75,75,75,75,75,75,75,75,75,75,75,75,75,75,75,75,75,80,80,80,80,80,80,80,80,80,92,92,92,92,92,92,97,97,102,102],"card_choices":[{"not_picked":["Beam Cell","Stack"],"picked":"Barrage","floor":0.0},{"not_picked":["Coolheaded","Barrage"],"picked":"Aggregate","floor":0.0},{"not_picked":["Streamline","Steam"],"picked":"Barrage","floor":0.0},{"not_picked":["Rebound","Leap"],"picked":"hubris:PowerSurge","floor":0.0},{"not_picked":["Darkness","Steam"],"picked":"hubris:PowerSurge","floor":0.0},{"not_picked":["Turbo","Streamline"],"picked":"Sunder","floor":0.0},{"not_picked":["Stack","Coolheaded"],"picked":"Conserve Battery","floor":0.0},{"not_picked":["Stack","Redo"],"picked":"conspire:Rain","floor":0.0},{"not_picked":["Loop","Sweeping Beam"],"picked":"Aggregate","floor":0.0},{"not_picked":["Stack","Beam Cell"],"picked":"Coolheaded","floor":0.0},{"not_picked":["Sweeping Beam","Redo"],"picked":"Defragment","floor":0.0},{"not_picked":["Go for the Eyes","Leap"],"picked":"Turbo","floor":0.0},{"not_picked":["Redo","Gash"],"picked":"Self Repair","floor":0.0},{"not_picked":["Sweeping Beam","Leap"],"picked":"Turbo","floor":0.0},{"not_picked":["hubris:PowerSurge","Cold Snap"],"picked":"conspire:SharedLibrary","floor":0.0},{"not_picked":["Blizzard","Beam Cell"],"picked":"Ball Lightning","floor":1.0},{"not_picked":["Rebound","Force Field"],"picked":"Static Discharge","floor":4.0},{"not_picked":["Reboot","Hyperbeam"],"picked":"Machine Learning","floor":7.0},{"not_picked":["Ball Lightning","hubris:Ukulele"],"picked":"White Noise","floor":8.0},{"not_picked":["hubris:DoWhile","Amplify"],"picked":"Echo Form","floor":11.0},{"not_picked":["Ball Lightning","Turbo"],"picked":"Loop","floor":12.0},{"not_picked":["Compile Driver","Coolheaded"],"picked":"Hologram","floor":14.0},{"not_picked":["Multi-Cast","hubris:DoWhile"],"picked":"Machine Learning","floor":16.0},{"not_picked":["bard:FeastOnFear+1","bard:Parry+1","Gash"],"picked":"Beam Cell+1","floor":18.0},{"not_picked":["bard:Shout","bard:LingeringEcho","bard:EchoEcho"],"picked":"Storm","floor":20.0},{"not_picked":["bard:FaerieFire","bard:Fermata","bard:Invisibility","Stack"],"picked":"SKIP","floor":22.0},{"not_picked":["Turbo+1","bard:CuttingWords","bard:Parry"],"picked":"bard:Accelerando","floor":24.0},{"not_picked":["Biased Cognition","bard:Encore","bard:MagnumOpus"],"picked":"Echo Form","floor":28.0},{"not_picked":["infinitespire:DeathsTouch","hubris:Rewind"],"picked":"infinitespire:UltimateForm","floor":30.0},{"not_picked":["bard:SplendidForm","Rainbow","Biased Cognition"],"picked":"Echo Form","floor":30.0},{"not_picked":["bard:Encore","bard:DeathMetal","Rainbow"],"picked":"Echo Form","floor":33.0},{"not_picked":["Coolheaded","Go for the Eyes","bard:FeastOnFear"],"picked":"bard:Accelerando","floor":34.0},{"not_picked":["bard:Balestra+1","bard:LingeringPerformance","bard:EchoEcho"],"picked":"Hologram+1","floor":35.0},{"not_picked":["Recycle+1","bard:SongBolt+1","Steam+1"],"picked":"Storm","floor":36},{"not_picked":["infinitespire:UltimateForm","infinitespire:FinalStrike"],"picked":"infinitespire:FutureSight","floor":36}],"player_experience":1031147,"relics_obtained":[{"floor":7.0,"key":"aspiration:FrozenJewel"},{"floor":9.0,"key":"Tiny Chest"},{"floor":11.0,"key":"Bag of Marbles"},{"floor":26.0,"key":"Whetstone"},{"floor":28.0,"key":"DemoMod:Orange"},{"floor":30.0,"key":"Blue Candle"},{"floor":31.0,"key":"WingedGreaves"},{"floor":36,"key":"Pocketwatch"}],"event_choices":[{"damage_healed":0.0,"max_hp_gain":5.0,"max_hp_loss":0.0,"gold_gain":0.0,"event_name":"Forgotten Altar","player_choice":"Shed Blood","floor":19.0,"gold_loss":0.0,"damage_taken":19.0}],"is_beta":false,"boss_relics":[{"not_picked":["Astrolabe","SlaversCollar"],"picked":"aspiration:BardSkillbook"},{"not_picked":["Cursed Key","beaked:MawFillet"],"picked":"Tiny House"}],"items_purged_floors":[],"is_endless":true,"potions_floor_spawned":[12,14,16,22,33,36],"killed_by":"Nightmare_Alpha","ascension_level":1}}