{"host":"2ulm0pyp8jok7fk5","time":1609760618,"event":{"mods":["Act Like it!","Arknights The Spire","BaseMod","Gensokyo","Minty Spire (QoL Compilation)","Remilia£®¿Ÿ√◊¿Ú—«£©","StSLib","The Servant 0.9.4","Youmu£®ªÍ∆«—˝√Œ£©"],"gold_per_floor":[119,130,140,140,140,171,171,123,146,157,169,169,17,33,33,131,181,191,208,208],"floor_reached":19,"playtime":1269,"items_purged":[],"score":171,"play_id":"50f8d7fc-ac47-4374-b456-afe620a95286","local_time":"20210104194338","daily_mods":["SealedDeck","Heirloom","Time Dilation"],"is_ascension_mode":false,"campfire_choices":[{"floor":15,"key":"REST"}],"circlet_count":0,"master_deck":["ats:Curse Doll+1","ats:Revitalization","ats:Revitalization","ats:Revitalization","ats:Mental Burst","ats:Ignite","ats:Shell Defense","ats:Charging Defense","ats:Ignite","ats:Ignite","ats:Volcano","ats:Soul Absorption","ats:Cat Scratch","ats:Apocalypse"],"relics":["ats:Sanity","ats:Emergency Defibrillator","Gensokyo:Justice","ats:Originium","Omamori","Smiling Mask","Tiny Chest","Gensokyo:PortableGap","Tiny House"],"acts_visited":["Gensokyo:Gensokyo","Gensokyo:Gensokyoer"],"potions_floor_usage":[],"damage_taken":[{"damage":0,"enemies":"Gensokyo:3_Fairies","floor":1,"turns":3},{"damage":6,"enemies":"Gensokyo:Gryphon","floor":2,"turns":4},{"damage":0,"enemies":"Gensokyo:Python","floor":3,"turns":3},{"damage":18,"enemies":"Gensokyo:Mamizou","floor":6,"turns":5},{"damage":37,"enemies":"Gensokyo:3_Kodama","floor":10,"turns":8},{"damage":14,"enemies":"Gensokyo:Kitsune","floor":11,"turns":3},{"damage":1,"enemies":"Gensokyo:VengefulSpirit","floor":14,"turns":3},{"damage":53,"enemies":"Gensokyo:Yukari","floor":16,"turns":14},{"damage":2,"enemies":"Gensokyo:2_Gloops","floor":18,"turns":3},{"damage":89,"enemies":"Gensokyo:3_Dogs","floor":19,"turns":8}],"seed_played":"-6521449421533483503","potions_obtained":[{"floor":1,"key":"FairyPotion"},{"floor":2,"key":"LiquidBronze"},{"floor":11,"key":"Swift Potion"},{"floor":17,"key":"Strength Potion"}],"is_trial":true,"path_per_floor":["M","M","M","?","?","E","?","COS","T","M","M","?","$","M","R","B",null,"M","M"],"character_chosen":"DOCTOR_CLASS","items_purchased":["ats:Volcano"],"campfire_rested":1,"item_purchase_floors":[13],"current_hp_per_floor":[72,70,72,72,72,54,54,54,54,62,52,52,52,51,65,39,70,68,12,12],"gold":208,"neow_bonus":"","is_daily":false,"chose_seed":false,"campfire_upgraded":0,"win_rate":0.0,"timestamp":1609760618,"path_taken":["M","M","M","?","?","E","?","COS","T","M","M","?","?","M","R","BOSS","M","M"],"items_purchased_type":["Card"],"build_version":"2020-12-22","purchased_purges":0,"victory":false,"max_hp_per_floor":[72,72,72,72,72,72,72,72,72,72,72,65,65,65,65,65,70,70,70,70],"card_choices":[{"not_picked":["ats:Healing Strengthening","ats:Consecutive Shot Auto"],"picked":"ats:Ignite","floor":1},{"not_picked":["ats:Beaten Up","ats:Curse Doll","ats:Healing Strengthening"],"picked":"SKIP","floor":2},{"not_picked":["ats:Thermite Blade","ats:Revitalization","ats:Apocalypse"],"picked":"SKIP","floor":3},{"not_picked":["ats:Cat Scratch","ats:Leaping Hammer","ats:Support Order"],"picked":"SKIP","floor":6},{"not_picked":["ats:Steam Pump","ats:Cat Scratch","ats:Curse Doll"],"picked":"SKIP","floor":10},{"not_picked":["ats:Revitalization","ats:Curse Doll","ats:Cat Scratch"],"picked":"SKIP","floor":11},{"not_picked":["ats:Mental Burst","ats:Song Of Battle"],"picked":"ats:Soul Absorption","floor":14},{"not_picked":["ats:Roar Of Ursus","ats:Fractured Body","ats:Nebulous Foxfire"],"picked":"SKIP","floor":14},{"not_picked":["ats:Consecutive Shot Auto","ats:Assault Order"],"picked":"ats:Cat Scratch","floor":17},{"not_picked":["ats:Defend Order+1","ats:Poison Spread","ats:Support Order"],"picked":"SKIP","floor":18},{"not_picked":["ats:Defend Order+1","ats:Powerful Strike"],"picked":"ats:Apocalypse","floor":19}],"player_experience":45570,"relics_obtained":[{"floor":6,"key":"ats:Originium"},{"floor":6,"key":"Omamori"},{"floor":9,"key":"Tiny Chest"}],"event_choices":[],"is_beta":false,"boss_relics":[{"not_picked":["Calling Bell","Snecko Eye"],"picked":"Tiny House"}],"items_purged_floors":[],"is_endless":false,"potions_floor_spawned":[1,2,11,16,19],"killed_by":"Gensokyo:3_Dogs","ascension_level":0}}