{"host":"dn6kke80v5f7isus","time":1609798434,"event":{"mods":["AchievementEnabler","Act Like it!","BaseMod","Colored Powertips","Custom Start","Defuse TimeMaze Blight","Downfall","Duelist Mod","Gremlin Skip","Highlight Path","Hubris","Infinite Spire","Minty Spire (QoL Compilation)","Rare Cards Sparkle","Replay The Spire","StSLib","The Cursed","Uncapped"],"gold_per_floor":[143,163,30,30,30,58,69,87,87,102,102,133,133,143,143,248,248,268,368,368,368],"floor_reached":20,"playtime":740,"items_purged":["theDuelist:Sparks"],"score":219,"play_id":"6c7d10ca-7073-4ac1-9dff-b2790dc26600","local_time":"20210104171354","is_ascension_mode":true,"campfire_choices":[{"floor":11,"key":"REST"},{"data":"theDuelist:TimeSeal","floor":13,"key":"SMITH"},{"data":"theDuelist:BlueDragonSummoner","floor":15,"key":"SMITH"}],"circlet_count":0,"master_deck":["theDuelist:CastleWalls","theDuelist:DarkMagician","theDuelist:MysticalElf","theDuelist:MysticalElf","theDuelist:NeoMagic","theDuelist:NeoMagic","theDuelist:ApprenticeIllusionMagician","theDuelist:LightningDarts","theDuelist:CircleFireKings","theDuelist:CircleFireKings+1","theDuelist:FairyBox","theDuelist:BlueDragonSummoner","theDuelist:TimeSeal+1","theDuelist:BlueDragonSummoner","theDuelist:BlueDragonSummoner+1","theDuelist:RainbowKuriboh","theDuelist:RainbowKuriboh","theDuelist:QueenDragunDjinn+1","theDuelist:Mudballman+1","theDuelist:SkilledDarkMagician+1","theDuelist:DiffusionWaveMotion"],"relics":["theDuelist:MillenniumPuzzle","theDuelist:CardPoolRelic","theDuelist:CardPoolBasicRelic","theDuelist:BoosterPackPoolRelic","theDuelist:CardPoolAddRelic","theDuelist:CardPoolMinusRelic","theDuelist:CardPoolSaveRelic","theDuelist:CardPoolOptionsRelic","theDuelist:AeroRelic","hubris:TenFootPole","Meat on the Bone","infinitespire:Broken Mirror","Astrolabe"],"acts_visited":["Exordium","TheCity"],"potions_floor_usage":[12,16,18,18,18],"damage_taken":[{"damage":1,"enemies":"Cultist","floor":1,"turns":5},{"damage":0,"enemies":"Jaw Worm","floor":2,"turns":4},{"damage":0,"enemies":"Gremlin Nob","floor":6,"turns":3},{"damage":0,"enemies":"Small Slimes","floor":7,"turns":2},{"damage":0,"enemies":"Gremlin Gang","floor":8,"turns":3},{"damage":6,"enemies":"Blue Slaver","floor":10,"turns":3},{"damage":11,"enemies":"Lagavulin","floor":12,"turns":4},{"damage":9,"enemies":"Red Slaver","floor":14,"turns":3},{"damage":11,"enemies":"Slime Boss","floor":16,"turns":6},{"damage":8,"enemies":"3 Byrds","floor":18,"turns":3},{"damage":0,"enemies":"2 Thieves","floor":20,"turns":1}],"seed_played":"-3634719227550228151","potions_obtained":[{"floor":1,"key":"theDuelist:TributeBottle"},{"floor":10,"key":"theDuelist:ReducerPotion"},{"floor":12,"key":"champ:CounterPotion"},{"floor":14,"key":"theDuelist:StunPotion"},{"floor":16,"key":"theDuelist:SealedPackB"}],"is_trial":false,"path_per_floor":["M","M","$","?","?","E","M","M","T","M","R","E","R","M","R","B",null,"M","?","M"],"character_chosen":"THE_DUELIST","items_purchased":["theDuelist:CircleFireKings"],"campfire_rested":1,"item_purchase_floors":[3],"current_hp_per_floor":[87,87,87,69,63,63,63,63,63,57,83,72,72,63,63,52,88,80,80,80,80],"gold":368,"neow_bonus":"TEN_PERCENT_HP_BONUS","is_daily":false,"chose_seed":false,"campfire_upgraded":2,"win_rate":0.0,"timestamp":1609798434,"path_taken":["M","M","?","?","?","E","M","M","T","?","R","E","R","M","R","BOSS","M","?","?"],"items_purchased_type":["Card"],"build_version":"2020-12-22","purchased_purges":1,"victory":false,"max_hp_per_floor":[88,88,88,88,88,88,88,88,88,88,88,88,88,88,88,88,88,88,88,88,88],"card_choices":[{"not_picked":["theDuelist:CharcoalInpachi","theDuelist:Wildfire+1","theDuelist:SilentDoom+1","theDuelist:ExodiaHead"],"picked":"theDuelist:ApprenticeIllusionMagician","floor":1},{"not_picked":["theDuelist:FuryFire+1","theDuelist:Hinotama+1","theDuelist:SphereKuriboh","theDuelist:DianKeto+1"],"picked":"theDuelist:LightningDarts","floor":2},{"not_picked":["theDuelist:InjectionFairy","theDuelist:ThousandEyesIdol","theDuelist:NeoMagic","theDuelist:CosmoBrain"],"picked":"theDuelist:FairyBox","floor":6},{"not_picked":["theDuelist:BlizzardWarrior","theDuelist:NeoMagic","theDuelist:ThousandEyesIdol","theDuelist:AncientElf"],"picked":"theDuelist:BlueDragonSummoner","floor":7},{"not_picked":["theDuelist:GaiaMidNightSun","theDuelist:PowerGiant","theDuelist:BlueBloodedOni","theDuelist:DarkMirrorForce"],"picked":"theDuelist:TimeSeal","floor":8},{"not_picked":[],"picked":"theDuelist:BlueDragonSummoner","floor":10},{"not_picked":["theDuelist:NeoMagic","theDuelist:CharcoalInpachi","theDuelist:ExodiaRA","theDuelist:GiantTrunade"],"picked":"theDuelist:BlueDragonSummoner","floor":12},{"not_picked":["theDuelist:RainbowDarkDragon","theDuelist:IrisEarthMother","theDuelist:RainbowMagician","theDuelist:RainbowOverdragon"],"picked":"theDuelist:RainbowKuriboh","floor":14},{"not_picked":["theDuelist:RainbowDarkDragon","theDuelist:IrisEarthMother","theDuelist:RainbowMagician","theDuelist:RainbowOverdragon"],"picked":"theDuelist:RainbowKuriboh","floor":16},{"not_picked":["theDuelist:InfernoFireBlast+1","theDuelist:MagicalBlast+1","theDuelist:PowerKaishin+1","theDuelist:GoblinSecret"],"picked":"theDuelist:DiffusionWaveMotion","floor":18}],"player_experience":524527,"relics_obtained":[{"floor":6,"key":"hubris:TenFootPole"},{"floor":9,"key":"Meat on the Bone"},{"floor":12,"key":"infinitespire:Broken Mirror"}],"event_choices":[{"damage_healed":0,"gold_gain":0,"player_choice":"Entered Light","damage_taken":18,"max_hp_gain":0,"max_hp_loss":0,"event_name":"Shining Light","floor":4,"gold_loss":0,"cards_upgraded":["theDuelist:Sparks","theDuelist:CircleFireKings"]},{"damage_healed":0,"gold_gain":0,"player_choice":"Dig - random Duelist relic","duelist":true,"damage_taken":0,"max_hp_gain":0,"max_hp_loss":0,"event_name":"Aknamkanon\u0027s Tomb","floor":5,"gold_loss":0},{"damage_healed":0,"gold_gain":100,"player_choice":"Pray","damage_taken":0,"max_hp_gain":0,"max_hp_loss":0,"event_name":"Golden Shrine","floor":19,"gold_loss":0}],"is_beta":false,"boss_relics":[{"not_picked":["theDuelist:HauntedRelic","hubris:CrackedHourglass"],"picked":"Astrolabe"}],"items_purged_floors":[3],"is_endless":false,"potions_floor_spawned":[1,10,12,14,16],"killed_by":"2 Thieves","ascension_level":1}}