{"host":"ds1yr10zonoc6w4a","time":1609775150,"event":{"mods":["BaseMod","Better Match","Better Third Choice","BetterRewards","Minty Spire (QoL Compilation)","StSLib","The Animator"],"gold_per_floor":[110,148,148,48,65,96,125,149,231,258,258,276,276,276],"floor_reached":13,"playtime":6470,"items_purged":["animator:Strike","animator:Strike"],"score":176,"play_id":"c51881fd-f9fa-46b8-96a1-f08e049ac604","local_time":"20210104084550","is_ascension_mode":true,"campfire_choices":[],"circlet_count":0,"master_deck":["AscendersBane","animator:Strike_MadokaMagica","animator:Strike","animator:Defend","animator:Defend","animator:Defend","animator:IrohaTamaki","animator:YuiTsuruno+1","animator:Cirno","animator:IrohaTamaki","animator:Geryuganshoop+1","animator:Viivi","animator:NagisaMomoe","animator:Kazuma","animator:KyokoSakura","animator:Darkness"],"relics":["animator:LivingPicture","animator:TheMissingPiece","animator:PurgingStone","Strange Spoon","Ice Cream","animator:BattleDrones","Pear"],"acts_visited":["Exordium"],"potions_floor_usage":[10,10],"damage_taken":[{"damage":0.0,"enemies":"2 Louse","floor":1.0,"turns":2.0},{"damage":2.0,"enemies":"Small Slimes","floor":5.0,"turns":4.0},{"damage":19.0,"enemies":"3 Sentries","floor":6.0,"turns":12.0},{"damage":3.0,"enemies":"Jaw Worm","floor":7.0,"turns":4.0},{"damage":1.0,"enemies":"Looter","floor":8.0,"turns":4.0},{"damage":8,"enemies":"Lagavulin","floor":10,"turns":4},{"damage":11,"enemies":"Exordium Wildlife","floor":12,"turns":5},{"damage":6,"enemies":"Gremlin Nob","floor":13,"turns":2}],"seed_played":"371889841326410383","potions_obtained":[{"floor":5.0,"key":"Dexterity Potion"},{"floor":6.0,"key":"AttackPotion"},{"floor":7.0,"key":"LiquidMemories"}],"is_trial":false,"path_per_floor":["M","?","?","$","M","E","M","M","T","E","?","M","E"],"character_chosen":"THE_ANIMATOR","items_purchased":["Strange Spoon","animator:Cirno"],"campfire_rested":0,"item_purchase_floors":[0,0],"current_hp_per_floor":[54,54,59,59,57,38,35,34,34,37,14,4,0,0],"gold":276,"neow_bonus":"","is_daily":false,"chose_seed":false,"campfire_upgraded":0,"win_rate":0.0,"timestamp":1609775150,"path_taken":["M","?","?","$","M","E","M","M","T","E","?","M","E"],"items_purchased_type":["Relic","Card"],"build_version":"2020-12-22","purchased_purges":2,"victory":false,"max_hp_per_floor":[60,60,65,65,65,65,65,65,65,76,76,77,77,77],"card_choices":[{"not_picked":["animator:TukaLunaMarceau","animator:Alexander"],"picked":"animator:IrohaTamaki","floor":1.0},{"not_picked":["animator:EmiyaShirou","animator:Jibril"],"picked":"animator:Geryuganshoop","floor":5.0},{"not_picked":["animator:HighElfArcher","animator:Gilgamesh"],"picked":"animator:Viivi","floor":6.0},{"not_picked":["animator:YuiTsuruno","animator:OrikoMikuni"],"picked":"animator:NagisaMomoe","floor":7.0},{"not_picked":["animator:MaesHughes","animator:FielNirvalen"],"picked":"animator:Kazuma","floor":8},{"not_picked":["animator:Mitsuba","animator:EmiyaShirou"],"picked":"animator:KyokoSakura","floor":10},{"not_picked":["animator:MaesHughes","animator:Ain"],"picked":"animator:Darkness","floor":12}],"player_experience":638679,"relics_obtained":[{"floor":6.0,"key":"Ice Cream"},{"floor":9,"key":"animator:BattleDrones"},{"floor":10,"key":"Pear"}],"event_choices":[{"damage_healed":0.0,"max_hp_gain":5.0,"max_hp_loss":0.0,"gold_gain":0.0,"event_name":"Big Fish","player_choice":"Donut","floor":3.0,"gold_loss":0.0,"damage_taken":0.0},{"damage_healed":37,"gold_gain":0,"player_choice":"Upgrade","damage_taken":23,"max_hp_gain":0,"max_hp_loss":76,"event_name":"betterThird:BetterShining","floor":11,"gold_loss":0,"cards_upgraded":["animator:Geryuganshoop","animator:YuiTsuruno"]}],"is_beta":false,"boss_relics":[],"items_purged_floors":[0,4],"is_endless":false,"potions_floor_spawned":[5,6,7],"killed_by":"Gremlin Nob","ascension_level":17}}