{"host":"6rmw1q50jy0xmvyl","time":1609764287,"event":{"mods":["BaseMod","BetterRewards","Clockwork Mod","Colored Map","Duelist Mod","Infinite Spire","Minty Spire (QoL Compilation)","Remove Card Discount Mod","StSLib","thorton","??????REMEMod"],"gold_per_floor":[142,66,66,66,79,112,112,143,170,170,181,181,194,211,211,288,288,300,318,318,243,253,281,281,281,306,326,326,356,356,375,375,452,452,470,456,472,55,67,67,96,96,96,112,112,123,123,123,123,123,123],"floor_reached":50,"playtime":2894,"items_purged":["theDuelist:CastleWalls","theDuelist:CastleWalls","theDuelist:Sparks","theDuelist:Sparks","theDuelist:SpellShatteringArrow","theDuelist:CurseArmaments","theDuelist:GiantTrunade+1","theDuelist:CurseArmaments","Clumsy","Pain","theDuelist:Nameless:Magic:InsectQueen"],"score":1274,"play_id":"abcdd511-ea80-4da3-9d1a-61bf147dc271","local_time":"20210104134447","is_ascension_mode":true,"campfire_choices":[{"floor":7,"key":"REST"},{"floor":10,"key":"REST"},{"floor":12,"key":"REST"},{"data":"theDuelist:SpiralSpearStrike","floor":15,"key":"SMITH"},{"floor":24,"key":"REST"},{"floor":32,"key":"REST"},{"data":"theDuelist:RedMedicine","floor":40,"key":"SMITH"},{"floor":42,"key":"REST"},{"floor":45,"key":"REST"},{"floor":47,"key":"REST"},{"floor":49,"key":"REST"}],"circlet_count":0,"master_deck":["theDuelist:MagnumShield","theDuelist:HappyLover","theDuelist:YamiForm","theDuelist:MillenniumShield","theDuelist:FinalFlame","theDuelist:GravityLash","theDuelist:WhiteMagicalHat","theDuelist:BeaverWarrior","theDuelist:GiantSoldier","theDuelist:DoubleTool","theDuelist:ScrapFactory+1","theDuelist:RedMedicine+1","theDuelist:FinalFlame","theDuelist:Predaponics","theDuelist:BeaverWarrior","theDuelist:SpiritHarp","infinitespire:Neurotoxin","theDuelist:WeepingIdol","theDuelist:HappyLover","theDuelist:BerserkerCrush","theDuelist:SpiralSpearStrike+1","theDuelist:BerserkerCrush","AscendersBane","theDuelist:AssaultArmor","theDuelist:SparkBlaster","Sadistic Nature"],"relics":["theDuelist:MillenniumPuzzle","theDuelist:CardPoolRelic","theDuelist:CardPoolBasicRelic","theDuelist:BoosterPackPoolRelic","theDuelist:CardPoolAddRelic","theDuelist:CardPoolMinusRelic","theDuelist:CardPoolSaveRelic","theDuelist:CardPoolOptionsRelic","REME_ComplimentaryCards","Calipers","theDuelist:MillenniumScale","REME_PuzzleBoxRelic","infinitespire:FocusingShard","Art of War","Astrolabe","infinitespire:PuzzleCube","theDuelist:YugiMirror","theDuelist:MillenniumRod","REME_HourglassOfDeath","Enchiridion","theDuelist:NamelessPowerRelicA","Omamori","theDuelist:CardRewardRelicF","Smiling Mask","infinitespire:Eraser"],"acts_visited":["Exordium","TheCity","TheBeyond"],"potions_floor_usage":[8,19,23,23,33,41,41,46],"damage_taken":[{"damage":0,"enemies":"Small Slimes","floor":1,"turns":5},{"damage":0,"enemies":"Jaw Worm","floor":5,"turns":4},{"damage":9,"enemies":"Lagavulin","floor":6,"turns":11},{"damage":20,"enemies":"Gremlin Nob","floor":8,"turns":4},{"damage":0,"enemies":"Cultist","floor":11,"turns":3},{"damage":9,"enemies":"2 Fungi Beasts","floor":13,"turns":4},{"damage":0,"enemies":"Red Slaver","floor":14,"turns":2},{"damage":15,"enemies":"Slime Boss","floor":16,"turns":7},{"damage":2,"enemies":"Shell Parasite","floor":18,"turns":3},{"damage":13,"enemies":"Spheric Guardian","floor":19,"turns":5},{"damage":1,"enemies":"Snecko","floor":22,"turns":7},{"damage":17,"enemies":"Book of Stabbing","floor":23,"turns":5},{"damage":0,"enemies":"Sentry and Sphere","floor":27,"turns":3},{"damage":34,"enemies":"Slavers","floor":29,"turns":6},{"damage":6,"enemies":"Snake Plant","floor":31,"turns":3},{"damage":0,"enemies":"Automaton","floor":33,"turns":5},{"damage":0,"enemies":"3 Shapes","floor":35,"turns":4},{"damage":9,"enemies":"Orb Walker","floor":37,"turns":4},{"damage":0,"enemies":"Maw","floor":39,"turns":5},{"damage":37,"enemies":"Reptomancer","floor":41,"turns":4},{"damage":30,"enemies":"Spire Growth","floor":44,"turns":4},{"damage":19,"enemies":"4 Shapes","floor":46,"turns":5},{"damage":49,"enemies":"Donu and Deca","floor":50,"turns":2}],"seed_played":"-3657406311101490604","potions_obtained":[{"floor":6,"key":"theDuelist:EarthBottle"},{"floor":14,"key":"theDuelist:TributeBottle"},{"floor":16,"key":"theDuelist:TokenPotion"},{"floor":18,"key":"theDuelist:MillenniumElixir"},{"floor":19,"key":"AttackPotion"},{"floor":31,"key":"theDuelist:SealedPackE"},{"floor":33,"key":"theDuelist:OrbBottle"},{"floor":37,"key":"ColorlessPotion"},{"floor":44,"key":"Explosive Potion"}],"is_trial":false,"path_per_floor":["M","$","?","?","M","E","R","E","T","R","M","R","M","M","R","B",null,"M","M","?","$","M","E","R","?","T","M","?","E","?","M","R","B",null,"M","?","M","$","M","R","E","R","T","M","R","M","R","?","R","B"],"character_chosen":"THE_DUELIST","items_purchased":["theDuelist:SpiritHarp","theDuelist:MagnumShield","theDuelist:BerserkerCrush","theDuelist:YamiForm","theDuelist:MillenniumShield","Omamori","theDuelist:CardRewardRelicF"],"campfire_rested":9,"item_purchase_floors":[0,0,0,2,21,38,38],"current_hp_per_floor":[46,46,46,46,46,37,58,38,38,59,59,70,61,61,61,46,64,62,64,64,64,63,46,67,61,61,61,61,27,11,5,26,26,59,59,59,50,50,50,50,13,34,34,4,25,6,27,27,48,0,0],"gold":123,"neow_bonus":"","is_daily":false,"chose_seed":false,"campfire_upgraded":2,"win_rate":0.0,"timestamp":1609764287,"path_taken":["M","$","?","?","M","E","R","E","T","R","M","R","M","M","R","BOSS","M","?","?","$","?","E","R","?","T","M","?","E","?","M","R","BOSS","M","?","M","$","M","R","E","R","T","M","R","M","R","?","R","BOSS"],"items_purchased_type":["Card","Card","Card","Card","Card","Relic","Relic"],"build_version":"2020-12-22","purchased_purges":11,"victory":false,"max_hp_per_floor":[70,70,70,70,70,70,70,70,70,70,70,70,70,70,70,70,70,70,70,70,70,70,70,70,70,70,70,70,70,70,70,70,70,70,70,70,70,70,70,70,70,70,70,70,70,70,70,70,70,70,70],"card_choices":[{"not_picked":["theDuelist:LightningVortex","theDuelist:Sangan","theDuelist:GiantTrapHole","theDuelist:Wiretap"],"picked":"theDuelist:FluteKuriboh","floor":1},{"not_picked":["theDuelist:SpellShatteringArrow","theDuelist:CoreBlaster","theDuelist:RainbowNeos","theDuelist:Sangan"],"picked":"theDuelist:DoubleTool","floor":5},{"not_picked":["theDuelist:SevenCompleted","theDuelist:LightningBlade","theDuelist:GridRod","theDuelist:AmuletAmbition"],"picked":"theDuelist:GravityLash","floor":6},{"not_picked":["theDuelist:KamionTimelord","theDuelist:Mathematician","theDuelist:FusionWeapon","theDuelist:SevenCompleted"],"picked":"theDuelist:Predaponics","floor":8},{"not_picked":["theDuelist:MeteorDestruction","theDuelist:DoubleTool","theDuelist:Eva","theDuelist:UnderworldCannon"],"picked":"theDuelist:WhiteMagicalHat","floor":11},{"not_picked":["theDuelist:LightningBlade","theDuelist:Mathematician"],"picked":"theDuelist:SpiralSpearStrike","floor":13},{"not_picked":["theDuelist:BigFire","theDuelist:SilverApples","theDuelist:Tuningware","theDuelist:CombinationAttack","theDuelist:MythicalBeast"],"picked":"SKIP","floor":14},{"not_picked":["theDuelist:RainbowNeos","theDuelist:KamionTimelord","theDuelist:RainbowKuriboh","theDuelist:RainbowOverdragon"],"picked":"theDuelist:HappyLover","floor":16},{"not_picked":["theDuelist:DestroyerGolem","theDuelist:RainbowGravity","theDuelist:EvilswarmHeliotrope","theDuelist:ElectromagneticShield"],"picked":"theDuelist:RedMedicine","floor":18},{"not_picked":["theDuelist:Sangan","theDuelist:BigKoala","theDuelist:WormApocalypse","theDuelist:ChaosSeed+1","theDuelist:LegendHeart"],"picked":"SKIP","floor":19},{"not_picked":["theDuelist:MythicalBeast","theDuelist:AfterGenocide","theDuelist:CharcoalInpachi+1","theDuelist:Graverobber"],"picked":"theDuelist:BerserkerCrush","floor":22},{"not_picked":["theDuelist:Eva+1","theDuelist:DokiDoki","theDuelist:EarthquakeGiant","theDuelist:PowerGiant+1"],"picked":"theDuelist:WeepingIdol","floor":23},{"not_picked":["theDuelist:Hinotama","theDuelist:DoubleTool","theDuelist:CoreBlaster","theDuelist:RainbowNeos","theDuelist:AssaultArmor+1"],"picked":"SKIP","floor":27},{"not_picked":["theDuelist:CoreBlaster","theDuelist:WormApocalypse","theDuelist:WhiteMagicalHat+1","theDuelist:SwordDeepSeated","theDuelist:PowerWall"],"picked":"SKIP","floor":29},{"not_picked":["theDuelist:MeteorDestruction","theDuelist:PotDuality","theDuelist:GiantTrunade","theDuelist:MiraculousDescent"],"picked":"theDuelist:HappyLover","floor":31},{"not_picked":["theDuelist:SwordsRevealing","theDuelist:SevenCompleted+1","theDuelist:LightLaser","theDuelist:AmuletAmbition","theDuelist:Mathematician"],"picked":"SKIP","floor":35},{"not_picked":["theDuelist:DarkFactory","theDuelist:WhiteMagicalHat","theDuelist:VenomShot","theDuelist:DarkBurningMagic"],"picked":"theDuelist:AssaultArmor","floor":37},{"not_picked":["theDuelist:SangaEarth","theDuelist:RainbowNeos","theDuelist:WormApocalypse","theDuelist:CharcoalInpachi+1","theDuelist:Sangan"],"picked":"SKIP","floor":39},{"not_picked":["Good Instincts","HandOfGreed","Panache"],"picked":"Sadistic Nature","floor":41},{"not_picked":["theDuelist:BigFire+1","theDuelist:ClearKuriboh+1","theDuelist:Mudora+1","theDuelist:PowerGiant+1","theDuelist:ForbiddenLance+1"],"picked":"SKIP","floor":44},{"not_picked":["theDuelist:MeteorDestruction","theDuelist:Hinotama","theDuelist:PowerKaishin+1","theDuelist:MagnumShield","theDuelist:DeltaAttacker"],"picked":"SKIP","floor":46}],"player_experience":694249,"relics_obtained":[{"floor":6,"key":"REME_PuzzleBoxRelic"},{"floor":8,"key":"infinitespire:FocusingShard"},{"floor":9,"key":"Art of War"},{"floor":23,"key":"infinitespire:PuzzleCube"},{"floor":26,"key":"theDuelist:MillenniumRod"},{"floor":29,"key":"REME_HourglassOfDeath"},{"floor":30,"key":"Enchiridion"},{"floor":41,"key":"Smiling Mask"},{"floor":43,"key":"infinitespire:Eraser"}],"event_choices":[{"damage_healed":0,"gold_gain":0,"player_choice":"Leave","duelist":true,"damage_taken":0,"max_hp_gain":0,"max_hp_loss":0,"event_name":"Tomb of the Nameless","floor":3,"gold_loss":0},{"damage_healed":0,"gold_gain":0,"player_choice":"Took item - Received: Millennium Scale","duelist":true,"damage_taken":0,"max_hp_gain":0,"max_hp_loss":0,"event_name":"Millennium Items","floor":4,"gold_loss":0},{"damage_healed":0,"gold_gain":0,"player_choice":"Leave","duelist":true,"damage_taken":0,"max_hp_gain":0,"max_hp_loss":0,"event_name":"Battle City","floor":20,"gold_loss":0},{"damage_healed":0,"gold_gain":0,"player_choice":"Dig - random Duelist relic","duelist":true,"damage_taken":0,"max_hp_gain":0,"max_hp_loss":0,"event_name":"Aknamkanon\u0027s Tomb","floor":25,"gold_loss":0},{"damage_healed":0,"gold_gain":0,"player_choice":"Leave","duelist":true,"damage_taken":0,"max_hp_gain":0,"max_hp_loss":0,"event_name":"Egyptian Village","floor":28,"gold_loss":0},{"damage_healed":0,"gold_gain":0,"player_choice":"Obtained Book","damage_taken":16,"max_hp_gain":0,"max_hp_loss":0,"event_name":"Cursed Tome","floor":30,"gold_loss":0},{"power_reward":2,"total_magic_score":125,"gold_gain":0,"duelist":true,"damage_taken":0,"relics_obtained":["theDuelist:NamelessPowerRelicA"],"points":3,"max_hp_gain":0,"max_hp_loss":0,"spent_points":{"magic":1,"greed":0,"war":0,"power":2,"hunger":0},"event_name":"Nameless Tomb","floor":36,"gold_loss":14,"magic_reward":1,"cards_obtained":["theDuelist:Nameless:Magic:InsectQueen","theDuelist:CurseArmaments","Clumsy","Pain"]},{"power_reward":2,"total_magic_score":125,"gold_gain":0,"duelist":true,"damage_taken":0,"relics_obtained":["theDuelist:NamelessPowerRelicA"],"points":3,"max_hp_gain":0,"max_hp_loss":0,"spent_points":{"magic":1,"greed":0,"war":0,"power":2,"hunger":0},"event_name":"Nameless Tomb","floor":36,"gold_loss":14,"magic_reward":1,"cards_obtained":["theDuelist:Nameless:Magic:InsectQueen","theDuelist:CurseArmaments","Clumsy","Pain"]},{"damage_healed":0,"gold_gain":0,"player_choice":"Leave","duelist":true,"damage_taken":0,"max_hp_gain":0,"max_hp_loss":0,"event_name":"Card Trader","floor":48,"gold_loss":0}],"is_beta":false,"boss_relics":[{"not_picked":["theDuelist:MillenniumKey","REME_DuelDisc"],"picked":"Astrolabe"},{"not_picked":[]}],"items_purged_floors":[0,0,0,0,0,21,21,38,38,38,38],"is_endless":false,"potions_floor_spawned":[6,14,16,18,19,31,33,37,44],"killed_by":"Donu and Deca","ascension_level":14}}