{"host":"m6aaltr68g9tvoay","time":1609734576,"event":{"mods":["AchievementEnabler","BaseMod","Colored Map","Minty Spire (QoL Compilation)","StSLib"],"gold_per_floor":[219,233,69,24,24,24,53,53,53,88,88,88,88,112,112,202,202,202,202,33,47,47,47,47],"floor_reached":23,"playtime":569,"items_purged":[],"score":371,"play_id":"52ecd56d-65e8-4ba6-b5d5-4772cce1c140","local_time":"20210103202936","is_ascension_mode":true,"campfire_choices":[{"data":"Armaments","floor":6,"key":"SMITH"},{"floor":8,"key":"REST"},{"floor":13,"key":"REST"},{"floor":15,"key":"REST"}],"circlet_count":0,"master_deck":["AscendersBane","Strike_R","Strike_R","Strike_R","Strike_R","Strike_R","Defend_R","Defend_R","Defend_R","Defend_R","Bash","Armaments+1","Shrug It Off","Cleave","Fire Breathing","Fiend Fire","Double Tap","Heavy Blade","RitualDagger"],"relics":["Burning Blood","PreservedInsect","Toy Ornithopter","Bottled Lightning","Pen Nib","Golden Idol","Busted Crown","Omamori"],"acts_visited":["Exordium","TheCity"],"potions_floor_usage":[16,18,21,23],"damage_taken":[{"damage":6,"enemies":"Cultist","floor":1,"turns":3},{"damage":9,"enemies":"Small Slimes","floor":2,"turns":6},{"damage":39,"enemies":"Lagavulin","floor":7,"turns":6},{"damage":27,"enemies":"3 Sentries","floor":10,"turns":8},{"damage":2,"enemies":"Jaw Worm","floor":14,"turns":4},{"damage":57,"enemies":"The Guardian","floor":16,"turns":16},{"damage":6,"enemies":"Spheric Guardian","floor":18,"turns":3},{"damage":33,"enemies":"2 Thieves","floor":21,"turns":4},{"damage":17,"enemies":"Gremlin Leader","floor":23,"turns":4}],"seed_played":"7265881227385119245","potions_obtained":[{"floor":2,"key":"SmokeBomb"},{"floor":10,"key":"Block Potion"},{"floor":16,"key":"Explosive Potion"},{"floor":21,"key":"BloodPotion"}],"is_trial":false,"path_per_floor":["M","M","$","?","$","R","E","R","T","E","?","?","R","M","R","B",null,"M","?","$","M","?","E"],"character_chosen":"IRONCLAD","items_purchased":["PreservedInsect","Omamori"],"campfire_rested":3,"item_purchase_floors":[3,20],"current_hp_per_floor":[68,65,65,65,65,65,32,54,54,33,33,26,48,52,74,24,62,67,75,75,53,47,50,50],"gold":47,"neow_bonus":"HUNDRED_GOLD","is_daily":false,"chose_seed":false,"campfire_upgraded":1,"win_rate":0.0,"timestamp":1609734576,"path_taken":["M","M","$","?","$","R","E","R","T","E","?","?","R","M","R","BOSS","M","?","$","M","?","E"],"items_purchased_type":["Relic","Relic"],"build_version":"2020-12-22","purchased_purges":0,"victory":false,"max_hp_per_floor":[75,75,75,75,75,75,75,75,75,75,75,75,75,75,75,75,75,75,75,75,75,75,75,75],"card_choices":[{"not_picked":["Havoc","Thunderclap"],"picked":"Armaments","floor":1},{"not_picked":["Thunderclap","Body Slam"],"picked":"Shrug It Off","floor":2},{"not_picked":["Shrug It Off","Body Slam"],"picked":"Cleave","floor":7},{"not_picked":["Power Through","Spot Weakness"],"picked":"Fire Breathing","floor":10},{"not_picked":["Sword Boomerang","Evolve"],"picked":"Fiend Fire","floor":14},{"not_picked":["Juggernaut","Exhume"],"picked":"Double Tap","floor":16},{"not_picked":[],"picked":"Heavy Blade","floor":21}],"player_experience":1333264,"relics_obtained":[{"floor":7,"key":"Toy Ornithopter"},{"floor":9,"key":"Bottled Lightning"},{"floor":10,"key":"Pen Nib"}],"event_choices":[{"damage_healed":0,"gold_gain":0,"player_choice":"Left Gold","damage_taken":0,"max_hp_gain":0,"max_hp_loss":0,"event_name":"World of Goop","floor":4,"gold_loss":45},{"damage_healed":0,"gold_gain":0,"player_choice":"Take Wound","damage_taken":0,"relics_obtained":["Golden Idol"],"max_hp_gain":0,"max_hp_loss":0,"event_name":"Golden Idol","floor":11,"gold_loss":0,"cards_obtained":["Injury"]},{"cards_removed":["Injury"],"damage_healed":0,"gold_gain":0,"player_choice":"Card Removal","damage_taken":7,"max_hp_gain":0,"max_hp_loss":0,"event_name":"Golden Wing","floor":12,"gold_loss":0},{"damage_healed":15,"gold_gain":0,"player_choice":"Heal","damage_taken":0,"max_hp_gain":0,"max_hp_loss":0,"event_name":"The Library","floor":19,"gold_loss":0},{"damage_healed":0,"gold_gain":0,"player_choice":"Joined the Cult","damage_taken":6,"max_hp_gain":0,"max_hp_loss":0,"event_name":"Nest","floor":22,"gold_loss":0,"cards_obtained":["RitualDagger"]}],"is_beta":false,"boss_relics":[{"not_picked":["Coffee Dripper","Fusion Hammer"],"picked":"Busted Crown"}],"items_purged_floors":[],"is_endless":false,"potions_floor_spawned":[2,10,14,16,21],"killed_by":"Gremlin Leader","ascension_level":18}}