{"host":"6bsan6hkua32tfq7","time":1609731857,"event":{"mods":["BaseMod","Better Third Choice","Colored Map","Highlight Path","Minty Spire (QoL Compilation)","StSLib"],"gold_per_floor":[113,127,127,127,146,146,146,180,205,205,215,240,240,260,260,334,334,352,29,42,57,57,57,82,82,82,82,98,98,98],"floor_reached":29,"playtime":663,"items_purged":["Strike_R"],"score":531,"play_id":"9bd457aa-14a0-419a-8057-93bae8f638b4","local_time":"20210104044417","is_ascension_mode":true,"campfire_choices":[{"data":"Bash","floor":6,"key":"SMITH"},{"data":"Demon Form","floor":13,"key":"SMITH"},{"data":"Fire Breathing","floor":15,"key":"SMITH"},{"floor":23,"key":"REST"},{"floor":25,"key":"REST"},{"data":"Armaments","floor":27,"key":"SMITH"}],"circlet_count":0,"master_deck":["AscendersBane","Strike_R+1","Strike_R+1","Defend_R","Defend_R","Defend_R","Bash+1","Shockwave","Fire Breathing+1","Hemokinesis","Sword Boomerang","Demon Form+1","Clothesline","Feed","Twin Strike+1","Metallicize","Armaments+1","Flame Barrier","Intimidate"],"relics":["Burning Blood","NeowsBlessing","Vajra","Eternal Feather","Strawberry","Lantern","Runic Pyramid","Lee\u0027s Waffle","Whetstone"],"acts_visited":["Exordium","TheCity"],"potions_floor_usage":[16,21,24,29,29],"damage_taken":[{"damage":0,"enemies":"2 Louse","floor":1,"turns":1},{"damage":0,"enemies":"Cultist","floor":2,"turns":1},{"damage":0,"enemies":"Jaw Worm","floor":5,"turns":1},{"damage":37,"enemies":"3 Sentries","floor":8,"turns":6},{"damage":6,"enemies":"Looter","floor":11,"turns":3},{"damage":16,"enemies":"Lagavulin","floor":12,"turns":5},{"damage":7,"enemies":"Blue Slaver","floor":14,"turns":3},{"damage":9,"enemies":"Hexaghost","floor":16,"turns":6},{"damage":25,"enemies":"Spheric Guardian","floor":18,"turns":4},{"damage":34,"enemies":"2 Thieves","floor":20,"turns":3},{"damage":26,"enemies":"Snake Plant","floor":21,"turns":4},{"damage":63,"enemies":"Slavers","floor":24,"turns":7},{"damage":26,"enemies":"Centurion and Healer","floor":28,"turns":5},{"damage":75,"enemies":"Gremlin Leader","floor":29,"turns":5}],"seed_played":"4630201153320444259","potions_obtained":[{"floor":11,"key":"FearPotion"},{"floor":12,"key":"Strength Potion"},{"floor":16,"key":"EssenceOfSteel"},{"floor":24,"key":"Fire Potion"},{"floor":28,"key":"Fire Potion"}],"is_trial":false,"path_per_floor":["M","M","?","?","M","R","?","E","T","?","M","E","R","M","R","B",null,"M","$","M","M","?","R","E","R","T","R","M","E"],"character_chosen":"IRONCLAD","items_purchased":["Lee\u0027s Waffle","Metallicize"],"campfire_rested":2,"item_purchase_floors":[19,19],"current_hp_per_floor":[74,75,40,40,46,46,46,15,22,22,22,12,18,17,23,20,67,51,92,67,51,51,89,35,74,74,83,67,0,0],"gold":98,"neow_bonus":"THREE_ENEMY_KILL","is_daily":false,"chose_seed":false,"campfire_upgraded":4,"win_rate":0.0,"timestamp":1609731857,"path_taken":["M","M","?","?","?","R","?","E","T","?","?","E","R","M","R","BOSS","M","$","M","M","?","R","E","R","T","R","M","E"],"items_purchased_type":["Relic","Card"],"build_version":"2020-12-22","purchased_purges":1,"victory":false,"max_hp_per_floor":[75,75,75,75,75,75,75,75,82,82,82,82,82,82,82,82,82,85,92,95,99,99,99,102,102,102,102,106,106,106],"card_choices":[{"not_picked":["Headbutt","Perfected Strike"],"picked":"Shockwave","floor":1},{"not_picked":["Power Through","Combust"],"picked":"Fire Breathing","floor":2},{"not_picked":["Anger","Warcry"],"picked":"Sword Boomerang","floor":5},{"not_picked":["Dark Embrace","Clothesline"],"picked":"Demon Form","floor":8},{"not_picked":["Whirlwind","Carnage"],"picked":"Clothesline","floor":11},{"not_picked":["Shockwave","Intimidate","Searing Blow"],"picked":"SKIP","floor":12},{"not_picked":["Twin Strike","Warcry","Clash"],"picked":"SKIP","floor":14},{"not_picked":["Limit Break","Demon Form"],"picked":"Feed","floor":16},{"not_picked":["Body Slam","Warcry"],"picked":"Twin Strike+1","floor":18},{"not_picked":["Flex","Pommel Strike"],"picked":"Armaments","floor":20},{"not_picked":["Rampage","Cleave"],"picked":"Flame Barrier","floor":21},{"not_picked":["Exhume","Evolve"],"picked":"Intimidate","floor":24},{"not_picked":["Sentinel","Perfected Strike","Flex"],"picked":"SKIP","floor":28}],"player_experience":5239326,"relics_obtained":[{"floor":8,"key":"Eternal Feather"},{"floor":9,"key":"Strawberry"},{"floor":12,"key":"Lantern"},{"floor":24,"key":"Whetstone"}],"event_choices":[{"damage_healed":0,"gold_gain":0,"player_choice":"Relic ","damage_taken":35,"max_hp_gain":0,"max_hp_loss":0,"event_name":"betterThird:BetterScrap","floor":3,"gold_loss":0,"cards_obtained":["Double Energy"]},{"damage_healed":0,"gold_gain":0,"cards_transformed":["Defend_R"],"player_choice":"Transformed","damage_taken":0,"max_hp_gain":0,"max_hp_loss":0,"event_name":"Transmorgrifier","floor":4,"gold_loss":0,"cards_obtained":["Hemokinesis"]},{"cards_removed":["Strike_R"],"damage_healed":0,"gold_gain":0,"player_choice":"Forget","damage_taken":0,"max_hp_gain":0,"max_hp_loss":0,"event_name":"Living Wall","floor":7,"gold_loss":0},{"cards_removed":["Strike_R"],"damage_healed":0,"gold_gain":0,"player_choice":"Purged","damage_taken":0,"max_hp_gain":0,"max_hp_loss":0,"event_name":"Purifier","floor":10,"gold_loss":0}],"is_beta":false,"boss_relics":[{"not_picked":["Mark of Pain","Tiny House"],"picked":"Runic Pyramid"}],"items_purged_floors":[19],"is_endless":false,"potions_floor_spawned":[11,12,14,16,20,24,28],"killed_by":"Gremlin Leader","ascension_level":20}}