{"host":"2qv44oxt58ptq59r","time":1609788874,"event":{"mods":["AchievementEnabler","BaseMod","Colored Powertips","Highlight Path","Minty Spire (QoL Compilation)","Permanent Neow","StSLib"],"gold_per_floor":[111,111,126,136,154,154,168,168,168,17,17,37,65,85,85,180,180,198,198,198],"floor_reached":19,"playtime":9488,"items_purged":[],"score":171,"play_id":"4129f1d8-6d69-481f-870d-f8738aa48ecb","local_time":"20210104193434","is_ascension_mode":false,"campfire_choices":[{"data":"Carnage","floor":6.0,"key":"SMITH"},{"data":"Bash","floor":8,"key":"SMITH"},{"data":"Clothesline","floor":11,"key":"SMITH"},{"data":"Juggernaut","floor":15,"key":"SMITH"}],"circlet_count":0,"master_deck":["Strike_R+1","Strike_R+1","Strike_R","Strike_R","Defend_R","Defend_R","Defend_R","Defend_R","Bash+1","Clothesline+1","Limit Break","Carnage+1","Blood for Blood","Juggernaut+1","Feed","Body Slam+1"],"relics":["Burning Blood","Whetstone","MealTicket"],"acts_visited":["Exordium","TheCity"],"potions_floor_usage":[7,12,13,14,16],"damage_taken":[{"damage":4.0,"enemies":"Cultist","floor":1.0,"turns":3.0},{"damage":1.0,"enemies":"2 Louse","floor":3.0,"turns":2.0},{"damage":6.0,"enemies":"Jaw Worm","floor":4.0,"turns":4.0},{"damage":12.0,"enemies":"Looter","floor":5.0,"turns":5.0},{"damage":11,"enemies":"Exordium Thugs","floor":7,"turns":4},{"damage":7,"enemies":"Lots of Slimes","floor":12,"turns":5},{"damage":8,"enemies":"Gremlin Nob","floor":13,"turns":3},{"damage":0,"enemies":"Gremlin Gang","floor":14,"turns":6},{"damage":31,"enemies":"Slime Boss","floor":16,"turns":9},{"damage":19,"enemies":"Shell Parasite","floor":18,"turns":6},{"damage":83,"enemies":"Masked Bandits","floor":19,"turns":5}],"seed_played":"7564950645547262874","potions_obtained":[{"floor":3.0,"key":"ColorlessPotion"},{"floor":4.0,"key":"Strength Potion"},{"floor":7,"key":"Weak Potion"},{"floor":12,"key":"AttackPotion"},{"floor":14,"key":"Dexterity Potion"}],"is_trial":false,"path_per_floor":["M","?","M","M","M","R","M","R","T","$","R","M","E","M","R","B",null,"M","?"],"character_chosen":"IRONCLAD","items_purchased":["Whetstone"],"campfire_rested":0,"item_purchase_floors":[10],"current_hp_per_floor":[80,80,80,80,74,74,69,69,69,69,69,68,66,72,72,47,80,70,0,0],"gold":198,"neow_bonus":"THREE_CARDS","is_daily":false,"chose_seed":false,"campfire_upgraded":4,"win_rate":0.0,"timestamp":1609788874,"path_taken":["M","?","M","M","M","R","?","R","T","?","R","M","E","M","R","BOSS","M","?"],"items_purchased_type":["Relic"],"build_version":"2020-12-22","purchased_purges":0,"victory":false,"max_hp_per_floor":[80,80,80,80,80,80,80,80,80,80,80,80,80,80,80,80,80,83,83,83],"card_choices":[{"not_picked":["Dual Wield","Clash"],"picked":"Clothesline","floor":0.0},{"not_picked":["Warcry","Havoc","Sword Boomerang"],"picked":"SKIP","floor":1.0},{"not_picked":["Clothesline","Flex","Iron Wave"],"picked":"SKIP","floor":3.0},{"not_picked":["Clothesline","Perfected Strike"],"picked":"Limit Break","floor":4.0},{"not_picked":["True Grit","Cleave"],"picked":"Carnage","floor":5.0},{"not_picked":["Warcry","Shrug It Off","Body Slam"],"picked":"SKIP","floor":7},{"not_picked":["Carnage","Reckless Charge"],"picked":"Blood for Blood","floor":12},{"not_picked":["Shrug It Off","Body Slam","Iron Wave"],"picked":"SKIP","floor":13},{"not_picked":["Sword Boomerang","Rage"],"picked":"Juggernaut","floor":14},{"not_picked":["Berserk","Reaper"],"picked":"Feed","floor":16},{"not_picked":["Sever Soul","Bloodletting+1"],"picked":"Body Slam+1","floor":18}],"player_experience":5188948,"relics_obtained":[{"floor":13,"key":"MealTicket"}],"event_choices":[{"cards_removed":["Strike_R"],"damage_healed":0.0,"max_hp_gain":0.0,"max_hp_loss":0.0,"gold_gain":0.0,"event_name":"Purifier","player_choice":"Purged","floor":2.0,"gold_loss":0.0,"damage_taken":0.0},{"damage_healed":0,"gold_gain":0,"player_choice":"Fought Bandits","damage_taken":0,"max_hp_gain":0,"max_hp_loss":0,"event_name":"Masked Bandits","floor":19,"gold_loss":0}],"is_beta":false,"boss_relics":[{"not_picked":["Runic Dome","Ectoplasm","Sozu"]}],"items_purged_floors":[],"is_endless":false,"potions_floor_spawned":[3,4,7,12,14],"killed_by":"Masked Bandits","ascension_level":0}}