{"host":"m8e7t7u4353tsza9","time":1609760379,"event":{"mods":["AchievementEnabler","BaseMod","Block Reminder","Colored Map","Colored Powertips","DeckTracker","Highlight Path","Minty Spire (QoL Compilation)","Permanent Neow","Quick Restart","StSLib"],"gold_per_floor":[116,116,132,407,421,453,453,453,477,489,489,117,148,163,163,264,264,274,324,21,40,53,86,86,104,127,147,77,109,109,126,126,226,226,238,238,238,92,142,142,158,158,158,192,212,227,255,102,102,102],"floor_reached":51,"playtime":2512,"items_purged":["Strike_R","Strike_R"],"score":855,"play_id":"cebcb138-403e-4d0a-b486-00dc13e6695a","local_time":"20210104033939","is_ascension_mode":false,"campfire_choices":[{"data":"Whirlwind","floor":8,"key":"SMITH"},{"data":"Wild Strike","floor":11,"key":"SMITH"},{"data":"Thunderclap","floor":15,"key":"SMITH"},{"floor":30,"key":"REST"},{"floor":32,"key":"REST"},{"data":"1","floor":40,"key":"LIFT"},{"data":"2","floor":42,"key":"LIFT"},{"floor":49,"key":"REST"}],"circlet_count":0,"master_deck":["Strike_R","Strike_R","Defend_R","Defend_R","Defend_R","Bash+1","Wild Strike+1","Sword Boomerang","Whirlwind+1","Evolve","Spot Weakness","Flex","Thunderclap+1","Dropkick","Double Tap","CurseOfTheBell","Heavy Blade","Wild Strike+1","Twin Strike+1","Heavy Blade+1","Pommel Strike+1","Flex","Heavy Blade+1","Pommel Strike+1","Reckless Charge+1","Sword Boomerang+1","Demon Form","Infernal Blade+1","Headbutt+1","Reckless Charge+1","Spot Weakness+1","Immolate+1","Warcry+1"],"relics":["Burning Blood","Toy Ornithopter","Anchor","Paper Frog","Vajra","Calling Bell","Red Skull","Shuriken","Prayer Wheel","Molten Egg 2","Oddly Smooth Stone","Singing Bowl","Orichalcum","Letter Opener","Mark of Pain","Girya","Toxic Egg 2","Dream Catcher","Mercury Hourglass"],"acts_visited":["Exordium","TheCity","TheBeyond"],"potions_floor_usage":[16,23,25,29,46,50,50,50],"damage_taken":[{"damage":10.0,"enemies":"Small Slimes","floor":1.0,"turns":4.0},{"damage":0.0,"enemies":"Cultist","floor":3.0,"turns":2.0},{"damage":4,"enemies":"Jaw Worm","floor":5,"turns":3},{"damage":22,"enemies":"Gremlin Nob","floor":6,"turns":4},{"damage":0,"enemies":"Gremlin Gang","floor":10,"turns":1},{"damage":0,"enemies":"3 Sentries","floor":13,"turns":3},{"damage":13,"enemies":"Exordium Thugs","floor":14,"turns":3},{"damage":52,"enemies":"Hexaghost","floor":16,"turns":5},{"damage":0,"enemies":"Chosen","floor":18,"turns":3},{"damage":10,"enemies":"3 Byrds","floor":21,"turns":3},{"damage":32,"enemies":"Snake Plant","floor":22,"turns":3},{"damage":34,"enemies":"Gremlin Leader","floor":23,"turns":4},{"damage":10,"enemies":"Sentry and Sphere","floor":25,"turns":3},{"damage":16,"enemies":"Centurion and Healer","floor":27,"turns":4},{"damage":11,"enemies":"Book of Stabbing","floor":29,"turns":3},{"damage":11,"enemies":"Snake Plant","floor":31,"turns":2},{"damage":75,"enemies":"Automaton","floor":33,"turns":8},{"damage":33,"enemies":"3 Shapes","floor":35,"turns":4},{"damage":30,"enemies":"Mind Bloom Boss Battle","floor":39,"turns":4},{"damage":5,"enemies":"Orb Walker","floor":41,"turns":2},{"damage":18,"enemies":"Nemesis","floor":44,"turns":5},{"damage":10,"enemies":"4 Shapes","floor":45,"turns":2},{"damage":11,"enemies":"Writhing Mass","floor":46,"turns":2},{"damage":0,"enemies":"Reptomancer","floor":47,"turns":2},{"damage":89,"enemies":"Awakened One","floor":50,"turns":7}],"seed_played":"8390798822682179478","potions_obtained":[{"floor":3.0,"key":"Energy Potion"},{"floor":5,"key":"FearPotion"},{"floor":6,"key":"Fire Potion"},{"floor":16,"key":"DuplicationPotion"},{"floor":29,"key":"FearPotion"},{"floor":44,"key":"DistilledChaos"},{"floor":45,"key":"CultistPotion"},{"floor":47,"key":"Weak Potion"}],"is_trial":false,"path_per_floor":["M","?","M","?","M","E","?","R","T","M","R","$","E","M","R","B",null,"M","?","$","M","M","E","T","M","T","M","$","E","R","M","R","B",null,"M","?","?","$","?","R","M","R","T","E","M","M","E","$","R","B",null],"character_chosen":"IRONCLAD","items_purchased":["Paper Frog","Flex","Molten Egg 2","Twin Strike+1","Reckless Charge+1","Headbutt+1","Immolate+1"],"campfire_rested":3,"item_purchase_floors":[12,12,20,20,28,38,48],"current_hp_per_floor":[76,69,75,75,77,61,61,61,61,67,67,67,73,66,66,25,80,80,80,80,76,50,27,27,30,30,24,24,26,52,49,76,7,90,65,65,65,65,43,43,48,48,48,38,36,40,46,46,76,8],"gold":102,"neow_bonus":"UPGRADE_CARD","is_daily":false,"chose_seed":false,"campfire_upgraded":3,"win_rate":0.0,"timestamp":1609760379,"path_taken":["M","?","M","?","?","E","?","R","T","M","R","$","E","M","R","BOSS","M","?","$","?","M","E","?","M","T","M","?","E","R","M","R","BOSS","M","?","?","?","?","R","M","R","T","E","?","M","E","$","R","BOSS"],"items_purchased_type":["Relic","Card","Relic","Card","Card","Card","Card"],"build_version":"2020-12-22","purchased_purges":2,"victory":true,"max_hp_per_floor":[80,80,80,80,80,80,80,80,80,80,80,80,80,80,80,80,80,80,80,80,80,80,80,80,82,82,86,86,88,88,90,90,90,90,92,87,87,87,89,89,93,93,93,95,97,101,101,101,101,101],"card_choices":[{"not_picked":["Iron Wave","Clash"],"picked":"Wild Strike","floor":1.0},{"not_picked":["Combust","Ghostly Armor"],"picked":"Sword Boomerang","floor":3.0},{"not_picked":["Seeing Red","Fire Breathing"],"picked":"Whirlwind","floor":5},{"not_picked":["Ghostly Armor","Burning Pact"],"picked":"Evolve","floor":6},{"not_picked":["Hemokinesis","Sentinel"],"picked":"Spot Weakness","floor":10},{"not_picked":["Clothesline","Clash"],"picked":"Thunderclap","floor":13},{"not_picked":["Burning Pact","Perfected Strike"],"picked":"Dropkick","floor":14},{"not_picked":["Barricade","Impervious"],"picked":"Double Tap","floor":16},{"not_picked":["Body Slam","Perfected Strike"],"picked":"Heavy Blade","floor":18},{"not_picked":["Iron Wave","Whirlwind"],"picked":"Wild Strike+1","floor":18},{"not_picked":["Infernal Blade","Wild Strike+1"],"picked":"Heavy Blade+1","floor":21},{"not_picked":["True Grit","Uppercut+1"],"picked":"Pommel Strike+1","floor":21},{"not_picked":["Clash+1","Dark Embrace"],"picked":"Flex","floor":22},{"not_picked":["Clash+1","Clothesline+1","Fire Breathing+1"],"picked":"SKIP","floor":22},{"not_picked":["Corruption","Iron Wave+1"],"picked":"Heavy Blade+1","floor":23},{"not_picked":["Iron Wave+1","Armaments+1","Rupture"],"picked":"Singing Bowl","floor":25},{"not_picked":["Combust","Heavy Blade+1"],"picked":"Pommel Strike+1","floor":25},{"not_picked":["Power Through","Wild Strike+1","Searing Blow+1"],"picked":"Singing Bowl","floor":27},{"not_picked":["Warcry","Combust","Carnage+1"],"picked":"Singing Bowl","floor":27},{"not_picked":["Corruption","Heavy Blade+1","Twin Strike+1"],"picked":"Singing Bowl","floor":29},{"not_picked":["Twin Strike+1","Flex"],"picked":"Sword Boomerang+1","floor":31},{"not_picked":["Shrug It Off","Armaments","Warcry"],"picked":"Singing Bowl","floor":31},{"not_picked":["Fiend Fire+1","Bludgeon+1"],"picked":"Demon Form","floor":33},{"not_picked":["Clash+1","Shrug It Off"],"picked":"Infernal Blade+1","floor":35},{"not_picked":["Fire Breathing","Sword Boomerang+1","Flex+1"],"picked":"Singing Bowl","floor":35},{"not_picked":["Iron Wave+1","Ghostly Armor+1","Heavy Blade+1"],"picked":"Singing Bowl","floor":39},{"not_picked":["Sever Soul+1","Hemokinesis+1","Metallicize+1"],"picked":"Singing Bowl","floor":41},{"not_picked":["Body Slam+1","Thunderclap+1","Power Through+1"],"picked":"Singing Bowl","floor":41},{"not_picked":["Fire Breathing","Ghostly Armor+1","Perfected Strike+1"],"picked":"Singing Bowl","floor":44},{"not_picked":["Cleave+1","Pommel Strike+1"],"picked":"Reckless Charge+1","floor":45},{"not_picked":["Sword Boomerang+1","Corruption","Clash+1"],"picked":"Singing Bowl","floor":45},{"not_picked":["Sword Boomerang+1","Cleave+1","Iron Wave+1"],"picked":"Singing Bowl","floor":46},{"not_picked":["Clash+1","Second Wind+1","Clothesline+1"],"picked":"Singing Bowl","floor":46},{"not_picked":["Feel No Pain+1","Combust"],"picked":"Spot Weakness+1","floor":47},{"not_picked":["Exhume+1","True Grit+1"],"picked":"Warcry+1","floor":49}],"player_experience":53848,"relics_obtained":[{"floor":6,"key":"Toy Ornithopter"},{"floor":9,"key":"Anchor"},{"floor":13,"key":"Vajra"},{"floor":17,"key":"Red Skull"},{"floor":17,"key":"Shuriken"},{"floor":17,"key":"Prayer Wheel"},{"floor":23,"key":"Oddly Smooth Stone"},{"floor":24,"key":"Singing Bowl"},{"floor":26,"key":"Orichalcum"},{"floor":29,"key":"Letter Opener"},{"floor":39,"key":"Girya"},{"floor":43,"key":"Toxic Egg 2"},{"floor":44,"key":"Dream Catcher"},{"floor":47,"key":"Mercury Hourglass"}],"event_choices":[{"cards_removed":["Strike_R"],"damage_healed":0.0,"max_hp_gain":0.0,"max_hp_loss":0.0,"gold_gain":0.0,"event_name":"Golden Wing","player_choice":"Card Removal","floor":2.0,"gold_loss":0.0,"damage_taken":7.0},{"damage_healed":0.0,"max_hp_gain":0.0,"max_hp_loss":0.0,"gold_gain":275.0,"event_name":"Golden Shrine","player_choice":"Desecrate","floor":4.0,"gold_loss":0.0,"damage_taken":0.0,"cards_obtained":["Regret"]},{"cards_removed":["Regret"],"damage_healed":0,"gold_gain":0,"player_choice":"Forget","damage_taken":0,"max_hp_gain":0,"max_hp_loss":0,"event_name":"Living Wall","floor":7,"gold_loss":0},{"damage_healed":0,"gold_gain":100,"player_choice":"Bet on Murderer","damage_taken":0,"max_hp_gain":0,"max_hp_loss":0,"event_name":"The Joust","floor":19,"gold_loss":50},{"damage_healed":0,"gold_gain":0,"player_choice":"Max HP","damage_taken":0,"max_hp_gain":0,"max_hp_loss":5,"event_name":"Winding Halls","floor":36,"gold_loss":0},{"cards_removed":["Defend_R"],"damage_healed":0,"gold_gain":0,"player_choice":"Removed Skill","damage_taken":0,"max_hp_gain":0,"max_hp_loss":0,"event_name":"Falling","floor":37,"gold_loss":0},{"damage_healed":0,"gold_gain":0,"player_choice":"Fight","damage_taken":0,"max_hp_gain":0,"max_hp_loss":0,"event_name":"MindBloom","floor":39,"gold_loss":0}],"is_beta":false,"boss_relics":[{"not_picked":["SlaversCollar","Ectoplasm"],"picked":"Calling Bell"},{"not_picked":["Sozu","Runic Cube"],"picked":"Mark of Pain"}],"items_purged_floors":[12,38],"is_endless":false,"potions_floor_spawned":[3,5,6,13,16,18,22,29,44,45,47],"ascension_level":0}}