{"host":"kerxro2ytzukjey9","time":1609734724,"event":{"mods":["BaseMod","Colored Map","Downfall","Minty Spire (QoL Compilation)","Permanent Neow","StSLib"],"gold_per_floor":[99,125,234,257,286,142,142,162,204,204,238,257,257,296,319,432,432,357,367,386,411,291,324,362,391,432,529,391,422,461,508,543,666,678,690,714,746,818,717,746,778,801,828,850,876,912,540,573,590,590,590,626,75,75,75],"floor_reached":56,"playtime":6573,"items_purged":["champ:Strike","champ:Strike","Regret","Injury","champ:Defend"],"score":1601,"play_id":"639ff30d-2487-4197-8870-c538f487168b","local_time":"20210103233204","is_ascension_mode":true,"campfire_choices":[{"data":"champ:Taunt","floor":1.0,"key":"SMITH"},{"data":"champ:StanceDance","floor":10.0,"key":"SMITH"},{"floor":18,"key":"RECALL"},{"data":"champ:ArenaPreparation","floor":28,"key":"SMITH"},{"data":"champ:IgnorePain","floor":35,"key":"SMITH"},{"data":"champ:PerfectForm","floor":54,"key":"SMITH"}],"circlet_count":0,"master_deck":["champ:Strike","champ:Strike","champ:Defend","champ:Defend","champ:Defend","champ:Execute","champ:Taunt+1","champ:TornadoPunch","champ:ShieldSigil","champ:BladeFlurry","champ:StanceDance+1","champ:BladeFlurry","champ:Lariat","champ:FlashCut","champ:FocusedGladiator","champ:ShieldSlam","champ:ShieldWall","champ:ArenaPreparation","champ:BerserkersShout","champ:StrikeOfGenius","champ:ArenaPreparation+1","champ:RecklessLeap","champ:ShieldSigil","champ:RageSigil","champ:BladeFlurry","champ:Control+1","champ:SwordSigil+1","champ:CheapShot","champ:CrookedStrike+1","champ:IgnorePain+1","champ:Balance+1","champ:Aggression+1","champ:Lariat+1","champ:Circumvent+1","champ:BringItOn+1","champ:Circumvent","champ:PerfectForm+1","expansioncontent:StudyTheSpire","champ:ShieldSigil","champ:SwordSigil"],"relics":["champ:ChampionCrownUpgraded","CeramicFish","CloakClasp","Pantograph","Pocketwatch","Centennial Puzzle","TungstenRod","downfall:HeartBlessingGreen","MawBank","downfall:HeartBlessingRed","downfall:HeartBlessingBlue","Potion Belt","Cursed Key","Blood Vial","hexamod:BolsterEngine","champ:DefensiveTrainingManual","PreservedInsect","Regal Pillow","White Beast Statue","champ:FightingForDummies","Kunai","StoneCalendar","War Paint","Toolbox"],"acts_visited":["Exordium","TheCity","TheBeyond","TheEnding"],"potions_floor_usage":[31,50,52,55,55,55,55,55],"damage_taken":[{"damage":5.0,"enemies":"Jaw Worm","floor":2.0,"turns":4.0},{"damage":43.0,"enemies":"Jaw Worm","floor":3.0,"turns":12.0},{"damage":5.0,"enemies":"Small Slimes","floor":4.0,"turns":3.0},{"damage":5.0,"enemies":"Cultist","floor":5.0,"turns":4.0},{"damage":17.0,"enemies":"downfall:FleeingMerchant","floor":6.0,"turns":4.0},{"damage":6.0,"enemies":"3 Louse","floor":8.0,"turns":4.0},{"damage":15.0,"enemies":"3 Sentries","floor":9.0,"turns":5.0},{"damage":9.0,"enemies":"Gremlin Nob","floor":11.0,"turns":4.0},{"damage":13,"enemies":"Gremlin Gang","floor":12,"turns":3},{"damage":2,"enemies":"Lagavulin","floor":14,"turns":6},{"damage":6,"enemies":"Large Slime","floor":15,"turns":5},{"damage":44,"enemies":"downfall:Silent","floor":16,"turns":13},{"damage":22,"enemies":"Spheric Guardian","floor":19,"turns":3},{"damage":33,"enemies":"Centurion and Healer","floor":20,"turns":4},{"damage":30,"enemies":"Snake Plant","floor":21,"turns":2},{"damage":38,"enemies":"downfall:FleeingMerchant","floor":22,"turns":4},{"damage":33,"enemies":"Book of Stabbing","floor":23,"turns":4},{"damage":41,"enemies":"3 Cultists","floor":25,"turns":4},{"damage":22,"enemies":"Chosen and Byrds","floor":26,"turns":2},{"damage":46,"enemies":"Snecko","floor":29,"turns":2},{"damage":31,"enemies":"3 Cultists","floor":30,"turns":3},{"damage":52,"enemies":"Slavers","floor":31,"turns":2},{"damage":39,"enemies":"Centurion and Healer","floor":32,"turns":3},{"damage":86,"enemies":"downfall:Watcher","floor":33,"turns":6},{"damage":32,"enemies":"Orb Walker","floor":36,"turns":3},{"damage":32,"enemies":"3 Darklings","floor":37,"turns":3},{"damage":44,"enemies":"downfall:FleeingMerchant","floor":39,"turns":3},{"damage":64,"enemies":"Giant Head","floor":40,"turns":7},{"damage":32,"enemies":"Jaw Worm Horde","floor":42,"turns":3},{"damage":44,"enemies":"Nemesis","floor":43,"turns":2},{"damage":54,"enemies":"Maw","floor":44,"turns":4},{"damage":20,"enemies":"Spire Growth","floor":45,"turns":2},{"damage":29,"enemies":"Giant Head","floor":46,"turns":6},{"damage":34,"enemies":"Nemesis","floor":48,"turns":4},{"damage":28,"enemies":"Transient","floor":49,"turns":5},{"damage":66,"enemies":"downfall:Ironclad","floor":50,"turns":6},{"damage":81,"enemies":"downfall:CharBossMerchant","floor":52,"turns":5},{"damage":151,"enemies":"downfall:NeowBoss","floor":55,"turns":14}],"seed_played":"4298312109294309942","potions_obtained":[{"floor":2.0,"key":"LiquidMemories"},{"floor":8.0,"key":"LiquidBronze"},{"floor":11.0,"key":"LiquidBronze"},{"floor":12,"key":"SteroidPotion"},{"floor":15,"key":"DistilledChaos"},{"floor":31,"key":"Swift Potion"},{"floor":40,"key":"Swift Potion"},{"floor":42,"key":"Explosive Potion"},{"floor":44,"key":"champ:UltimateStancePotion"},{"floor":45,"key":"AttackPotion"},{"floor":49,"key":"Strength Potion"},{"floor":52,"key":"Fruit Juice"}],"is_trial":false,"path_per_floor":["R","M","?","M","M","$","T","M","E","R","E","M","?","E","M","B",null,"R","M","M","M","$","E","T","M","M","?","R","M","M","E","M","B",null,"R","M","M","?","$","E","T","M","E","M","M","E","$","E","M","B",null,"E","$","R","B",null],"character_chosen":"THE_CHAMP","items_purchased":["champ:Lariat","champ:RageSigil","champ:Lariat","hexamod:BolsterEngine","champ:DefensiveTrainingManual","sneckomod:MuddlingPotion","expansioncontent:StudyTheSpire","War Paint","Energy Potion","Toolbox","champ:SwordSigil"],"campfire_rested":0,"item_purchase_floors":[6,22,39,39,39,47,47,53,53,53,53],"current_hp_per_floor":[90,90,67,67,67,64,64,58,48,48,44,31,31,29,31,58,90,90,90,90,90,90,90,90,90,90,73,83,98,100,100,100,97,100,100,100,100,100,100,100,100,100,100,100,100,100,100,100,100,97,100,93,93,93,105],"gold":75,"neow_bonus":"RANDOM_COMMON_RELIC","is_daily":false,"chose_seed":false,"campfire_upgraded":5,"win_rate":0.0,"timestamp":1609734724,"path_taken":["R","M","?","M","M","$","T","M","E","R","E","M","?","E","M","BOSS","R","M","M","M","$","E","T","M","M","?","R","M","M","E","M","BOSS","R","M","M","?","$","E","T","M","E","M","M","E","$","E","M","BOSS","E","$","R","BOSS"],"items_purchased_type":["Card","Card","Card","Relic","Relic","Potion","Card","Relic","Potion","Relic","Card"],"build_version":"2020-12-22","purchased_purges":5,"victory":true,"max_hp_per_floor":[90,90,90,90,90,90,90,90,90,90,90,90,90,90,90,90,90,90,90,90,90,90,90,90,90,90,90,100,100,100,100,100,100,100,100,100,100,100,100,100,100,100,100,100,100,100,100,100,100,100,100,105,105,105,105],"card_choices":[{"not_picked":["champ:DefensiveShout","champ:FanOfKnives"],"picked":"champ:TornadoPunch","floor":2.0},{"not_picked":["champ:PerfectedStrike","champ:FaceSlap"],"picked":"champ:ShieldSigil","floor":3.0},{"not_picked":["champ:Haymaker","champ:ShieldWall"],"picked":"champ:BladeFlurry","floor":4.0},{"not_picked":["champ:FanOfKnives","champ:GutPunch"],"picked":"champ:StanceDance","floor":5.0},{"not_picked":["champ:Haymaker","champ:CrookedStrike"],"picked":"champ:BladeFlurry","floor":6.0},{"not_picked":["champ:BladeFlurry","champ:BringItOn"],"picked":"champ:FlashCut","floor":8.0},{"not_picked":["champ:Encircle","champ:IronFortress"],"picked":"champ:FocusedGladiator","floor":9.0},{"not_picked":["champ:FlashCut","champ:Shatter"],"picked":"champ:ShieldSlam","floor":11.0},{"not_picked":["champ:Backstep","champ:AdrenalArmor"],"picked":"champ:ShieldWall","floor":12},{"not_picked":["champ:CalledShot","champ:PerfectedStrike"],"picked":"champ:ArenaPreparation","floor":14},{"not_picked":["champ:Haymaker","champ:DefensiveShout"],"picked":"champ:BerserkersShout","floor":15},{"not_picked":["champ:Devastate","champ:SwordThrow"],"picked":"champ:StrikeOfGenius","floor":16},{"not_picked":["champ:Duel","champ:Haymaker+1","champ:EndlessRage"],"picked":"SKIP","floor":19},{"not_picked":["champ:GutPunch","champ:BringItOn"],"picked":"champ:ArenaPreparation","floor":20},{"not_picked":["champ:BerserkersShout","champ:BladeFlurry"],"picked":"champ:RecklessLeap","floor":21},{"not_picked":["champ:FlashCut","champ:PreciseThrust"],"picked":"champ:ShieldSigil","floor":22},{"not_picked":["champ:FanOfKnives","champ:FightOn","champ:FocusedGladiator"],"picked":"SKIP","floor":23},{"not_picked":["champ:FanOfKnives","champ:StanceDance","champ:PerfectedStrike"],"picked":"SKIP","floor":25},{"not_picked":["champ:Haymaker","champ:FlashCut+1"],"picked":"champ:BladeFlurry","floor":26},{"not_picked":["champ:CrownThrow","champ:BladeFlurry"],"picked":"champ:Control+1","floor":29},{"not_picked":["champ:FocusedBerserking+1","champ:SkillfulDodge"],"picked":"champ:SwordSigil","floor":30},{"not_picked":["champ:Encircle","champ:EnGarde"],"picked":"champ:CheapShot","floor":31},{"not_picked":["champ:IronFortress+1","champ:EndlessRage"],"picked":"champ:CrookedStrike+1","floor":32},{"not_picked":["champ:HoldFirm","champ:MurderStrike"],"picked":"champ:IgnorePain","floor":33},{"not_picked":["champ:GladiatorsShout","champ:Haymaker+1","champ:BerserkerStyle"],"picked":"SKIP","floor":36},{"not_picked":["champ:TornadoPunch","champ:FlashCut"],"picked":"champ:Balance+1","floor":37},{"not_picked":["champ:FightOn","champ:Circumvent"],"picked":"champ:Aggression+1","floor":39},{"not_picked":["champ:TornadoPunch+1","champ:DefensiveShout+1","champ:Lariat"],"picked":"SKIP","floor":40},{"not_picked":["champ:StanceDance","champ:Encircle"],"picked":"champ:Circumvent+1","floor":42},{"not_picked":["champ:FlashCut+1","champ:Haymaker","champ:FocusedDefense"],"picked":"SKIP","floor":43},{"not_picked":["champ:FlashCut","champ:FanOfKnives+1"],"picked":"champ:BringItOn+1","floor":44},{"not_picked":["champ:RageSigil+1","champ:DefensiveShout"],"picked":"champ:Circumvent","floor":45},{"not_picked":["champ:SteelEdge","champ:BladeFlurry+1"],"picked":"champ:PerfectForm","floor":46},{"not_picked":["champ:HeartStrike","champ:StanceDance","champ:Improvising"],"picked":"SKIP","floor":48},{"not_picked":["champ:DefensiveShout","champ:Backstep+1","champ:FanOfKnives"],"picked":"SKIP","floor":49},{"not_picked":["champ:Backstep","champ:HeartStrike+1"],"picked":"champ:ShieldSigil","floor":52}],"player_experience":752455,"relics_obtained":[{"floor":3.0,"key":"CloakClasp"},{"floor":7.0,"key":"Pantograph"},{"floor":9.0,"key":"Pocketwatch"},{"floor":11.0,"key":"Centennial Puzzle"},{"floor":14,"key":"TungstenRod"},{"floor":23,"key":"MawBank"},{"floor":31,"key":"Potion Belt"},{"floor":38,"key":"Blood Vial"},{"floor":40,"key":"PreservedInsect"},{"floor":41,"key":"Regal Pillow"},{"floor":43,"key":"White Beast Statue"},{"floor":46,"key":"champ:FightingForDummies"},{"floor":48,"key":"Kunai"},{"floor":52,"key":"StoneCalendar"}],"event_choices":[],"is_beta":false,"boss_relics":[{"not_picked":["Astrolabe","Runic Dome"],"picked":"champ:ChampionCrownUpgraded"},{"not_picked":["Fusion Hammer","SacredBark"],"picked":"Cursed Key"}],"items_purged_floors":[6,22,39,47,53],"is_endless":false,"potions_floor_spawned":[2,8,11,12,15,20,23,25,29,30,31,40,42,44,45,46,48,49,52],"ascension_level":2}}