{"host":"qwv9nni2x0umspiu","time":1609724784,"event":{"mods":["BaseMod","Downfall","Minty Spire (QoL Compilation)","Replay The Spire","StSLib","The Hierophant","Wandering Minibosses"],"gold_per_floor":[114,133,133,151,151,151,160,160,160,178,170,184,194,206,206,206,206],"floor_reached":16,"playtime":433,"items_purged":[],"score":228,"play_id":"d7a9cdfd-32a1-4615-9e3e-4e775964419d","local_time":"20210103174624","is_ascension_mode":true,"campfire_choices":[{"data":"hierophant:Punish","floor":6,"key":"SMITH"},{"floor":15,"key":"REST"}],"circlet_count":0,"master_deck":["AscendersBane","hierophant:Strike_Hierophant+1","hierophant:Strike_Hierophant","hierophant:Strike_Hierophant+1","hierophant:Punish+1","hierophant:Defend_Hierophant","hierophant:Defend_Hierophant","hierophant:Defend_Hierophant","hierophant:ChurchCoffers+1","hierophant:HammerAndAnvil","hierophant:Shelter","hierophant:Smite","hierophant:SealAway"],"relics":["hierophant:PropheticMaskRelic","NeowsBlessing","HornCleat","Whetstone","Replay:Kaleidoscope"],"acts_visited":["Exordium"],"potions_floor_usage":[7,7,12],"damage_taken":[{"damage":0,"enemies":"2 Louse","floor":1,"turns":1},{"damage":0,"enemies":"Cultist","floor":2,"turns":1},{"damage":0,"enemies":"Jaw Worm","floor":4,"turns":1},{"damage":24,"enemies":"Gremlin Nob","floor":7,"turns":4},{"damage":2,"enemies":"2 Fungi Beasts","floor":10,"turns":3},{"damage":8,"enemies":"Large Slime","floor":11,"turns":3},{"damage":0,"enemies":"Looter","floor":12,"turns":1},{"damage":5,"enemies":"Gremlin Gang","floor":13,"turns":3},{"damage":16,"enemies":"Lagavulin","floor":14,"turns":5},{"damage":0,"enemies":"Fading Forest","floor":16,"turns":1}],"seed_played":"-6627720397830508493","potions_obtained":[{"floor":1,"key":"LifebloodPotion"},{"floor":2,"key":"Swift Potion"},{"floor":7,"key":"AttackPotion"}],"is_trial":false,"path_per_floor":["M","M","?","M","?","R","E","?","T","M","M","M","M","E","R","B"],"character_chosen":"HIEROPHANT","items_purchased":[],"campfire_rested":1,"item_purchase_floors":[],"current_hp_per_floor":[68,68,68,68,61,61,37,37,37,35,27,27,22,6,28,28,28],"gold":206,"neow_bonus":"THREE_ENEMY_KILL","is_daily":false,"chose_seed":false,"campfire_upgraded":1,"win_rate":0.0,"timestamp":1609724784,"path_taken":["M","M","?","?","?","R","E","?","T","M","M","M","M","E","R","BOSS"],"items_purchased_type":[],"build_version":"2020-12-22","purchased_purges":0,"victory":false,"max_hp_per_floor":[75,75,75,75,75,75,75,75,75,75,75,75,75,75,75,75,75],"card_choices":[{"not_picked":["hierophant:Flagellation","hierophant:SecretStash","hierophant:ConvertCurrency"],"picked":"SKIP","floor":1},{"not_picked":["hierophant:SealAway","hierophant:Remorse"],"picked":"hierophant:HammerAndAnvil","floor":2},{"not_picked":["hierophant:SolarFlare","hierophant:FlamingChariot","hierophant:Purify"],"picked":"SKIP","floor":4},{"not_picked":["hierophant:LocustPlague","hierophant:FlamingChariot"],"picked":"hierophant:Shelter","floor":7},{"not_picked":["hierophant:AuricBeam","hierophant:Endure","hierophant:Shelter"],"picked":"SKIP","floor":10},{"not_picked":["hierophant:DisplayOfPower","hierophant:OrnateBuckler"],"picked":"hierophant:Smite","floor":11},{"not_picked":["hierophant:Refuge","hierophant:DisplayOfPower","hierophant:Sermon"],"picked":"SKIP","floor":12},{"not_picked":["hierophant:Shelter","hierophant:AuricBeam"],"picked":"hierophant:SealAway","floor":13},{"not_picked":["hierophant:Patience","hierophant:DeathKnell","hierophant:ThreeLashes"],"picked":"SKIP","floor":14}],"player_experience":1336718,"relics_obtained":[{"floor":7,"key":"HornCleat"},{"floor":9,"key":"Whetstone"},{"floor":14,"key":"Replay:Kaleidoscope"}],"event_choices":[{"damage_healed":0,"gold_gain":0,"player_choice":"Forge","damage_taken":0,"max_hp_gain":0,"max_hp_loss":0,"event_name":"Accursed Blacksmith","floor":3,"gold_loss":0,"cards_upgraded":["hierophant:ChurchCoffers"]},{"cards_removed":["hierophant:Defend_Hierophant"],"damage_healed":0,"gold_gain":0,"player_choice":"Card Removal","damage_taken":7,"max_hp_gain":0,"max_hp_loss":0,"event_name":"Golden Wing","floor":5,"gold_loss":0}],"is_beta":false,"boss_relics":[],"items_purged_floors":[],"is_endless":false,"potions_floor_spawned":[1,2,7],"killed_by":"Fading Forest","ascension_level":20}}