{"host":"uyp13icwa33nzjib","time":1609783732,"event":{"mods":["AchievementEnabler","BaseMod","BetterRewards","Colored Map","Colored Powertips","Defuse TimeMaze Blight","Infinite Spire","Mimic Mod","Minty Spire (QoL Compilation)","Quick Restart","Relic Stats","Replay The Spire","StSLib","UnlockEverythingMod"],"gold_per_floor":[116,127,127,141,14,47,47,75,99,99,129,146,160,192,192,296,296,309,324,324,343,258,258,292,292,292,292,322,339,368,397,397,495,495,514,524,534,534,534,562,562],"floor_reached":40,"playtime":1645,"items_purged":["Defend_G","Defend_G"],"score":624,"play_id":"ef709c3c-c843-4ab2-b24b-7697eb682ba3","local_time":"20210104130852","daily_mods":["Red Cards","Green Cards","Blue Cards","Purple Cards","Heirloom","DeadlyEvents","Elite Swarm","Lethality","Uncertain Future"],"is_ascension_mode":false,"campfire_choices":[{"data":"Venomology","floor":7,"key":"SMITH"},{"data":"ReplayTheSpireMod:Fabricate Wheel","floor":10,"key":"SMITH"},{"data":"Judgement","floor":15,"key":"SMITH"},{"data":"infinitespire:OneForAll","floor":23,"key":"SMITH"},{"floor":27,"key":"REST"},{"floor":32,"key":"REST"}],"circlet_count":0,"master_deck":["Strike_G","Strike_G","Strike_G","Strike_G","Strike_G","Defend_G","Defend_G","Defend_G","Survivor","Neutralize","Run Through","BootSequence","Neutralize","Flex","Sword Boomerang","Venomology+1","Seek","Reaper","Glacier","Conserve Battery","FollowUp","Flame Barrier","Judgement+1","Demon Form","Steam","Body Slam+1","infinitespire:OneForAll+1","Flying Knee+1","Dagger Spray","WreathOfFlame","Adrenaline","Feed","Backflip","Dodge and Roll","Impervious","Bane+1","Consecrate+1","Pommel Strike","Skim+1","Life Link","Judgement"],"relics":["Ring of the Snake","Thread and Needle","Boot","Bag of Marbles","PreservedInsect","Prayer Wheel","Pear","Art of War","infinitespire:FocusingShard","Replay:Kaleidoscope","Blue Doll","Nilry\u0027s Codex","Mirror","Mercury Hourglass","infinitespire:BottledMercury","Girya","Snecko Heart","Happy Flower","infinitespire:Magic Flask"],"acts_visited":["Exordium","TheCity","TheBeyond"],"potions_floor_usage":[8,8,11,11,16,16,18,19,21,24,28,28,30,30,33,33,33,37,37,38,40,40],"damage_taken":[{"damage":0,"enemies":"Cultist","floor":1,"turns":2},{"damage":0,"enemies":"Jaw Worm","floor":2,"turns":3},{"damage":0,"enemies":"2 Louse","floor":4,"turns":2},{"damage":8,"enemies":"Gremlin Nob","floor":6,"turns":3},{"damage":11,"enemies":"Lagavulin","floor":8,"turns":3},{"damage":8,"enemies":"3 Sentries","floor":11,"turns":5},{"damage":0,"enemies":"Large Slime","floor":12,"turns":2},{"damage":0,"enemies":"Exordium Wildlife","floor":13,"turns":2},{"damage":0,"enemies":"Lagavulin","floor":14,"turns":4},{"damage":51,"enemies":"The Guardian","floor":16,"turns":13},{"damage":2,"enemies":"Spheric Guardian","floor":18,"turns":3},{"damage":0,"enemies":"2 Thieves","floor":19,"turns":3},{"damage":0,"enemies":"3 Cultists","floor":21,"turns":3},{"damage":26,"enemies":"Nightmare","floor":24,"turns":6},{"damage":5,"enemies":"Replay:Snechameleon","floor":28,"turns":3},{"damage":9,"enemies":"Snecko","floor":29,"turns":3},{"damage":29,"enemies":"Gremlin Leader","floor":30,"turns":5},{"damage":0,"enemies":"Book of Stabbing","floor":31,"turns":2},{"damage":67,"enemies":"Collector","floor":33,"turns":8},{"damage":9,"enemies":"3 Shapes","floor":35,"turns":1},{"damage":1,"enemies":"Orb Walker","floor":36,"turns":3},{"damage":12,"enemies":"4 Shapes","floor":37,"turns":3},{"damage":10,"enemies":"R_Hoarder","floor":40,"turns":5}],"seed_played":"-5352081621130630943","potions_obtained":[{"floor":1,"key":"SkillPotion"},{"floor":2,"key":"Regen Potion"},{"floor":4,"key":"LiquidMemories"},{"floor":16,"key":"Weak Potion"},{"floor":19,"key":"AttackPotion"},{"floor":28,"key":"Dexterity Potion"},{"floor":33,"key":"Fruit Juice"},{"floor":35,"key":"Weak Potion"},{"floor":38,"key":"Fruit Juice"},{"floor":38,"key":"Languid Potion"},{"floor":38,"key":"Energy Potion"},{"floor":40,"key":"Block Potion"}],"is_trial":true,"path_per_floor":["M","M","?","M","$","E","R","E","T","R","E","M","M","E","R","B",null,"M","M","AVR","M","?","R","NM","?","T","R","E","M","E","E","R","B",null,"M","M","M","?","AVR","E"],"character_chosen":"THE_SILENT","items_purchased":["Sword Boomerang"],"campfire_rested":2,"item_purchase_floors":[5],"current_hp_per_floor":[70,70,70,70,70,62,62,51,51,51,67,67,80,80,80,36,80,78,80,80,80,80,80,54,38,38,62,57,58,36,36,60,18,85,85,84,75,80,80,78,78],"gold":562,"neow_bonus":"","is_daily":false,"chose_seed":false,"campfire_upgraded":4,"win_rate":0.0,"timestamp":1609783732,"path_taken":["M","?","?","M","$","E","R","E","T","R","?","M","M","E","R","BOSS","M","M","AVR","M","?","R","NM","?","T","R","E","M","E","?","R","BOSS","M","M","M","?","AVR","E"],"items_purchased_type":["Card"],"build_version":"2020-12-22","purchased_purges":2,"victory":false,"max_hp_per_floor":[70,70,70,70,70,70,70,70,70,70,80,80,80,80,80,80,80,80,80,80,80,80,80,80,80,80,80,80,80,80,80,80,85,85,85,85,88,93,93,93,93],"relic_stats":{"Happy Flower":[1],"counters":[23,87],"Prayer Wheel":9,"PreservedInsect":307,"Art of War":[2],"Boot":[7],"obtain_stats":[{"infinitespire:BottledMercury":30,"Girya":31,"Pear":11,"Snecko Heart":34,"Happy Flower":39,"Nilry\u0027s Codex":25,"Thread and Needle":0,"Blue Doll":24,"PreservedInsect":9,"infinitespire:FocusingShard":20,"Replay:Kaleidoscope":22,"infinitespire:Magic Flask":40,"Boot":6,"Mercury Hourglass":28,"Prayer Wheel":11,"Bag of Marbles":8,"Art of War":14,"Mirror":26,"Ring of the Snake":0},{"infinitespire:BottledMercury":17,"Girya":18,"Pear":6,"Snecko Heart":19,"Happy Flower":22,"Nilry\u0027s Codex":14,"Thread and Needle":0,"Blue Doll":14,"PreservedInsect":5,"infinitespire:FocusingShard":12,"Replay:Kaleidoscope":13,"infinitespire:Magic Flask":23,"Boot":4,"Mercury Hourglass":15,"Prayer Wheel":6,"Bag of Marbles":5,"Art of War":9,"Mirror":14,"Ring of the Snake":0},{"infinitespire:BottledMercury":65,"Girya":67,"Pear":18,"Snecko Heart":75,"Happy Flower":82,"Nilry\u0027s Codex":54,"Thread and Needle":0,"Blue Doll":54,"PreservedInsect":13,"infinitespire:FocusingShard":45,"Replay:Kaleidoscope":48,"infinitespire:Magic Flask":87,"Boot":10,"Mercury Hourglass":57,"Prayer Wheel":14,"Bag of Marbles":13,"Art of War":26,"Mirror":54,"Ring of the Snake":0}],"Ring of the Snake":[46],"Mercury Hourglass":[132]},"card_choices":[{"not_picked":["BasicCrystalCard","Replay:Anticipation"],"picked":"Run Through","floor":1},{"not_picked":["Burning Pact","Dodge and Roll"],"picked":"BootSequence","floor":2},{"not_picked":["SashWhip","Halt"],"picked":"Flex","floor":4},{"not_picked":["Tools of the Trade","ConjureBlade"],"picked":"Venomology","floor":6},{"not_picked":["Juggernaut","Scrawl"],"picked":"ReplayTheSpireMod:Fabricate Wheel","floor":8},{"not_picked":["Envenom","Wish"],"picked":"Reaper","floor":11},{"not_picked":["Gash","WheelKick"],"picked":"Glacier","floor":12},{"not_picked":["Backflip","Dagger Throw"],"picked":"Conserve Battery","floor":12},{"not_picked":["Sanctity","PathToVictory"],"picked":"FollowUp","floor":13},{"not_picked":["Barrage","Steam"],"picked":"Flame Barrier","floor":13},{"not_picked":["Fiend Fire","Envenom"],"picked":"Judgement","floor":14},{"not_picked":["Exhume","Machine Learning"],"picked":"Demon Form","floor":16},{"not_picked":["Scrape","Slice"],"picked":"Steam","floor":18},{"not_picked":["ReplayTheSpireMod:Muscle Training","Replay:AtTheReady"],"picked":"Body Slam+1","floor":18},{"not_picked":["BasicCrystalCard","SignatureMove+1"],"picked":"infinitespire:OneForAll","floor":19},{"not_picked":["True Grit","Crescendo"],"picked":"Flying Knee+1","floor":19},{"not_picked":["ReplayTheSpireMod:Reroute Power","Endless Agony"],"picked":"Dagger Spray","floor":21},{"not_picked":["Pray+1","BasicCrystalCard"],"picked":"WreathOfFlame","floor":21},{"not_picked":["Bullet Time","Replay:Bag of Tricks"],"picked":"Adrenaline","floor":24},{"not_picked":["Exhume","Machine Learning"],"picked":"Feed","floor":28},{"not_picked":["Barrage","Dagger Spray"],"picked":"Backflip","floor":29},{"not_picked":["JustLucky","Streamline"],"picked":"Dodge and Roll","floor":29},{"not_picked":["Machine Learning","Multi-Cast","Fission"],"picked":"SKIP","floor":30},{"not_picked":["Brutality","Corruption","Meteor Strike"],"picked":"SKIP","floor":31},{"not_picked":["Devotion","Unload"],"picked":"Impervious","floor":33},{"not_picked":["Gash+1","Setup"],"picked":"Bane+1","floor":35},{"not_picked":["Protect","Gash"],"picked":"Consecrate+1","floor":35},{"not_picked":["ReplaySolidLightProjector","Halt"],"picked":"Pommel Strike","floor":36},{"not_picked":["Beam Cell","ReplayTheSpireMod:Exploit Weakness"],"picked":"Skim+1","floor":36},{"not_picked":["Panic Button","Run Through"],"picked":"Life Link","floor":37},{"not_picked":["ReplayTheSpireMod:Reroute Power","Warcry+1","Quick Slash"],"picked":"SKIP","floor":37},{"not_picked":["Hyperbeam","Brutality"],"picked":"Judgement","floor":40}],"player_experience":316871,"relics_obtained":[{"floor":6,"key":"Boot"},{"floor":8,"key":"Bag of Marbles"},{"floor":9,"key":"PreservedInsect"},{"floor":11,"key":"Pear"},{"floor":14,"key":"Art of War"},{"floor":24,"key":"Blue Doll"},{"floor":25,"key":"Nilry\u0027s Codex"},{"floor":26,"key":"Mirror"},{"floor":28,"key":"Mercury Hourglass"},{"floor":30,"key":"infinitespire:BottledMercury"},{"floor":31,"key":"Girya"},{"floor":40,"key":"infinitespire:Magic Flask"}],"event_choices":[{"damage_healed":0,"gold_gain":0,"player_choice":"1 cards matched","damage_taken":0,"max_hp_gain":0,"max_hp_loss":0,"event_name":"Match and Keep!","floor":3,"gold_loss":0,"cards_obtained":["Neutralize"]},{"damage_healed":0,"gold_gain":0,"player_choice":"Obtained Relic","damage_taken":0,"relics_obtained":["Replay:Kaleidoscope"],"max_hp_gain":0,"max_hp_loss":0,"event_name":"Addict","floor":22,"gold_loss":85},{"damage_healed":0,"gold_gain":0,"player_choice":"Obtained Book","damage_taken":16,"max_hp_gain":0,"max_hp_loss":0,"event_name":"Cursed Tome","floor":25,"gold_loss":0},{"damage_healed":0,"gold_gain":0,"player_choice":"Got Potions","damage_taken":0,"max_hp_gain":0,"max_hp_loss":0,"event_name":"Lab","floor":38,"gold_loss":0}],"is_beta":false,"boss_relics":[{"not_picked":["Sozu","Fusion Hammer","Snecko Scales"]},{"not_picked":["Kintsugi","ChewingGum"],"picked":"Snecko Heart"}],"items_purged_floors":[5,39],"is_endless":true,"potions_floor_spawned":[1,2,4,14,16,19,21,28,30,33,35,40],"killed_by":"R_Hoarder","ascension_level":0}}