{"host":"qm4rv4rkpk76sbxu","time":1609784590,"event":{"mods":["BaseMod","Bestiary","Block Reminder","Filter the Spire","Keyboard Shortcuts","Minty Spire (QoL Compilation)","MonsterHotkey","Potion Indicator Mod","Quick Restart","Relic Stats","Slay-I","StSLib","ojb\u0027s Better Paths Mod"],"gold_per_floor":[18,18,18,33,47,47,77,93,93,93,93,93],"floor_reached":11,"playtime":389,"items_purged":[],"score":146,"play_id":"a7cf040e-13ec-4ec6-8c25-b34cb20a450b","local_time":"20210104192310","is_ascension_mode":true,"campfire_choices":[{"data":"Blur","floor":6.0,"key":"SMITH"},{"data":"Dagger Spray","floor":10.0,"key":"SMITH"}],"circlet_count":0,"master_deck":["AscendersBane","Strike_G","Strike_G","Strike_G","Strike_G","Strike_G","Defend_G","Defend_G","Defend_G","Defend_G","Defend_G","Survivor","Neutralize+1","Backflip","Blur+1","Dagger Spray+1","Footwork"],"relics":["Ring of the Snake","FossilizedHelix","Regal Pillow","Kunai"],"acts_visited":["Exordium"],"potions_floor_usage":[11],"damage_taken":[{"damage":0.0,"enemies":"2 Louse","floor":1.0,"turns":3.0},{"damage":0.0,"enemies":"Cultist","floor":4.0,"turns":4.0},{"damage":0.0,"enemies":"Small Slimes","floor":5.0,"turns":4.0},{"damage":21.0,"enemies":"Gremlin Nob","floor":7.0,"turns":6.0},{"damage":0.0,"enemies":"Red Slaver","floor":8.0,"turns":5.0},{"damage":32,"enemies":"Lagavulin","floor":11,"turns":13}],"seed_played":"-7221151533126919244","potions_obtained":[{"floor":5.0,"key":"CultistPotion"},{"floor":8.0,"key":"SpeedPotion"}],"is_trial":false,"path_per_floor":["M","?","$","M","M","R","E","M","T","R","E"],"character_chosen":"THE_SILENT","items_purchased":[],"campfire_rested":0,"item_purchase_floors":[],"current_hp_per_floor":[59,59,59,59,59,59,38,38,38,38,6,6],"gold":93,"neow_bonus":"ONE_RARE_RELIC","is_daily":false,"chose_seed":false,"campfire_upgraded":2,"win_rate":0.0,"timestamp":1609784590,"path_taken":["M","?","$","M","M","R","E","M","T","R","E"],"items_purchased_type":[],"build_version":"2020-12-22","purchased_purges":0,"victory":false,"max_hp_per_floor":[66,66,66,66,66,66,66,66,66,66,66,66],"relic_stats":{"Regal Pillow":0,"counters":[6,35],"Kunai":[6],"obtain_stats":[{"Regal Pillow":7,"Kunai":9,"FossilizedHelix":0,"Ring of the Snake":0},{"Regal Pillow":4,"Kunai":5,"FossilizedHelix":0,"Ring of the Snake":0},{"Regal Pillow":17,"Kunai":22,"FossilizedHelix":0,"Ring of the Snake":0}],"Ring of the Snake":[12]},"card_choices":[{"not_picked":["Sucker Punch","Outmaneuver"],"picked":"Backflip","floor":1.0},{"not_picked":["Outmaneuver","Cloak And Dagger"],"picked":"Blur","floor":4.0},{"not_picked":["Prepared","Concentrate","Eviscerate"],"picked":"SKIP","floor":5.0},{"not_picked":["Cloak And Dagger","Blade Dance"],"picked":"Dagger Spray","floor":7.0},{"not_picked":["Leg Sweep","Quick Slash"],"picked":"Footwork","floor":8.0}],"player_experience":1211826,"relics_obtained":[{"floor":7.0,"key":"Regal Pillow"},{"floor":9.0,"key":"Kunai"}],"event_choices":[{"damage_healed":0.0,"max_hp_gain":0.0,"max_hp_loss":0.0,"gold_gain":0.0,"event_name":"Upgrade Shrine","player_choice":"Upgraded","floor":2.0,"gold_loss":0.0,"damage_taken":0.0,"cards_upgraded":["Neutralize"]}],"is_beta":false,"boss_relics":[],"items_purged_floors":[],"is_endless":false,"potions_floor_spawned":[5,8],"killed_by":"Lagavulin","ascension_level":20}}