{"host":"hfvpa4llnnjpeawn","time":1609737070,"event":{"mods":["2.2 Compatiblity","AchievementEnabler","Act Like it!","Aspiration","Bard","BaseMod","Beaked The Cultist","Better Sensory Stone","Better Skull","Better Third Choice","BetterRewards","CapriCore","Conspire","Downfall","Elementarium","Energized Spire","Hubris","Infinite Spire","Jorbs\u0027s Wanderer Trilogy","Minty Spire (QoL Compilation)","Replay The Spire","Shade Mod","Spicy Shops","StSLib","The Bladedancer","The Factory","The Gatherer","The Jungle","Waifu the Spire","Wandering Minibosses"],"gold_per_floor":[109,9,9,29,40,40,71,71,71,96,109,109,136,151,151,228,228,243,277,277,302,312,312,337,351,401,401,418,453,453,453,453,530,530,545,560,560,605,605,605,605,605,605,620,634,634,634,634,634,634,634,634],"floor_reached":51,"playtime":1950,"items_purged":[],"score":1812,"play_id":"d4384be5-1943-4304-a8e1-724e9ac02fb6","local_time":"20210104001110","is_ascension_mode":true,"campfire_choices":[{"data":"Ghostly","floor":6,"key":"SMITH"},{"data":"Heavy Blade","floor":8,"key":"SMITH"},{"data":"infinitespire:FinalStrike","floor":15,"key":"SMITH"},{"data":"Elementarium:IceblessedBlade","floor":23,"key":"SMITH"},{"data":"hubris:InfiniteBlow+2","floor":32,"key":"SMITH"},{"floor":40,"key":"REST"},{"floor":42,"key":"REST"},{"data":"hubris:InfiniteBlow+3","floor":47,"key":"SMITH"},{"floor":49,"key":"DIG"}],"circlet_count":0,"master_deck":["AscendersBane","Strike_R","Strike_R","Strike_R","Strike_R","Strike_R","Defend_R","Defend_R","Defend_R","Defend_R+1","Bash","Heavy Blade+1","Ghostly+1","Twin Strike","Shockwave+1","Cleave","Impervious","infinitespire:FinalStrike+1","Pommel Strike","Limit Break","Elementarium:IceblessedBlade+1","Injury","Pummel","hubris:InfiniteBlow+4","Offering"],"relics":["Burning Blood","Brimstone","Blue Doll","infinitespire:ShieldingShard","infinitespire:Satchel","Replay:Bottled Snecko","Snack Pack","infinitespire:Burning Sword","Elementarium:GoldenMirage","aspiration:TomeofQuesting","Gremlin Food","Regal Pillow","Bronze Scales","Medical Kit","Elementarium:ElementariumTrophy","Busted Crown","conspire:Boomerang","ReplayTheSpireMod:Ring of Exchange","Ring of Misfortune","hubris:Zylophone","Bottled Lightning"],"acts_visited":["Exordium","Exordium","TheBeyond"],"potions_floor_usage":[7,29,33,50],"damage_taken":[{"damage":8,"enemies":"Jaw Worm","floor":1,"turns":3},{"damage":6,"enemies":"Small Slimes","floor":4,"turns":3},{"damage":0,"enemies":"2 Louse","floor":5,"turns":2},{"damage":0,"enemies":"Gremlin Nob","floor":7,"turns":2},{"damage":18,"enemies":"3 Sentries","floor":10,"turns":5},{"damage":0,"enemies":"Looter","floor":11,"turns":3},{"damage":0,"enemies":"Gremlin Nob","floor":13,"turns":3},{"damage":0,"enemies":"2 Fungi Beasts","floor":14,"turns":2},{"damage":18,"enemies":"Hexaghost","floor":16,"turns":5},{"damage":0,"enemies":"Elementarium:2_ELEMENTALS","floor":18,"turns":3},{"damage":5,"enemies":"Elementarium:GOLDEN_STATUES","floor":19,"turns":3},{"damage":0,"enemies":"conspire:MimicChest","floor":21,"turns":3},{"damage":3,"enemies":"Elementarium:Cyclone","floor":22,"turns":3},{"damage":11,"enemies":"Elementarium:ElementalPortal","floor":24,"turns":5},{"damage":0,"enemies":"Elementarium:VOID_CORRUPTION_AND_TAR_GOLEM","floor":25,"turns":2},{"damage":12,"enemies":"Elementarium:3_ELEMENTALS","floor":28,"turns":4},{"damage":13,"enemies":"Elementarium:WarGolem","floor":29,"turns":3},{"damage":58,"enemies":"Elementarium:GoldenDragon","floor":33,"turns":4},{"damage":10,"enemies":"3 Darklings","floor":35,"turns":3},{"damage":20,"enemies":"3 Shapes","floor":36,"turns":3},{"damage":38,"enemies":"2 Orb Walkers","floor":38,"turns":3},{"damage":0,"enemies":"Transient","floor":44,"turns":6},{"damage":0,"enemies":"Sphere and 2 Shapes","floor":45,"turns":3},{"damage":2,"enemies":"Donu and Deca","floor":50,"turns":6},{"damage":188,"enemies":"conspire:OrnateMirror","floor":51,"turns":4}],"seed_played":"-5479961163712057735","potions_obtained":[{"floor":4,"key":"ColorlessPotion"},{"floor":7,"key":"Elixir"},{"floor":21,"key":"champ:CounterPotion"},{"floor":24,"key":"AttackPotion"},{"floor":44,"key":"DistilledChaos"}],"is_trial":false,"path_per_floor":["M","?","?","M","M","R","E","R","T","E","M","?","E","M","R","B",null,"M","?","?","?","M","R","E","M","T","?","M","E","?","AVR","R","B",null,"M","M","$","?","?","R","?","R","T","M","M","?","R","AVR","R","B","B"],"character_chosen":"IRONCLAD","items_purchased":["Brimstone","Blue Doll"],"campfire_rested":2,"item_purchase_floors":[0,0],"current_hp_per_floor":[58,58,54,54,60,60,66,66,66,54,60,42,48,56,56,44,67,73,74,74,75,75,75,70,75,75,81,75,68,70,70,70,18,65,61,47,47,17,17,56,56,81,81,81,81,77,77,77,77,77,0,0],"gold":634,"neow_bonus":"","is_daily":false,"chose_seed":false,"campfire_upgraded":6,"win_rate":0.0,"timestamp":1609737070,"path_taken":["M","?","?","M","M","R","E","R","T","E","M","?","E","M","R","BOSS","M","?","?","?","?","R","E","M","T","?","M","E","?","AVR","R","BOSS","M","M","$","?","?","R","?","R","T","?","M","?","R","AVR","R","BOSS","BOSS"],"items_purchased_type":["Relic","Relic"],"build_version":"2020-12-22","purchased_purges":0,"victory":false,"max_hp_per_floor":[75,75,75,75,75,75,75,75,75,75,75,75,75,75,75,75,75,75,75,75,75,75,75,75,75,75,81,81,81,81,81,81,81,81,81,81,81,81,81,81,81,81,81,81,81,77,77,77,77,77,77,77],"card_choices":[{"not_picked":["True Grit","Massacre"],"picked":"Heavy Blade","floor":1},{"not_picked":["Spot Weakness","Clash"],"picked":"Twin Strike","floor":4},{"not_picked":["Flex","Rage"],"picked":"Shockwave","floor":5},{"not_picked":["Headbutt","Shockwave"],"picked":"Cleave","floor":7},{"not_picked":["Battle Trance","True Grit"],"picked":"Impervious","floor":10},{"not_picked":["Warcry","Rampage","Perfected Strike"],"picked":"SKIP","floor":11},{"not_picked":["infinitespire:FutureSight","infinitespire:Collect"],"picked":"infinitespire:FinalStrike","floor":12},{"not_picked":["Thunderclap","Evolve"],"picked":"Pommel Strike","floor":13},{"not_picked":["Burning Pact","Warcry","Replay:Undeath\u0027s Touch"],"picked":"SKIP","floor":14},{"not_picked":["Eclipse","Demonic Infusion"],"picked":"Limit Break","floor":16},{"not_picked":["Hemokinesis","ReplayTheSpireMod:Corrosion Curse","Sever Soul"],"picked":"SKIP","floor":18},{"not_picked":["Sentinel","Sword Boomerang+1","Wild Strike"],"picked":"SKIP","floor":22},{"not_picked":["Sword Boomerang","Demonic Infusion","Anger+1"],"picked":"SKIP","floor":24},{"not_picked":["Pommel Strike","Sword Boomerang"],"picked":"Pummel","floor":25},{"not_picked":["Intimidate","Replay:Undeath\u0027s Touch","hubris:ReadiedAction"],"picked":"SKIP","floor":28},{"not_picked":["hubris:ReadiedAction","Havoc","Iron Wave"],"picked":"SKIP","floor":29},{"not_picked":["Berserk","Brutality"],"picked":"Offering","floor":33},{"not_picked":["Heavy Blade"],"picked":"SKIP","floor":35},{"not_picked":["Flex"],"picked":"SKIP","floor":36},{"not_picked":["True Grit"],"picked":"SKIP","floor":44},{"not_picked":["True Grit"],"picked":"SKIP","floor":44},{"not_picked":["Hemokinesis"],"picked":"SKIP","floor":45}],"player_experience":380352,"relics_obtained":[{"floor":7,"key":"infinitespire:ShieldingShard"},{"floor":9,"key":"infinitespire:Satchel"},{"floor":10,"key":"Replay:Bottled Snecko"},{"floor":13,"key":"Snack Pack"},{"floor":19,"key":"Elementarium:GoldenMirage"},{"floor":21,"key":"aspiration:TomeofQuesting"},{"floor":24,"key":"Gremlin Food"},{"floor":26,"key":"Regal Pillow"},{"floor":29,"key":"Bronze Scales"},{"floor":38,"key":"conspire:Boomerang"},{"floor":39,"key":"ReplayTheSpireMod:Ring of Exchange"},{"floor":39,"key":"Ring of Misfortune"},{"floor":43,"key":"hubris:Zylophone"},{"floor":49,"key":"Bottled Lightning"}],"event_choices":[{"damage_healed":0,"gold_gain":0,"player_choice":"Argue","damage_taken":0,"max_hp_gain":0,"max_hp_loss":0,"event_name":"conspire:LoneGhost","floor":2,"gold_loss":0},{"damage_healed":0,"gold_gain":0,"player_choice":"Leave","damage_taken":0,"max_hp_gain":0,"max_hp_loss":0,"event_name":"conspire:Investor","floor":3,"gold_loss":0},{"damage_healed":0,"gold_gain":0,"player_choice":"Fight","damage_taken":0,"max_hp_gain":0,"max_hp_loss":0,"event_name":"Elementarium:GoldenStatues","floor":19,"gold_loss":0},{"damage_healed":0,"gold_gain":0,"player_choice":"Take","damage_taken":0,"max_hp_gain":0,"max_hp_loss":0,"event_name":"Elementarium:BladeSeller","floor":20,"gold_loss":0,"cards_obtained":["Elementarium:IceblessedBlade","Injury"]},{"damage_healed":0,"gold_gain":0,"player_choice":"Graft","damage_taken":0,"max_hp_gain":6,"max_hp_loss":0,"event_name":"Elementarium:SculptureGarden","floor":27,"gold_loss":0},{"damage_healed":2,"gold_gain":0,"player_choice":"LEAVE ","damage_taken":0,"relics_obtained":[],"max_hp_gain":0,"max_hp_loss":0,"event_name":"betterSkull:BetterSkull","floor":30,"gold_loss":0,"cards_upgraded":[]},{"damage_healed":0,"gold_gain":0,"player_choice":"Fight","damage_taken":0,"max_hp_gain":0,"max_hp_loss":0,"event_name":"Mysterious Sphere","floor":38,"gold_loss":0},{"cards_removed":["Delirium"],"damage_healed":0,"gold_gain":0,"player_choice":"Purged","damage_taken":0,"max_hp_gain":0,"max_hp_loss":0,"event_name":"Purifier","floor":41,"gold_loss":0},{"damage_healed":0,"gold_gain":0,"player_choice":"Max HP","damage_taken":0,"max_hp_gain":0,"max_hp_loss":4,"event_name":"Winding Halls","floor":46,"gold_loss":0}],"is_beta":false,"boss_relics":[{"not_picked":["energizedSpire:EnergizedDie","Ectoplasm"],"picked":"infinitespire:Burning Sword"},{"not_picked":["hubris:VirtuousBlindfold","Philosopher\u0027s Stone"],"picked":"Busted Crown"}],"items_purged_floors":[],"is_endless":false,"potions_floor_spawned":[4,7,21,24,25,28,44],"killed_by":"conspire:OrnateMirror","ascension_level":20}}