{"host":"sav7uxregyirlf69","time":1609762723,"event":{"mods":["AchievementEnabler","BaseMod","Colored Map","DeckTracker","Keyboard Shortcuts","Minty Spire (QoL Compilation)","READ ME - Guardian Mod","StSLib","SuperFastMode"],"gold_per_floor":[111,111,130,143,154,180,180,215,250,279,311,323,335,367,379,391,391],"floor_reached":16,"playtime":310,"items_purged":[],"score":228,"play_id":"5156f983-80e8-4ec3-9f89-3036c3f9f46b","local_time":"20210104211843","is_ascension_mode":true,"campfire_choices":[{"data":"Shockwave","floor":7.0,"key":"SMITH"},{"floor":12,"key":"REST"},{"data":"Wild Strike","floor":15,"key":"SMITH"}],"circlet_count":0,"master_deck":["AscendersBane","Strike_R","Strike_R","Strike_R","Strike_R","Strike_R","Defend_R","Defend_R","Defend_R","Defend_R","Bash","Cleave","Shockwave+1","Sword Boomerang","Second Wind","Wild Strike+1","Evolve","Burning Pact"],"relics":["Burning Blood","Happy Flower","Oddly Smooth Stone","Pantograph","MawBank","Boot"],"acts_visited":["Exordium"],"potions_floor_usage":[10,16],"damage_taken":[{"damage":6.0,"enemies":"Cultist","floor":1.0,"turns":3.0},{"damage":10.0,"enemies":"Small Slimes","floor":3.0,"turns":3.0},{"damage":3.0,"enemies":"Jaw Worm","floor":4.0,"turns":5.0},{"damage":0.0,"enemies":"3 Louse","floor":5.0,"turns":2.0},{"damage":40.0,"enemies":"Lagavulin","floor":6.0,"turns":7.0},{"damage":32.0,"enemies":"3 Sentries","floor":8.0,"turns":7.0},{"damage":7,"enemies":"Exordium Thugs","floor":10,"turns":4},{"damage":2,"enemies":"Red Slaver","floor":11,"turns":4},{"damage":2,"enemies":"Looter","floor":14,"turns":2},{"damage":57,"enemies":"The Guardian","floor":16,"turns":9}],"seed_played":"6114377195373630594","potions_obtained":[{"floor":3.0,"key":"Ancient Potion"},{"floor":6.0,"key":"GamblersBrew"},{"floor":8.0,"key":"LiquidBronze"},{"floor":10,"key":"DuplicationPotion"}],"is_trial":false,"path_per_floor":["M","T","M","M","M","E","R","E","T","M","M","R","?","M","R","B"],"character_chosen":"IRONCLAD","items_purchased":[],"campfire_rested":1,"item_purchase_floors":[],"current_hp_per_floor":[68,68,64,67,73,39,39,13,13,12,16,38,27,31,31,0,0],"gold":391,"neow_bonus":"RANDOM_COMMON_RELIC","is_daily":false,"chose_seed":false,"campfire_upgraded":2,"win_rate":0.0,"timestamp":1609762723,"path_taken":["M","?","M","M","M","E","R","E","T","M","M","R","?","?","R","BOSS"],"items_purchased_type":[],"build_version":"2020-12-22","purchased_purges":0,"victory":false,"max_hp_per_floor":[75,75,75,75,75,75,75,75,75,75,75,75,75,75,75,75,75],"card_choices":[{"not_picked":["Thunderclap","Warcry"],"picked":"Cleave","floor":1.0},{"not_picked":["True Grit","Blood for Blood"],"picked":"Shockwave","floor":3.0},{"not_picked":["True Grit","Warcry"],"picked":"Sword Boomerang","floor":4.0},{"not_picked":["Sword Boomerang","Warcry","Whirlwind"],"picked":"SKIP","floor":5.0},{"not_picked":["Evolve","Thunderclap"],"picked":"Second Wind","floor":6.0},{"not_picked":["Perfected Strike","Inflame"],"picked":"Wild Strike","floor":8.0},{"not_picked":["Clash","Anger"],"picked":"Evolve","floor":10},{"not_picked":["Clash","Rupture","Cleave"],"picked":"SKIP","floor":11},{"not_picked":["Pommel Strike","Warcry"],"picked":"Burning Pact","floor":14}],"player_experience":1135281,"relics_obtained":[{"floor":2.0,"key":"Oddly Smooth Stone"},{"floor":6.0,"key":"Pantograph"},{"floor":8.0,"key":"MawBank"},{"floor":9.0,"key":"Boot"}],"event_choices":[{"damage_healed":0,"gold_gain":0,"player_choice":"Damaged","damage_taken":11,"max_hp_gain":0,"max_hp_loss":0,"event_name":"Wheel of Change","floor":13,"gold_loss":0}],"is_beta":false,"boss_relics":[],"items_purged_floors":[],"is_endless":false,"potions_floor_spawned":[3,6,8,10,14],"killed_by":"The Guardian","ascension_level":20}}