{"host":"55yei7x27djrlaep","time":1609774986,"event":{"mods":["Act Like it!","Aspiration","BaseMod","Better Altar","Better Match","Better Note","Better Sensory Stone","Better Skull","Better Third Choice","BetterRewards","Colored Map","Conspire","Friendly Minions","GifTheSpireLib","Gremlin Mod","Halation","Hubris","Marisa????????","Minty Spire (QoL Compilation)","Pale of the Ancients","Replay The Spire","StSLib","Stuff the Spire","The Marked"],"gold_per_floor":[17,31,31,31,31,63,39,89,138,138,173,173,218,3,3,122,122,148,175,175,175,208,253,253,284,284,284,309,113,156,156,156,267,267,283,300,300,5,5,31,65,110,110,110,158,185,219,250,250,250,250,285,210,210,210,236,236,236,236,236],"floor_reached":61,"playtime":5972,"items_purged":["StuffTheSpire:ClusterCrunch","Defend_MRS"],"score":2030,"play_id":"984329bc-7576-416f-80cd-6583906f272b","local_time":"20210104184306","is_ascension_mode":true,"campfire_choices":[{"data":"JA","floor":10,"key":"SMITH"},{"floor":24,"key":"REST"},{"floor":32,"key":"REST"},{"floor":49,"key":"RECALL"},{"data":"MilkyWay","floor":55,"key":"SMITH"},{"floor":57,"key":"REST"}],"circlet_count":0,"master_deck":["Defend_MRS","StarBarrage","ReplayTheSpireMod:From All Sides","JA+1","WitchOfGreed","MilkyWay+1","GalacticHalo","StuffTheSpire:Innocence+1","SprinkleStarSeal","TreasureHunter","MeteoricShower","Orbital","DoubleSpark","GasGiant","FinalSpark","Singularity","MagicChant","Madness","OortCloud","CasketOfStar","AsteroidBelt+1","6A","StarBarrage+1","MagicAbsorber+1","SporeBomb","Occultation+1","MachineGunSpark","OrrerysSun","LuminesStrike+1","Dark Shackles+1"],"relics":["MiniHakkero","hubris:BottledRain","hubris:MysteriousPyramids","Garlic","Nunchaku","Darkstone Periapt","Empty Cage","hubris:Towel","PreservedInsect","ReplayFunnel","Onion Ring","StuffTheSpire:ForceGauntlet","hubris:Reverence","aspiration:Lifesprig","GremlinMask","Ice Cream","hubris:TerracottaHorce","Anchor","Replay:WaspNest","Pet Ghost","Pen Nib","StuffTheSpire:Gunfinga","halation:PinkSoulGem","StuffTheSpire:DarkSteelAnvil","Question Card","hubris:FunFungus","MealTicket","paleoftheancients:Timepiece","paleoftheancients:KeyRelic","Bronze Scales","CultistMask","paleoftheancients:SoulOfTheShapes","BreadOfAWashokuLover","hubris:MedicalManual"],"acts_visited":["Exordium","TheCity","TheBeyond","paleoftheancients:PaleOfTheAncients"],"potions_floor_usage":[8,16,18,23,23,25,25,28,30,33,40,40,42,46,47,51,51,56,60,60,60],"damage_taken":[{"damage":6,"enemies":"2 Louse","floor":1,"turns":2},{"damage":7,"enemies":"Small Slimes","floor":2,"turns":2},{"damage":24,"enemies":"3 Sentries","floor":6,"turns":6},{"damage":0,"enemies":"Lagavulin","floor":8,"turns":3},{"damage":0,"enemies":"Cultist","floor":11,"turns":2},{"damage":10,"enemies":"Gremlin Nob","floor":13,"turns":3},{"damage":47,"enemies":"Fading Forest","floor":16,"turns":11},{"damage":15,"enemies":"2 Thieves","floor":18,"turns":4},{"damage":1,"enemies":"Shell Parasite","floor":19,"turns":4},{"damage":0,"enemies":"Centurion and Healer","floor":22,"turns":4},{"damage":51,"enemies":"Book of Stabbing","floor":23,"turns":7},{"damage":9,"enemies":"Shelled Parasite and Fungi","floor":25,"turns":4},{"damage":10,"enemies":"Slavers","floor":28,"turns":3},{"damage":0,"enemies":"Gremlin Leader","floor":30,"turns":3},{"damage":11,"enemies":"Automaton","floor":33,"turns":6},{"damage":2,"enemies":"3 Darklings","floor":35,"turns":4},{"damage":0,"enemies":"Orb Walker","floor":36,"turns":2},{"damage":0,"enemies":"R_Hoarder","floor":40,"turns":5},{"damage":0,"enemies":"Writhing Mass","floor":41,"turns":5},{"damage":11,"enemies":"Reptomancer","floor":42,"turns":5},{"damage":0,"enemies":"Giant Head","floor":45,"turns":5},{"damage":0,"enemies":"Transient","floor":46,"turns":5},{"damage":2,"enemies":"Nemesis","floor":47,"turns":3},{"damage":0,"enemies":"Sphere and 2 Shapes","floor":48,"turns":7},{"damage":18,"enemies":"Awakened One","floor":50,"turns":9},{"damage":85,"enemies":"Awakened One","floor":51,"turns":7},{"damage":3,"enemies":"Awakened One","floor":52,"turns":6},{"damage":92,"enemies":"Awakened One","floor":56,"turns":9},{"damage":146,"enemies":"paleoftheancients:N","floor":60,"turns":17}],"seed_played":"4928347597312327446","potions_obtained":[{"floor":2,"key":"Energy Potion"},{"floor":8,"key":"Reflective Coating"},{"floor":11,"key":"Fire Potion"},{"floor":13,"key":"ColorlessPotion"},{"floor":16,"key":"AttackPotion"},{"floor":16,"key":"Explosive Potion"},{"floor":18,"key":"Fire Potion"},{"floor":23,"key":"Explosive Potion"},{"floor":23,"key":"LiquidMemories"},{"floor":28,"key":"Adrenaline Potion"},{"floor":30,"key":"Regen Potion"},{"floor":33,"key":"Swift Potion"},{"floor":33,"key":"FearPotion"},{"floor":36,"key":"SteroidPotion"},{"floor":41,"key":"Elixir"},{"floor":42,"key":"Venom Potion"},{"floor":45,"key":"AttackPotion"},{"floor":46,"key":"Fire Potion"},{"floor":47,"key":"Weak Potion"},{"floor":48,"key":"Languid Potion"},{"floor":52,"key":"AttackPotion"},{"floor":56,"key":"Dexterity Potion"},{"floor":56,"key":"SpeedPotion"}],"is_trial":false,"path_per_floor":["M","M","?","?","?","E","$","E","T","R","M","?","E","$","R_BF","B",null,"M","M","?","?","M","E","R","M","T","T","E","$","E","?","R","B",null,"M","M","?","$","?","E","M","E","T","?","E","M","E","M","R_BF","B","M","M","?","T","R","M","R","T","?","B",null],"character_chosen":"MARISA","items_purchased":["WitchOfGreed","FinalSpark","Singularity","MagicChant","Madness","Anchor","6A"],"campfire_rested":3,"item_purchase_floors":[7,14,29,29,29,38,38],"current_hp_per_floor":[69,62,62,62,62,38,38,38,38,38,38,31,21,21,43,4,75,60,59,59,59,59,8,30,21,21,21,11,11,11,11,33,37,66,64,64,64,64,64,64,64,53,53,53,53,53,51,75,75,75,75,75,75,75,75,38,60,60,60,75],"gold":236,"neow_bonus":"REMOVE_TWO","is_daily":false,"chose_seed":false,"campfire_upgraded":2,"win_rate":0.0,"timestamp":1609774986,"path_taken":["M","M","?","?","?","E","$","E","T","R","?","?","E","$","R_BF","BOSS","M","M","?","?","M","E","R","M","T","?","E","$","E","?","R","BOSS","M","M","?","$","?","E","M","E","T","?","E","M","E","M","R_BF","BOSS","M","M","?","T","R","M","R","T","?","BOSS"],"items_purchased_type":["Card","Card","Card","Card","Card","Relic","Card"],"build_version":"2020-12-22","purchased_purges":2,"victory":true,"max_hp_per_floor":[75,75,75,75,75,75,75,75,75,75,75,75,75,75,75,75,75,75,75,75,75,75,75,75,75,75,75,75,75,75,75,75,75,75,75,75,75,75,75,75,75,75,75,75,75,75,75,75,75,75,75,75,75,75,75,75,75,75,75,75],"card_choices":[{"not_picked":["AsteroidBelt","Acceleration"],"picked":"StarBarrage","floor":1},{"not_picked":["StarBarrage","UnstableBomb","NonDirectionalLaser"],"picked":"SKIP","floor":2},{"not_picked":["SporeBomb","DoubleSpark"],"picked":"JA","floor":6},{"not_picked":["OneTimeOff","UnstableBomb"],"picked":"MilkyWay","floor":8},{"not_picked":["GrandCross","MysteriousBeam"],"picked":"GalacticHalo","floor":11},{"not_picked":["DC","SporeBomb"],"picked":"SprinkleStarSeal","floor":13},{"not_picked":["ManaRampage","EscapeVelocity"],"picked":"TreasureHunter","floor":16},{"not_picked":["SporeBomb","Acceleration"],"picked":"MeteoricShower","floor":18},{"not_picked":["EventHorizon","WitchLeyline+1","FairyDestructionRay"],"picked":"SKIP","floor":19},{"not_picked":["GrandCross","MysteriousBeam"],"picked":"Orbital","floor":22},{"not_picked":["DC","BigCrunch"],"picked":"DoubleSpark","floor":23},{"not_picked":["AsteroidBelt","PowerUp"],"picked":"GasGiant","floor":25},{"not_picked":["AsteroidBelt","SprinkleStarSeal+1"],"picked":"FinalSpark","floor":28},{"not_picked":["DC+1","IllusionStar"],"picked":"OortCloud","floor":30},{"not_picked":["BlazingStar","StarDustReverie"],"picked":"CasketOfStar","floor":33},{"not_picked":["ManaRampage","ShootingEcho+1"],"picked":"AsteroidBelt+1","floor":35},{"not_picked":["UnstableBomb","DarkSpark+1","WitchLeyline+1"],"picked":"SKIP","floor":36},{"not_picked":["IllusionStar","StarBarrage+1","SprinkleStarSeal"],"picked":"SKIP","floor":40},{"not_picked":["IllusionStar","SprinkleStarSeal"],"picked":"StarBarrage+1","floor":40},{"not_picked":["DoubleSpark+1","AbsoluteMagnitude","GrandCross"],"picked":"SKIP","floor":41},{"not_picked":["ShootingEcho","WitchOfGreed+1"],"picked":"MagicAbsorber+1","floor":42},{"not_picked":["DarkSpark+1","AsteroidBelt"],"picked":"SporeBomb","floor":45},{"not_picked":["GrandCross+1","DoubleSpark+1","DC+1"],"picked":"Occultation+1","floor":46},{"not_picked":["OortCloud+1","6A+1","GalacticHalo+1"],"picked":"MachineGunSpark","floor":47},{"not_picked":["WitchLeyline+1","ShootingEcho+1","OpenUniverse"],"picked":"OrrerysSun","floor":48},{"not_picked":["WitchOfGreed","DC","ShootingEcho+1","DoubleSpark"],"picked":"SKIP","floor":52},{"not_picked":["UnstableBomb+1","DoubleSpark+1","SporeBomb+1"],"picked":"LuminesStrike+1","floor":53},{"not_picked":["Specialist+1","StuffTheSpire:FreeRealEstate+1","Impatience+1"],"picked":"Dark Shackles+1","floor":53},{"not_picked":["WitchLeyline","DoubleSpark","AbsoluteMagnitude","MysteriousBeam"],"picked":"SKIP","floor":56}],"player_experience":424589,"relics_obtained":[{"floor":6,"key":"hubris:MysteriousPyramids"},{"floor":8,"key":"Garlic"},{"floor":9,"key":"Nunchaku"},{"floor":13,"key":"Darkstone Periapt"},{"floor":23,"key":"PreservedInsect"},{"floor":26,"key":"ReplayFunnel"},{"floor":27,"key":"Onion Ring"},{"floor":28,"key":"StuffTheSpire:ForceGauntlet"},{"floor":28,"key":"hubris:Reverence"},{"floor":30,"key":"aspiration:Lifesprig"},{"floor":33,"key":"Ice Cream"},{"floor":40,"key":"Replay:WaspNest"},{"floor":40,"key":"Pet Ghost"},{"floor":42,"key":"Pen Nib"},{"floor":42,"key":"StuffTheSpire:Gunfinga"},{"floor":45,"key":"StuffTheSpire:DarkSteelAnvil"},{"floor":45,"key":"Question Card"},{"floor":47,"key":"hubris:FunFungus"},{"floor":47,"key":"MealTicket"},{"floor":52,"key":"paleoftheancients:SoulOfTheShapes"},{"floor":54,"key":"BreadOfAWashokuLover"},{"floor":58,"key":"hubris:MedicalManual"}],"event_choices":[{"cards_removed":["Strike_MRS"],"damage_healed":0,"gold_gain":0,"player_choice":"Forget","damage_taken":0,"max_hp_gain":0,"max_hp_loss":0,"event_name":"Living Wall","floor":3,"gold_loss":0},{"cards_removed":["Prepared"],"damage_healed":0,"gold_gain":0,"player_choice":"Gave Card","damage_taken":0,"relics_obtained":["hubris:BottledRain"],"max_hp_gain":0,"max_hp_loss":0,"event_name":"WeMeetAgain","floor":5,"gold_loss":0},{"damage_healed":0,"gold_gain":0,"player_choice":"Ignored","damage_taken":0,"max_hp_gain":0,"max_hp_loss":0,"event_name":"Ghosts","floor":20,"gold_loss":0},{"damage_healed":0,"gold_gain":0,"player_choice":"Trade","damage_taken":0,"relics_obtained":["GremlinMask"],"max_hp_gain":0,"max_hp_loss":0,"event_name":"FaceTrader","floor":31,"gold_loss":0},{"cards_removed":["UpSweep"],"damage_healed":0,"gold_gain":0,"player_choice":"Removed Attack","damage_taken":0,"max_hp_gain":0,"max_hp_loss":0,"event_name":"Falling","floor":37,"gold_loss":0},{"damage_healed":0,"gold_gain":0,"player_choice":"2","damage_taken":0,"max_hp_gain":0,"max_hp_loss":0,"event_name":"betterMatch:BetterMatch","floor":53,"gold_loss":0,"cards_obtained":["betterMatch:ColorlessUncommonCard","betterMatch:CommonCard"]}],"is_beta":false,"boss_relics":[{"not_picked":["halation:PinkAlligatorPlush","aspiration:SecretTechniqueScroll"],"picked":"Empty Cage"},{"not_picked":["Replay:Wanted Poster","hubris:HollowSoul"],"picked":"hubris:TerracottaHorce"}],"items_purged_floors":[14,38],"is_endless":false,"potions_floor_spawned":[2,13,16,22,23,28,30,33,36,47,48,56],"ascension_level":8}}