{"host":"97uhrltlnmtdj0hv","time":1609777560,"event":{"mods":["2.2 Compatiblity","AchievementEnabler","Act Like it!","Aspiration","Bartender","BaseMod","Better Match","Better Note","Better Skull","Better Third Choice","BetterRewards","Colored Map","Colored Powertips","Conspire","Elementarium","Energized Spire","Friendly Minions","Gensokyo","GifTheSpireLib","Gold Saver","Halation","Hallownest","Hermit","Hubris","Infinite Spire","Jorbs\u0027s Wanderer Trilogy","Koishi","Luminous","Marisa????????","Minty Spire (QoL Compilation)","Pale of the Ancients","Permanent Neow","Potionbrewer","Quick Restart","Rare Cards Sparkle","Replay The Spire","Reworked Bosses","Robot Space Explorer","Shade Mod","Somnambulant","Spicy Shops","Spikes Relics","StSLib","Stuff the Spire","SuperFastMode","The Blackbeard","The Bug Knight","The Cursed","The Druid","The Marked","The Necromancer","The Problem Sleuth","The Senshi","The Servant 0.9.4","The Vixen","TheVacant","Trackpad","Wandering Minibosses","everything is the same but u backflip on backflip"],"gold_per_floor":[594,594,594,605,65,98,98,125,195,195,195],"floor_reached":10,"playtime":320,"items_purged":[],"score":74,"play_id":"39c752ce-b175-4ee1-8e3d-31a16675ca34","local_time":"20210104092600","is_ascension_mode":false,"campfire_choices":[{"floor":7,"key":"REST"}],"circlet_count":0,"master_deck":["RobotSpaceExplorer:Strike","RobotSpaceExplorer:Strike","RobotSpaceExplorer:Strike","RobotSpaceExplorer:Strike","RobotSpaceExplorer:Defend","RobotSpaceExplorer:Defend","RobotSpaceExplorer:Defend","RobotSpaceExplorer:Defend","RobotSpaceExplorer:Scan","RobotSpaceExplorer:MiniLasers","Trip","RobotSpaceExplorer:SurgingShield","Calculated Gamble","RobotSpaceExplorer:Discharger","RobotSpaceExplorer:ChargingLaser","A Thousand Cuts","RobotSpaceExplorer:Autoloader"],"relics":["m_TsuchinokoRing","infinitespire:Cubic Diamond","halation:EternalFortune","StuffTheSpire:DarkSteelAnvil","Strange Spoon","conspire:GiftBox","Nunchaku","potionbrewer:RamsHorn"],"acts_visited":["Exordium"],"potions_floor_usage":[6],"damage_taken":[{"damage":0,"enemies":"Small Slimes","floor":1,"turns":5},{"damage":0,"enemies":"Jaw Worm","floor":4,"turns":3},{"damage":72,"enemies":"Gremlin Nob","floor":6,"turns":6},{"damage":20,"enemies":"Replay:BlueRogue","floor":8,"turns":5},{"damage":16,"enemies":"Gremlin Nob","floor":10,"turns":2}],"seed_played":"-526183160758817424","potions_obtained":[{"floor":4,"key":"SpeedPotion"}],"is_trial":false,"path_per_floor":["M","?","?","M","$","E","R","E","T","E"],"character_chosen":"RobotSpaceExplorer","items_purchased":["StuffTheSpire:DarkSteelAnvil","Strange Spoon","RobotSpaceExplorer:Discharger"],"campfire_rested":1,"item_purchase_floors":[5,5,5],"current_hp_per_floor":[75,75,78,78,78,6,29,9,9,0,0],"gold":195,"neow_bonus":"RANDOM_COLORLESS","is_daily":false,"chose_seed":false,"campfire_upgraded":0,"win_rate":0.0,"timestamp":1609777560,"path_taken":["M","?","?","M","$","E","R","E","T","E"],"items_purchased_type":["Relic","Relic","Card"],"build_version":"2020-12-22","purchased_purges":0,"victory":false,"max_hp_per_floor":[75,75,78,78,78,78,78,78,78,78,78],"card_choices":[{"not_picked":["StuffTheSpire:PlasmaPunch","Blind"],"picked":"Trip","floor":0},{"not_picked":["RobotSpaceExplorer:FrostMissile","RobotSpaceExplorer:SurgingStrike"],"picked":"RobotSpaceExplorer:SurgingShield","floor":1},{"not_picked":["RobotSpaceExplorer:SurgingStrike","RobotSpaceExplorer:StunGrenade"],"picked":"Calculated Gamble","floor":4},{"not_picked":["RobotSpaceExplorer:Asteroid","Burst"],"picked":"RobotSpaceExplorer:ChargingLaser","floor":6},{"not_picked":["RobotSpaceExplorer:Probe","RobotSpaceExplorer:Electropulse"],"picked":"A Thousand Cuts","floor":6},{"not_picked":["Dagger Throw","RobotSpaceExplorer:StarDust"],"picked":"RobotSpaceExplorer:Autoloader","floor":8}],"player_experience":362484,"relics_obtained":[{"floor":6,"key":"conspire:GiftBox"},{"floor":8,"key":"Nunchaku"},{"floor":9,"key":"potionbrewer:RamsHorn"}],"event_choices":[],"is_beta":false,"boss_relics":[],"items_purged_floors":[],"is_endless":false,"potions_floor_spawned":[4],"killed_by":"Gremlin Nob","ascension_level":0}}