{"host":"qwttrqaysb380yri","time":1609763398,"event":{"mods":["BaseMod","Custom Start","Minty Spire (QoL Compilation)","Permanent Neow","Puzzle Mod","Relic Stats","StSLib","The Hierophant"],"gold_per_floor":[116,116,127,138,158,158,158],"floor_reached":6,"playtime":191,"items_purged":[],"score":67,"play_id":"c02dca29-c9b9-4407-af68-c92f0be98d9c","local_time":"20210104132958","is_ascension_mode":true,"campfire_choices":[],"circlet_count":0,"master_deck":["AscendersBane","Strike_G","Strike_G","Strike_G","Strike_G","Strike_G","Defend_G","Defend_G","Defend_G","Defend_G","Survivor","Neutralize","Riddle With Holes","Skewer"],"relics":["Snecko Eye"],"acts_visited":["Exordium"],"potions_floor_usage":[6],"damage_taken":[{"damage":10,"enemies":"Small Slimes","floor":1,"turns":3},{"damage":0,"enemies":"Jaw Worm","floor":3,"turns":3},{"damage":4,"enemies":"Cultist","floor":4,"turns":3},{"damage":8,"enemies":"Large Slime","floor":5,"turns":5},{"damage":20,"enemies":"Lagavulin","floor":6,"turns":3}],"seed_played":"6088076031373270336","potions_obtained":[{"floor":1,"key":"LiquidBronze"},{"floor":4,"key":"SkillPotion"}],"is_trial":false,"path_per_floor":["M","?","M","M","M","E"],"character_chosen":"THE_SILENT","items_purchased":[],"campfire_rested":0,"item_purchase_floors":[],"current_hp_per_floor":[49,42,42,38,30,10,10],"gold":158,"neow_bonus":"BOSS_RELIC","is_daily":false,"chose_seed":false,"campfire_upgraded":0,"win_rate":0.0,"timestamp":1609763398,"path_taken":["M","?","M","M","M","E"],"items_purchased_type":[],"build_version":"2020-12-22","purchased_purges":0,"victory":false,"max_hp_per_floor":[66,66,66,66,66,66,66],"relic_stats":{"counters":[5,17],"Snecko Eye":[31,37,22,23],"obtain_stats":[{"Snecko Eye":0,"Ring of the Snake":0},{"Snecko Eye":0,"Ring of the Snake":0},{"Snecko Eye":0,"Ring of the Snake":0}]},"card_choices":[{"not_picked":["Choke","Dagger Throw"],"picked":"Riddle With Holes","floor":1},{"not_picked":["Distraction","Footwork","Blur"],"picked":"SKIP","floor":3},{"not_picked":["Slice","Acrobatics","Blade Dance"],"picked":"SKIP","floor":4},{"not_picked":["Dagger Spray","Calculated Gamble"],"picked":"Skewer","floor":5}],"player_experience":2004037,"relics_obtained":[],"event_choices":[{"cards_removed":["Defend_G"],"damage_healed":0,"gold_gain":0,"player_choice":"Card Removal","damage_taken":7,"max_hp_gain":0,"max_hp_loss":0,"event_name":"Golden Wing","floor":2,"gold_loss":0}],"is_beta":false,"boss_relics":[],"items_purged_floors":[],"is_endless":false,"potions_floor_spawned":[1,4],"killed_by":"Lagavulin","ascension_level":15}}