{"host":"wm071zykm6h74uqk","time":1609787749,"event":{"mods":["AchievementEnabler","Aspiration","BaseMod","Better Silent Start","Better Third Choice","BetterRewards","Colored Powertips","Custom Start","Defuse TimeMaze Blight","Gold Saver","Humility","Hyrulean Relics","Infinite Spire","Minty Spire (QoL Compilation)","Quick Restart","Spicy Shops","StSLib","Wandering Minibosses"],"gold_per_floor":[115,115,8,8,8,8,8,8,8],"floor_reached":8,"playtime":197,"items_purged":["Survivor"],"score":84,"play_id":"f35e5760-dc70-47eb-9b59-1f306143afcc","local_time":"20210104201549","daily_mods":["Red Cards","Green Cards","Blue Cards","Colorless Cards","Heirloom","Time Dilation","Flight","DeadlyEvents","Elite Swarm"],"is_ascension_mode":true,"campfire_choices":[{"floor":6,"key":"REST"},{"floor":7,"key":"REST"}],"circlet_count":0,"master_deck":["AscendersBane","Strike_G","Strike_G","Strike_G+1","Strike_G","Defend_G","Defend_G","Defend_G+1","Defend_G","Neutralize","Acrobatics","Deflect"],"relics":["Ring of the Snake","CaptainsWheel","zeldaRelics:HylianShield","The Courier","Golden Idol"],"acts_visited":["Exordium"],"potions_floor_usage":[],"damage_taken":[{"damage":0,"enemies":"Small Slimes","floor":1,"turns":5},{"damage":54,"enemies":"3 Sentries","floor":8,"turns":9}],"seed_played":"3167443817089436552","potions_obtained":[],"is_trial":true,"path_per_floor":["M","?","$","?","$","R","R","E"],"character_chosen":"THE_SILENT","items_purchased":["Deflect"],"campfire_rested":2,"item_purchase_floors":[3],"current_hp_per_floor":[59,36,36,16,16,35,54,0,0],"gold":8,"neow_bonus":"","is_daily":false,"chose_seed":false,"campfire_upgraded":0,"win_rate":0.0,"timestamp":1609787749,"path_taken":["M","?","$","?","?","R","R","E"],"items_purchased_type":["Card"],"build_version":"2020-12-22","purchased_purges":1,"victory":false,"max_hp_per_floor":[66,66,66,66,66,66,66,66,66],"card_choices":[{"not_picked":["Battle Trance","Dodge and Roll"],"picked":"Acrobatics","floor":1}],"player_experience":691041,"relics_obtained":[],"event_choices":[{"damage_healed":0,"gold_gain":0,"player_choice":"Take Damage","damage_taken":23,"relics_obtained":["Golden Idol"],"max_hp_gain":0,"max_hp_loss":0,"event_name":"Golden Idol","floor":2,"gold_loss":0},{"damage_healed":36,"gold_gain":0,"player_choice":"Upgrade","damage_taken":20,"max_hp_gain":0,"max_hp_loss":66,"event_name":"betterThird:BetterShining","floor":4,"gold_loss":0,"cards_upgraded":["Defend_G","Strike_G"]}],"is_beta":false,"boss_relics":[],"items_purged_floors":[3],"is_endless":false,"potions_floor_spawned":[],"killed_by":"3 Sentries","ascension_level":20}}