{"host":"9d9dhukr2jywmy0f","time":1609759010,"event":{"mods":["2.2 Compatiblity","Alarm Clock","BaseMod","Bestiary","Block Reminder","Colored Map","Colored Powertips","Curses Come First","DeckTracker","Highlight Path","Key Reminder","Keyboard Shortcuts","Minty Spire (QoL Compilation)","MonsterHotkey","Quick Restart","Rare Cards Sparkle","Relic Sorter","Relic Stats","Spire Birthday Party","StSLib","SuperFastMode","Synergy Search","The Poker Player","Unceasing Turn Reminder","Unknown Chances"],"gold_per_floor":[18,18,37,50,60,60,95,95,171,171,196,196,48,61,61,192,192,192],"floor_reached":16,"playtime":614,"items_purged":["Decay"],"score":198,"play_id":"3ed77c2d-ade5-4d12-bf17-9f5ca2ec1f14","local_time":"20210104191650","is_ascension_mode":true,"metric_token":1622,"campfire_choices":[{"data":"PokerPlayerMod:Mulligan","floor":6,"key":"SMITH"},{"data":"PokerPlayerMod:TrumpStrike","floor":8,"key":"SMITH"},{"data":"PokerPlayerMod:CardPrinter","floor":15,"key":"SMITH"}],"circlet_count":0,"master_deck":["PokerPlayerMod:Diamond1","PokerPlayerMod:Diamond2","PokerPlayerMod:Diamond3","PokerPlayerMod:Diamond4","PokerPlayerMod:Diamond5","PokerPlayerMod:Spade2","PokerPlayerMod:Spade3","PokerPlayerMod:Spade4","PokerPlayerMod:Club1","PokerPlayerMod:Club2","PokerPlayerMod:Heart2","PokerPlayerMod:TrumpStrike+1","PokerPlayerMod:BadJoker","PokerPlayerMod:Mulligan+1","PokerPlayerMod:DartThrow","PokerPlayerMod:ClubsClub","PokerPlayerMod:CardBurn","PokerPlayerMod:Spade9","PokerPlayerMod:CardPrinter+1","PokerPlayerMod:HotShotCut"],"relics":["PokerPlayerMod:DeckCase","TungstenRod","WingedGreaves","PokerPlayerMod:ClubPass","Golden Idol"],"acts_visited":["Exordium"],"potions_floor_usage":[],"damage_taken":[{"damage":0,"enemies":"Small Slimes","floor":1,"turns":2},{"damage":0,"enemies":"Cultist","floor":3,"turns":2},{"damage":0,"enemies":"2 Louse","floor":4,"turns":2},{"damage":7,"enemies":"Exordium Thugs","floor":5,"turns":3},{"damage":20,"enemies":"3 Sentries","floor":7,"turns":5},{"damage":0,"enemies":"Gremlin Gang","floor":11,"turns":2},{"damage":0,"enemies":"Blue Slaver","floor":14,"turns":3},{"damage":7,"enemies":"Slime Boss","floor":16,"turns":7}],"seed_played":"5783809760955167472","potions_obtained":[{"floor":3,"key":"AttackPotion"},{"floor":7,"key":"FairyPotion"},{"floor":11,"key":"BlessingOfTheForge"}],"is_trial":false,"path_per_floor":["M","?","M","M","M","R","E","R","T","?","M","?","$","M","R","B"],"character_chosen":"THE_POKER_PLAYER","items_purchased":["PokerPlayerMod:CardPrinter"],"campfire_rested":0,"item_purchase_floors":[13],"current_hp_per_floor":[49,49,51,52,49,49,31,31,31,31,33,33,33,38,38,35,35,35],"gold":192,"neow_bonus":"ONE_RARE_RELIC","is_daily":false,"chose_seed":false,"campfire_upgraded":3,"win_rate":0.0,"timestamp":1609759010,"path_taken":["M","?","M","?","M","R","E","R","T","?","M","?","$","M","R","BOSS"],"items_purchased_type":["Card"],"build_version":"2020-11-30","purchased_purges":1,"victory":false,"max_hp_per_floor":[52,52,52,52,52,52,52,52,52,48,48,48,48,48,48,48,48,48],"relic_stats":{"counters":[8,26],"Golden Idol":34,"obtain_stats":[{"PokerPlayerMod:DeckCase":0,"Golden Idol":10,"WingedGreaves":7,"PokerPlayerMod:ClubPass":9,"TungstenRod":0},{"PokerPlayerMod:DeckCase":0,"Golden Idol":5,"WingedGreaves":5,"PokerPlayerMod:ClubPass":5,"TungstenRod":0},{"PokerPlayerMod:DeckCase":0,"Golden Idol":14,"WingedGreaves":14,"PokerPlayerMod:ClubPass":14,"TungstenRod":0}],"TungstenRod":8},"card_choices":[{"not_picked":["PokerPlayerMod:Diamond2","PokerPlayerMod:Heart1"],"picked":"PokerPlayerMod:DartThrow","floor":1},{"not_picked":["PokerPlayerMod:Fold","PokerPlayerMod:Diamond4"],"picked":"PokerPlayerMod:ClubsClub","floor":3},{"not_picked":["PokerPlayerMod:Heart3","PokerPlayerMod:Spade3","PokerPlayerMod:RiskyBet"],"picked":"SKIP","floor":4},{"not_picked":["PokerPlayerMod:Club5","PokerPlayerMod:Heart2"],"picked":"PokerPlayerMod:CardBurn","floor":5},{"not_picked":["PokerPlayerMod:FillThePot","PokerPlayerMod:Fold"],"picked":"PokerPlayerMod:Spade9","floor":7},{"not_picked":["PokerPlayerMod:Diamond2","PokerPlayerMod:Trickery","PokerPlayerMod:Diamond5"],"picked":"SKIP","floor":11},{"not_picked":["PokerPlayerMod:MagicTrick","PokerPlayerMod:Diamond9"],"picked":"PokerPlayerMod:HotShotCut","floor":14}],"player_experience":793580,"relics_obtained":[{"floor":7,"key":"WingedGreaves"},{"floor":9,"key":"PokerPlayerMod:ClubPass"}],"event_choices":[{"cards_removed":["PokerPlayerMod:Spade1"],"damage_healed":0,"gold_gain":0,"player_choice":"Purged","damage_taken":0,"max_hp_gain":0,"max_hp_loss":0,"event_name":"Purifier","floor":2,"gold_loss":0},{"damage_healed":0,"gold_gain":0,"player_choice":"Lose Max HP","damage_taken":0,"relics_obtained":["Golden Idol"],"max_hp_gain":0,"max_hp_loss":4,"event_name":"Golden Idol","floor":10,"gold_loss":0},{"damage_healed":0,"gold_gain":0,"player_choice":"Cursed","damage_taken":0,"max_hp_gain":0,"max_hp_loss":0,"event_name":"Wheel of Change","floor":12,"gold_loss":0,"cards_obtained":["Decay"]}],"is_beta":false,"boss_relics":[],"items_purged_floors":[13],"is_endless":false,"potions_floor_spawned":[3,7,11],"killed_by":"Slime Boss","ascension_level":6}}