{"host":"soyfmymeou4emntr","time":1609738127,"event":{"mods":["BaseMod","Minty Spire (QoL Compilation)","Relic Sorter","Relic Stats","StSLib"],"gold_per_floor":[109,109,109,122,132,157,157,221,221,221,240,21,43,77,77,77,77],"floor_reached":16,"playtime":1329,"items_purged":["Strike_P"],"score":220,"play_id":"49ad9081-cf8b-4e75-b19b-99bbe77c0e7e","local_time":"20210103222847","is_ascension_mode":true,"campfire_choices":[{"data":"EmptyFist","floor":7.0,"key":"SMITH"},{"floor":10.0,"key":"REST"},{"floor":15.0,"key":"REST"}],"circlet_count":0,"master_deck":["AscendersBane","Strike_P","Strike_P","Strike_P","Defend_P","Defend_P","Defend_P","Defend_P","Eruption+1","Vigilance","Wireheading","Halt","EmptyFist+1","CutThroughFate","CutThroughFate","Flash of Steel","TalkToTheHand","Protect"],"relics":["VioletLotus","HornCleat","Matryoshka","Orichalcum","CeramicFish","Bag of Marbles"],"acts_visited":["Exordium"],"potions_floor_usage":[16],"damage_taken":[{"damage":2.0,"enemies":"Small Slimes","floor":1.0,"turns":4.0},{"damage":1.0,"enemies":"2 Louse","floor":4.0,"turns":3.0},{"damage":0.0,"enemies":"Cultist","floor":5.0,"turns":2.0},{"damage":12.0,"enemies":"Lagavulin","floor":6.0,"turns":7.0},{"damage":3.0,"enemies":"Looter","floor":11.0,"turns":2.0},{"damage":4.0,"enemies":"Lots of Slimes","floor":13.0,"turns":3.0},{"damage":18.0,"enemies":"3 Sentries","floor":14.0,"turns":10.0},{"damage":44,"enemies":"Slime Boss","floor":16,"turns":11}],"seed_played":"-3309681241637318157","potions_obtained":[{"floor":1.0,"key":"BottledMiracle"},{"floor":13.0,"key":"BlessingOfTheForge"}],"is_trial":false,"path_per_floor":["M","?","?","M","M","E","R","?","T","R","M","$","M","E","R","B"],"character_chosen":"WATCHER","items_purchased":["Flash of Steel","PowerPotion"],"campfire_rested":2,"item_purchase_floors":[12,12],"current_hp_per_floor":[59,41,41,40,40,28,28,28,28,48,45,45,41,23,43,0,0],"gold":77,"neow_bonus":"BOSS_RELIC","is_daily":false,"chose_seed":false,"campfire_upgraded":1,"win_rate":0.0,"timestamp":1609738127,"path_taken":["M","?","?","M","M","E","R","?","T","R","M","$","M","E","R","BOSS"],"items_purchased_type":["Card","Potion"],"build_version":"2020-12-22","purchased_purges":1,"victory":false,"max_hp_per_floor":[68,68,68,68,68,68,68,68,68,68,68,68,68,68,68,68,68],"relic_stats":{"counters":[8,42],"CeramicFish":36,"VioletLotus":[9],"Orichalcum":[30],"obtain_stats":[{"HornCleat":2,"Matryoshka":6,"CeramicFish":9,"VioletLotus":0,"Bag of Marbles":14,"PureWater":0,"Orichalcum":9},{"HornCleat":1,"Matryoshka":4,"CeramicFish":4,"VioletLotus":0,"Bag of Marbles":7,"PureWater":0,"Orichalcum":4},{"HornCleat":4,"Matryoshka":16,"CeramicFish":16,"VioletLotus":0,"Bag of Marbles":31,"PureWater":0,"Orichalcum":16}]},"card_choices":[{"not_picked":["EmptyBody","FollowUp"],"picked":"Wireheading","floor":1.0},{"not_picked":["BowlingBash","Fasting2"],"picked":"Halt","floor":4.0},{"not_picked":["FlurryOfBlows","JustLucky"],"picked":"EmptyFist","floor":5.0},{"not_picked":["ReachHeaven","BowlingBash"],"picked":"CutThroughFate","floor":6.0},{"not_picked":["FollowUp","Collect"],"picked":"CutThroughFate","floor":11.0},{"not_picked":["ClearTheMind","ConjureBlade"],"picked":"TalkToTheHand","floor":13.0},{"not_picked":["EmptyFist","ThirdEye"],"picked":"Protect","floor":14.0}],"player_experience":2790774,"relics_obtained":[{"floor":6.0,"key":"Matryoshka"},{"floor":9.0,"key":"Orichalcum"},{"floor":9.0,"key":"CeramicFish"},{"floor":14.0,"key":"Bag of Marbles"}],"event_choices":[{"damage_healed":0.0,"max_hp_gain":0.0,"max_hp_loss":0.0,"gold_gain":0.0,"event_name":"Scrap Ooze","player_choice":"Success","floor":2.0,"gold_loss":0.0,"damage_taken":18.0,"relics_obtained":["HornCleat"]},{"damage_healed":0.0,"max_hp_gain":0.0,"max_hp_loss":0.0,"gold_gain":0.0,"event_name":"Living Wall","player_choice":"Grow","floor":3.0,"gold_loss":0.0,"damage_taken":0.0,"cards_upgraded":["Eruption"]},{"damage_healed":0.0,"max_hp_gain":0.0,"max_hp_loss":0.0,"gold_gain":64.0,"event_name":"Golden Wing","player_choice":"Gained Gold","floor":8.0,"gold_loss":0.0,"damage_taken":0.0}],"is_beta":false,"boss_relics":[],"items_purged_floors":[12],"is_endless":false,"potions_floor_spawned":[1,13],"killed_by":"Slime Boss","ascension_level":20}}