{"host":"6jrnojxwearbrjzo","time":1609798493,"event":{"mods":["Ascension Reborn","BaseMod","Minty Spire (QoL Compilation)","Replay The Spire","Shop Mod","Spicy Shops","StSLib","The Cursed","The Servant 0.9.4","vexMod"],"gold_per_floor":[118,118,118,4,19,46,60,60,108,31,42,42,70,84,84,180,180,198,16,34,9,25,25,124,148,148,73,15,43,236,251,251,351,351,369,719,719,719,730,730,177,188,211,211,211,211,211,226,226,226],"floor_reached":51,"playtime":2831,"items_purged":["Amnesia"],"score":695,"play_id":"d8dd6f5a-a80b-473b-b325-455ffe6a0158","local_time":"20210105061453","is_ascension_mode":true,"campfire_choices":[{"data":"TheCursedMod:CursedWand","floor":8.0,"key":"SMITH"},{"data":"TheCursedMod:CircleOfFlame","floor":12.0,"key":"SMITH"},{"data":"TheCursedMod:Grudge","floor":15.0,"key":"SMITH"},{"data":"vexMod:StairwayStrike","floor":23.0,"key":"SMITH"},{"data":"TheCursedMod:CircleOfWindfury","floor":32.0,"key":"SMITH"},{"data":"TheCursedMod:CollectTribute","floor":44,"key":"SMITH"},{"data":"TheCursedMod:EmpowerCircles","floor":47,"key":"SMITH"}],"circlet_count":0,"master_deck":["TheCursedMod:Defend_TheCursed+1","TheCursedMod:CursedWand+1","TheCursedMod:CleanUpWorkshop+1","TheCursedMod:Dregs","TheCursedMod:CircleOfCorruption+1","TheCursedMod:RapidMovement","TheCursedMod:VitalStrike+1","TheCursedMod:WearCloak","TheCursedMod:Grudge+1","TheCursedMod:CursedRelics","TheCursedMod:ReleasedStrength+1","TheCursedMod:SpreadPlague+1","TheCursedMod:CircleOfWindfury+1","TheCursedMod:HellsGateOpen+1","TheCursedMod:SurpriseAttack","vexMod:StairwayStrike+1","Replay:BasicMightCard","Survey Options+1","Injury","TheCursedMod:CircleOfWindfury+1","ReplayTheSpireMod:Splinters","TheCursedMod:StingEye+1","TheCursedMod:Evocation+1","TheCursedMod:CollectTribute+1","Amnesia","TheCursedMod:EmpowerCircles+1","Enlightenment+1","TheCursedMod:DemonSword+1","TheCursedMod:FleshFromBone+1","TheCursedMod:CursedAmulet","Purity","TheCursedMod:SoulReap","TheCursedMod:SoulCrush","TheCursedMod:Hemoplague+1"],"relics":["TheCursedMod:BlackMagic101","NeowsBlessing","Replay:PocketPolymizer","Happy Flower","Juzu Bracelet","Gremlin Horn","Astrolabe","ReplayTheSpireMod:ShopPack","Dream Catcher","MealTicket","Replay:WaspNest","vexMod:Cooldron","War Paint","Empty Cage","Ring of Hypnosis","Ring of Greed","Golden Egg","Old Coin","Anchor","vexMod:BarristanHead","Spirit Poop"],"acts_visited":["Exordium","TheCity","TheBeyond"],"potions_floor_usage":[42,50,50],"damage_taken":[{"damage":0.0,"enemies":"Small Slimes","floor":1.0,"turns":1.0},{"damage":0.0,"enemies":"2 Louse","floor":5.0,"turns":1.0},{"damage":0.0,"enemies":"3 Sentries","floor":6.0,"turns":1.0},{"damage":0.0,"enemies":"Cultist","floor":7.0,"turns":3.0},{"damage":0.0,"enemies":"Exordium Thugs","floor":11.0,"turns":4.0},{"damage":10.0,"enemies":"Gremlin Nob","floor":13.0,"turns":4.0},{"damage":0.0,"enemies":"2 Fungi Beasts","floor":14.0,"turns":2.0},{"damage":15.0,"enemies":"Slime Boss","floor":16.0,"turns":11.0},{"damage":20.0,"enemies":"Shell Parasite","floor":18.0,"turns":5.0},{"damage":20.0,"enemies":"Spheric Guardian","floor":20.0,"turns":4.0},{"damage":1.0,"enemies":"Snake Plant","floor":22.0,"turns":3.0},{"damage":15.0,"enemies":"Replay:Snechameleon","floor":29.0,"turns":5.0},{"damage":4.0,"enemies":"Centurion and Healer","floor":31.0,"turns":2.0},{"damage":16.0,"enemies":"Automaton","floor":33.0,"turns":6.0},{"damage":0.0,"enemies":"3 Shapes","floor":35.0,"turns":4.0},{"damage":3,"enemies":"Orb Walker","floor":39,"turns":3},{"damage":39,"enemies":"Jaw Worm Horde","floor":42,"turns":5},{"damage":12,"enemies":"4 Shapes","floor":48,"turns":4},{"damage":51,"enemies":"Donu and Deca","floor":50,"turns":8}],"seed_played":"6193730884667153881","potions_obtained":[{"floor":1.0,"key":"Block Potion"},{"floor":6.0,"key":"EssenceOfSteel"},{"floor":7.0,"key":"Energy Potion"},{"floor":14.0,"key":"Ancient Potion"},{"floor":18.0,"key":"Strength Potion"},{"floor":33.0,"key":"EntropicBrew"},{"floor":42,"key":"EntropicBrew"}],"is_trial":false,"path_per_floor":["M","?","?","$","M","E","M","R","T","$","M","R","E","M","R","B",null,"M","$","M","?","M","R","?","T","T","?","$","E","?","M","R","B",null,"M","?","?","?","M","?","$","M","T","R","?","?","R","M","R","B",null],"character_chosen":"THE_CURSED","items_purchased":["TheCursedMod:RapidMovement","TheCursedMod:VitalStrike","Juzu Bracelet","TheCursedMod:HellsGateOpen+1","TheCursedMod:SurpriseAttack","ReplayTheSpireMod:ShopPack","vexMod:Cooldron","Anchor","Enlightenment","TheCursedMod:DemonSword","TheCursedMod:FleshFromBone"],"campfire_rested":0,"item_purchase_floors":[4,4,10,19,19,19,28,41,41,41,41],"current_hp_per_floor":[75,60,60,60,60,60,60,60,60,60,60,60,50,50,50,35,75,55,55,35,35,34,34,34,34,34,34,49,34,34,30,30,14,75,75,75,75,75,72,72,75,36,36,36,36,36,36,24,46,22],"gold":226,"neow_bonus":"THREE_ENEMY_KILL","is_daily":false,"chose_seed":false,"campfire_upgraded":7,"win_rate":0.0,"timestamp":1609798493,"path_taken":["M","?","?","$","?","E","M","R","T","$","M","R","E","M","R","BOSS","M","$","M","?","M","R","?","?","T","?","$","E","?","M","R","BOSS","M","?","?","?","M","?","$","M","T","R","?","?","R","M","R","BOSS"],"items_purchased_type":["Card","Card","Relic","Card","Card","Relic","Relic","Relic","Card","Card","Card"],"build_version":"2020-12-22","purchased_purges":1,"victory":true,"max_hp_per_floor":[75,75,75,75,75,75,75,75,75,75,75,75,75,75,75,75,75,75,75,75,75,75,75,75,75,75,75,75,75,75,75,75,75,75,75,75,75,75,75,75,75,75,75,75,75,75,75,75,75,75],"card_choices":[{"not_picked":["TheCursedMod:SaltUponWound","TheCursedMod:SpitefulStrike"],"picked":"TheCursedMod:CircleOfCorruption","floor":1.0},{"not_picked":["TheCursedMod:Grudge","TheCursedMod:Stretching"],"picked":"TheCursedMod:PrepareRite","floor":5.0},{"not_picked":["TheCursedMod:TacticalStrike","TheCursedMod:EmpowerCircles"],"picked":"TheCursedMod:CursedAmulet","floor":6.0},{"not_picked":["TheCursedMod:CircleOfWindfury","TheCursedMod:PrepareRite"],"picked":"TheCursedMod:SpitefulStrike","floor":7.0},{"not_picked":["TheCursedMod:CircleOfBlood","TheCursedMod:CursedBoomerang","TheCursedMod:Wield"],"picked":"SKIP","floor":11.0},{"not_picked":["TheCursedMod:VitalStrike","TheCursedMod:SmokeScreen"],"picked":"TheCursedMod:WearCloak","floor":13.0},{"not_picked":["TheCursedMod:SoulCrush","TheCursedMod:CursedStaff"],"picked":"TheCursedMod:Grudge","floor":14.0},{"not_picked":["TheCursedMod:VoidForm","TheCursedMod:Neurasthenia"],"picked":"TheCursedMod:CursedRelics","floor":16.0},{"not_picked":["TheCursedMod:CircleOfAmplification","TheCursedMod:CircleOfFlame","TheCursedMod:SaltUponWound"],"picked":"SKIP","floor":18.0},{"not_picked":["Chrysalis","Midas Touch"],"picked":"vexMod:StairwayStrike","floor":19.0},{"not_picked":["Magnetism","Purity"],"picked":"Replay:BasicMightCard","floor":19.0},{"not_picked":["Trip","Mayhem"],"picked":"Survey Options","floor":19.0},{"not_picked":["TheCursedMod:FleshFromBone","TheCursedMod:VitalStrike","TheCursedMod:Stretching"],"picked":"SKIP","floor":20.0},{"not_picked":["TheCursedMod:FleshFromBone","TheCursedMod:RavingStaff","TheCursedMod:CursedAmulet+1"],"picked":"SKIP","floor":22.0},{"not_picked":["TheCursedMod:ParallelWorld","TheCursedMod:VitalStrike"],"picked":"TheCursedMod:CircleOfWindfury","floor":29.0},{"not_picked":["TheCursedMod:VitalStrike","TheCursedMod:RavingStaff"],"picked":"TheCursedMod:StingEye+1","floor":30.0},{"not_picked":["TheCursedMod:Stretching","TheCursedMod:Stigma"],"picked":"TheCursedMod:Evocation+1","floor":31.0},{"not_picked":["TheCursedMod:ShockAndAwe","TheCursedMod:ForbiddenAlchemy"],"picked":"TheCursedMod:CollectTribute","floor":33.0},{"not_picked":["TheCursedMod:Wield","TheCursedMod:CursedAmulet","TheCursedMod:SmokeScreen+1"],"picked":"SKIP","floor":35.0},{"not_picked":["TheCursedMod:SoulCrush","TheCursedMod:CursedArmor","TheCursedMod:StingEye"],"picked":"SKIP","floor":39},{"not_picked":["TheCursedMod:Stretching+1","TheCursedMod:SmokeScreen+1","TheCursedMod:VitalStrike"],"picked":"SKIP","floor":42},{"not_picked":["Metamorphosis","Violence"],"picked":"Purity","floor":45},{"not_picked":["TheCursedMod:Torture+1","TheCursedMod:CursedMace+1","TheCursedMod:SurpriseAttack+1"],"picked":"SKIP","floor":48},{"not_picked":["TheCursedMod:RavingStaff+1","TheCursedMod:CursedArmor+1"],"picked":"TheCursedMod:Hemoplague+1","floor":49}],"player_experience":10181,"relics_obtained":[{"floor":6.0,"key":"Replay:PocketPolymizer"},{"floor":9.0,"key":"Happy Flower"},{"floor":13.0,"key":"Gremlin Horn"},{"floor":25.0,"key":"MealTicket"},{"floor":26.0,"key":"Replay:WaspNest"},{"floor":29.0,"key":"War Paint"},{"floor":36,"key":"Ring of Hypnosis"},{"floor":36,"key":"Ring of Greed"},{"floor":36,"key":"Golden Egg"},{"floor":36,"key":"Old Coin"},{"floor":43,"key":"vexMod:BarristanHead"}],"event_choices":[{"damage_healed":0.0,"max_hp_gain":0.0,"max_hp_loss":0.0,"gold_gain":0.0,"event_name":"Shining Light","player_choice":"Entered Light","floor":2.0,"gold_loss":0.0,"damage_taken":15.0,"cards_upgraded":["TheCursedMod:CleanUpWorkshop","TheCursedMod:Defend_TheCursed"]},{"damage_healed":0.0,"max_hp_gain":0.0,"max_hp_loss":0.0,"gold_gain":0.0,"event_name":"Upgrade Shrine","player_choice":"Upgraded","floor":3.0,"gold_loss":0.0,"damage_taken":0.0,"cards_upgraded":["TheCursedMod:CircleOfCorruption"]},{"damage_healed":0.0,"max_hp_gain":0.0,"max_hp_loss":0.0,"gold_gain":99.0,"event_name":"Nest","player_choice":"Stole From Cult","floor":24.0,"gold_loss":0.0,"damage_taken":0.0},{"cards_removed":["Doubt"],"damage_healed":0.0,"max_hp_gain":0.0,"max_hp_loss":0.0,"gold_gain":0.0,"event_name":"Beggar","player_choice":"Gave Gold","floor":27.0,"gold_loss":75.0,"damage_taken":0.0},{"cards_removed":["TheCursedMod:Defend_TheCursed"],"damage_healed":0,"gold_gain":0,"player_choice":"Removed Skill","damage_taken":0,"max_hp_gain":0,"max_hp_loss":0,"event_name":"Falling","floor":37,"gold_loss":0},{"damage_healed":0,"gold_gain":0,"cards_transformed":["TheCursedMod:Strike_TheCursed"],"player_choice":"Transformed","damage_taken":0,"max_hp_gain":0,"max_hp_loss":0,"event_name":"Transmorgrifier","floor":38,"gold_loss":0,"cards_obtained":["TheCursedMod:EmpowerCircles"]},{"damage_healed":0,"gold_gain":0,"player_choice":"Ignored","damage_taken":0,"max_hp_gain":0,"max_hp_loss":0,"event_name":"Tomb of Lord Red Mask","floor":40,"gold_loss":0},{"damage_healed":0,"gold_gain":0,"player_choice":"Memory 1","damage_taken":0,"max_hp_gain":0,"max_hp_loss":0,"event_name":"SensoryStone","floor":45,"gold_loss":0},{"cards_removed":["vexMod:UltimateCard"],"damage_healed":0,"gold_gain":0,"player_choice":"Offered Curse","damage_taken":0,"relics_obtained":["Spirit Poop"],"max_hp_gain":0,"max_hp_loss":0,"event_name":"Bonfire Elementals","floor":46,"gold_loss":0}],"is_beta":false,"boss_relics":[{"not_picked":["vexMod:EndlessSickness","Snecko Eye"],"picked":"Astrolabe"},{"not_picked":["Black Star","vexMod:BigBerry"],"picked":"Empty Cage"}],"items_purged_floors":[41],"is_endless":false,"potions_floor_spawned":[1,6,7,14,18,22,33,42,48],"ascension_level":0}}