{"host":"ilrepnd391jk07a9","time":1609741507,"event":{"mods":["Aspiration","BaseMod","Better Altar","Better Note","Better Skull","Better Third Choice","BetterRewards","Colored Powertips","DeckTracker","Defuse TimeMaze Blight","Downfall","GifTheSpireLib","Gremlin Skip","Halation","Highlight Path","Hubris","Minty Spire (QoL Compilation)","Quick Restart","Relic Stats","Replay The Spire","StSLib","Stuff the Spire","everything is the same but u backflip on backflip","vexMod"],"gold_per_floor":[99,99,99,99,99,130,130,150,160,175,275,275,310,330,340,340,340,340],"floor_reached":16,"playtime":797,"items_purged":[],"score":149,"play_id":"ba796178-b488-431e-8e14-2b73beb1de83","local_time":"20210104192507","is_ascension_mode":true,"campfire_choices":[{"data":"champ:Execute","floor":1,"key":"SMITH"},{"floor":12,"key":"REST"}],"circlet_count":0,"master_deck":["champ:Strike","champ:Strike","champ:Strike","champ:Strike","champ:Defend","champ:Defend","champ:Defend","champ:Defend","champ:Execute+1","champ:Taunt","champ:StanceDance","champ:FlashCut","Bludgeon","champ:ShieldSigil","champ:GladiatorsShout","champ:Circumvent","Pot Of Greed","Pot Of Greed","champ:SkillfulDodge"],"relics":["champ:ChampionCrown","downfall:HeartsMalice","downfall:ShatteredFragment","Vajra","StuffTheSpire:Tea","halation:Toothbrush","downfall:GremlinWheel","Grinning Jar"],"acts_visited":["Exordium"],"potions_floor_usage":[11,13],"damage_taken":[{"damage":0,"enemies":"Small Slimes","floor":2,"turns":1},{"damage":0,"enemies":"Jaw Worm","floor":3,"turns":1},{"damage":0,"enemies":"Lagavulin","floor":6,"turns":1},{"damage":5,"enemies":"2 Louse","floor":8,"turns":2},{"damage":6,"enemies":"Lots of Slimes","floor":9,"turns":4},{"damage":5,"enemies":"Large Slime","floor":10,"turns":4},{"damage":14,"enemies":"Large Slime","floor":11,"turns":3},{"damage":19,"enemies":"Gremlin Nob","floor":13,"turns":3},{"damage":3,"enemies":"Blue Slaver","floor":14,"turns":3},{"damage":3,"enemies":"2 Fungi Beasts","floor":15,"turns":3},{"damage":26,"enemies":"downfall:Watcher","floor":16,"turns":4}],"seed_played":"-5817177783049355978","potions_obtained":[{"floor":6,"key":"LiquidMemories"},{"floor":8,"key":"hexamod:EctoCoolerPotion"},{"floor":13,"key":"sneckomod:MuddlingPotion"},{"floor":15,"key":"SneckoOil"}],"is_trial":false,"path_per_floor":["R","M","M","?","?","E","T","M","M","M","?","R","E","M","M","B"],"character_chosen":"THE_CHAMP","items_purchased":[],"campfire_rested":1,"item_purchase_floors":[],"current_hp_per_floor":[90,90,90,63,36,36,36,36,30,30,16,43,29,26,23,0,0,0],"gold":340,"neow_bonus":"THREE_ENEMY_KILL","is_daily":false,"chose_seed":false,"campfire_upgraded":1,"win_rate":0.0,"timestamp":1609741507,"path_taken":["R","M","M","?","?","E","T","M","M","M","?","R","E","M","M","BOSS"],"items_purchased_type":[],"build_version":"2020-12-22","purchased_purges":0,"victory":false,"max_hp_per_floor":[90,90,90,90,90,90,90,90,90,90,90,90,90,90,90,90,90,90],"relic_stats":{"counters":[11,26],"obtain_stats":[{"downfall:ShatteredFragment":4,"downfall:GremlinWheel":11,"Vajra":5,"champ:ChampionCrown":0,"downfall:HeartsMalice":0,"halation:Toothbrush":7,"Grinning Jar":13,"StuffTheSpire:Tea":6},{"downfall:ShatteredFragment":2,"downfall:GremlinWheel":7,"Vajra":2,"champ:ChampionCrown":0,"downfall:HeartsMalice":0,"halation:Toothbrush":3,"Grinning Jar":8,"StuffTheSpire:Tea":3},{"downfall:ShatteredFragment":0,"downfall:GremlinWheel":13,"Vajra":0,"champ:ChampionCrown":0,"downfall:HeartsMalice":0,"halation:Toothbrush":0,"Grinning Jar":16,"StuffTheSpire:Tea":0}]},"card_choices":[{"not_picked":["champ:Aggression","champ:CalledShot"],"picked":"champ:StanceDance","floor":2},{"not_picked":["champ:Lariat","champ:EnGarde"],"picked":"champ:FlashCut","floor":3},{"not_picked":["champ:RecklessLeap","champ:LastStand"],"picked":"champ:ShieldSigil","floor":6},{"not_picked":["champ:BladeFlurry","champ:FocusedBerserking"],"picked":"champ:GladiatorsShout","floor":8},{"not_picked":["champ:GutPunch","champ:GladiatorStyle"],"picked":"champ:Circumvent","floor":9},{"not_picked":["champ:Circumvent","champ:FightOn","champ:PerfectedStrike"],"picked":"SKIP","floor":10},{"not_picked":["champ:EnGarde","champ:FlashCut"],"picked":"champ:SkillfulDodge","floor":13},{"not_picked":["champ:Shatter","champ:FalseCounter","champ:RecklessLeap"],"picked":"SKIP","floor":14},{"not_picked":["champ:Backstep","champ:PerfectedStrike","champ:Encircle"],"picked":"SKIP","floor":15}],"player_experience":845131,"relics_obtained":[{"floor":6,"key":"StuffTheSpire:Tea"},{"floor":7,"key":"halation:Toothbrush"},{"floor":11,"key":"downfall:GremlinWheel"},{"floor":13,"key":"Grinning Jar"}],"event_choices":[],"is_beta":false,"boss_relics":[],"items_purged_floors":[],"is_endless":false,"potions_floor_spawned":[6,8,13,15],"killed_by":"downfall:Watcher","ascension_level":2}}