{"host":"dmdprxj8bosbz96f","time":1609769286,"event":{"mods":["AchievementEnabler","BaseMod","Colored Map","DeckTracker","Minty Spire (QoL Compilation)","Quick Restart","SuperFastMode","everything is the same but u backflip on backflip"],"gold_per_floor":[110,110,110,35,135,170,170,182,182,216,231,248,248,148,148,253,253,263,138,152,164,9,36,36,36,36,50,50,50,50,63,63,168,168,184,34,34,44,54,54,54,77,77,77,37,56,76,126,126,126,126],"floor_reached":50,"playtime":1629,"items_purged":["Defend_B","Strike_B","Defend_B","Defend_B"],"score":518,"play_id":"cb1e1d90-4a6f-4337-8fb8-d31d0f2ce1d9","local_time":"20210104230806","is_ascension_mode":false,"campfire_choices":[{"data":"Redo","floor":7.0,"key":"SMITH"},{"data":"Darkness","floor":13.0,"key":"SMITH"},{"floor":15.0,"key":"REST"},{"floor":24.0,"key":"REST"},{"data":"Redo","floor":30.0,"key":"SMITH"},{"floor":32.0,"key":"REST"},{"data":"Reboot","floor":40.0,"key":"SMITH"},{"data":"Dualcast","floor":44.0,"key":"SMITH"},{"data":"Redo","floor":49.0,"key":"SMITH"}],"circlet_count":0,"master_deck":["Zap","Dualcast+1","Redo+1","Redo+1","Lockon","Darkness+1","Reboot+1","CurseOfTheBell","Redo+1","Redo+1","Darkness+1","Redo+1"],"relics":["Cracked Core","NeowsBlessing","HornCleat","Matryoshka","Torii","Calling Bell","Bird Faced Urn","TheAbacus","Pantograph","Toy Ornithopter","Meat on the Bone","Empty Cage","Mummified Hand","Oddly Smooth Stone","Molten Egg 2","Dead Branch"],"acts_visited":["Exordium","TheCity","TheBeyond"],"potions_floor_usage":[50,50],"damage_taken":[{"damage":0.0,"enemies":"2 Louse","floor":1.0,"turns":1.0},{"damage":0.0,"enemies":"Lagavulin","floor":6.0,"turns":1.0},{"damage":0.0,"enemies":"Small Slimes","floor":8.0,"turns":1.0},{"damage":30.0,"enemies":"Gremlin Nob","floor":10.0,"turns":4.0},{"damage":6.0,"enemies":"Jaw Worm","floor":11.0,"turns":2.0},{"damage":1.0,"enemies":"2 Fungi Beasts","floor":12.0,"turns":3.0},{"damage":6.0,"enemies":"Slime Boss","floor":16.0,"turns":5.0},{"damage":0.0,"enemies":"Spheric Guardian","floor":18.0,"turns":3.0},{"damage":1.0,"enemies":"Chosen","floor":20.0,"turns":3.0},{"damage":28.0,"enemies":"Snake Plant","floor":21.0,"turns":3.0},{"damage":16.0,"enemies":"Book of Stabbing","floor":23.0,"turns":4.0},{"damage":19.0,"enemies":"Shelled Parasite and Fungi","floor":27.0,"turns":4.0},{"damage":1.0,"enemies":"Cultist and Chosen","floor":31.0,"turns":3.0},{"damage":69.0,"enemies":"Champ","floor":33.0,"turns":7.0},{"damage":1.0,"enemies":"3 Shapes","floor":35.0,"turns":3.0},{"damage":9.0,"enemies":"3 Darklings","floor":38.0,"turns":4.0},{"damage":20.0,"enemies":"Writhing Mass","floor":39.0,"turns":3.0},{"damage":18.0,"enemies":"Transient","floor":46.0,"turns":5.0},{"damage":8.0,"enemies":"3 Darklings","floor":47.0,"turns":2.0},{"damage":0.0,"enemies":"Mind Bloom Boss Battle","floor":48.0,"turns":3.0},{"damage":94,"enemies":"Donu and Deca","floor":50,"turns":5}],"seed_played":"-6540869048378559433","potions_obtained":[{"floor":6.0,"key":"SkillPotion"},{"floor":11.0,"key":"Explosive Potion"},{"floor":16.0,"key":"BlessingOfTheForge"},{"floor":21.0,"key":"Ancient Potion"},{"floor":27.0,"key":"EssenceOfSteel"},{"floor":35.0,"key":"SkillPotion"},{"floor":46.0,"key":"SpeedPotion"},{"floor":48.0,"key":"PowerPotion"}],"is_trial":false,"path_per_floor":["M","?","?","$","?","E","R","M","T","E","M","M","R","$","R","B",null,"M","$","M","M","$","E","R","$","T","M","?","?","R","M","R","B",null,"M","$","?","M","M","R","$","T","T","R","?","M","M","?","R","B"],"character_chosen":"DEFECT","items_purchased":["TheAbacus"],"campfire_rested":3,"item_purchase_floors":[22],"current_hp_per_floor":[75,75,75,75,75,75,75,75,75,45,39,38,38,38,60,54,75,75,75,74,46,46,30,52,52,52,45,45,45,45,44,66,33,75,74,74,74,65,50,50,50,50,50,50,50,44,48,73,73,0,0],"gold":126,"neow_bonus":"THREE_ENEMY_KILL","is_daily":false,"chose_seed":false,"campfire_upgraded":6,"win_rate":0.0,"timestamp":1609769286,"path_taken":["M","?","?","?","?","E","R","M","T","E","M","?","R","$","R","BOSS","M","$","M","M","$","E","R","?","T","M","?","?","R","?","R","BOSS","M","$","?","M","M","R","$","?","T","R","?","?","M","?","R","BOSS"],"items_purchased_type":["Relic"],"build_version":"2020-12-22","purchased_purges":4,"victory":false,"max_hp_per_floor":[75,75,75,75,75,75,75,75,75,75,75,75,75,75,75,75,75,75,75,75,75,75,75,75,75,75,75,75,75,75,75,75,75,75,75,75,75,75,75,75,75,75,75,75,75,75,75,75,75,75,75],"card_choices":[{"not_picked":["Sweeping Beam","Go for the Eyes"],"picked":"Redo","floor":1.0},{"not_picked":["Self Repair","Stack","Tempest"],"picked":"SKIP","floor":6.0},{"not_picked":["Steam","Leap","Hologram"],"picked":"SKIP","floor":8.0},{"not_picked":["Chaos","FTL"],"picked":"Redo","floor":10.0},{"not_picked":["Leap","Gash"],"picked":"Lockon","floor":11.0},{"not_picked":["Force Field","Go for the Eyes"],"picked":"Darkness","floor":12.0},{"not_picked":["Rainbow","Thunder Strike"],"picked":"Reboot","floor":16.0},{"not_picked":["Reinforced Body+1","Streamline","All For One"],"picked":"SKIP","floor":18.0},{"not_picked":["Cold Snap","Streamline","Gash"],"picked":"SKIP","floor":20.0},{"not_picked":["Cold Snap","Leap"],"picked":"Redo+1","floor":21.0},{"not_picked":["Sweeping Beam","Leap","Scrape+1"],"picked":"SKIP","floor":23.0},{"not_picked":["Hologram","All For One"],"picked":"Redo","floor":27.0},{"not_picked":["Beam Cell+1","Cold Snap","Steam"],"picked":"SKIP","floor":31.0},{"not_picked":["Gash+1","BootSequence+1","Leap+1"],"picked":"SKIP","floor":35.0},{"not_picked":["Beam Cell","Rip and Tear+1"],"picked":"Redo","floor":38.0},{"not_picked":["FTL+1","Consume","Compile Driver+1"],"picked":"SKIP","floor":39.0},{"not_picked":["Gash+1","Leap+1","Coolheaded+1"],"picked":"SKIP","floor":46.0},{"not_picked":["Rainbow","Rebound+1","Auto Shields"],"picked":"SKIP","floor":47.0}],"player_experience":119958,"relics_obtained":[{"floor":6.0,"key":"HornCleat"},{"floor":9.0,"key":"Matryoshka"},{"floor":10.0,"key":"Torii"},{"floor":17.0,"key":"Bird Faced Urn"},{"floor":23.0,"key":"Pantograph"},{"floor":26.0,"key":"Toy Ornithopter"},{"floor":26.0,"key":"Meat on the Bone"},{"floor":42.0,"key":"Mummified Hand"},{"floor":42.0,"key":"Oddly Smooth Stone"},{"floor":43.0,"key":"Molten Egg 2"},{"floor":48.0,"key":"Dead Branch"}],"event_choices":[{"damage_healed":0.0,"max_hp_gain":0.0,"max_hp_loss":0.0,"gold_gain":0.0,"event_name":"Liars Game","player_choice":"Ignored","floor":2.0,"gold_loss":0.0,"damage_taken":0.0},{"cards_removed":["Strike_B"],"damage_healed":0.0,"max_hp_gain":0.0,"max_hp_loss":0.0,"gold_gain":0.0,"event_name":"Living Wall","player_choice":"Forget","floor":3.0,"gold_loss":0.0,"damage_taken":0.0},{"damage_healed":0.0,"max_hp_gain":0.0,"max_hp_loss":0.0,"gold_gain":100.0,"event_name":"Golden Shrine","player_choice":"Pray","floor":5.0,"gold_loss":0.0,"damage_taken":0.0},{"damage_healed":0.0,"max_hp_gain":0.0,"max_hp_loss":0.0,"gold_gain":0.0,"event_name":"The Mausoleum","player_choice":"Ignored","floor":28.0,"gold_loss":0.0,"damage_taken":0.0},{"cards_removed":["Strike_B"],"damage_healed":0.0,"max_hp_gain":0.0,"max_hp_loss":0.0,"gold_gain":0.0,"event_name":"Bonfire Elementals","player_choice":"Offered Basic","floor":29.0,"gold_loss":0.0,"damage_taken":0.0},{"damage_healed":0.0,"max_hp_gain":0.0,"max_hp_loss":0.0,"gold_gain":0.0,"event_name":"Duplicator","player_choice":"Copied","floor":37.0,"gold_loss":0.0,"damage_taken":0.0,"cards_obtained":["Darkness"]},{"damage_healed":0.0,"max_hp_gain":0.0,"max_hp_loss":0.0,"gold_gain":0.0,"event_name":"Designer","player_choice":"Upgrade","floor":45.0,"gold_loss":40.0,"damage_taken":0.0,"cards_upgraded":["Redo"]},{"damage_healed":0.0,"max_hp_gain":0.0,"max_hp_loss":0.0,"gold_gain":0.0,"event_name":"MindBloom","player_choice":"Fight","floor":48.0,"gold_loss":0.0,"damage_taken":0.0}],"is_beta":false,"boss_relics":[{"not_picked":["Pandora\u0027s Box","Snecko Eye"],"picked":"Calling Bell"},{"not_picked":["Velvet Choker","Philosopher\u0027s Stone"],"picked":"Empty Cage"}],"items_purged_floors":[4,14,19,36],"is_endless":false,"potions_floor_spawned":[6,11,16,21,27,35,46,48],"killed_by":"Donu and Deca","ascension_level":0}}