{"host":"6999i8eg5ewbhdiq","time":1609790792,"event":{"mods":["AchievementEnabler","BaseMod","Colored Map","Colored Powertips","Highlight Path","Minty Spire (QoL Compilation)"],"gold_per_floor":[214,225,225,245,262,294,294,310,334,334,357,376,451,469,469,566,566,595,625,637,86,86,86],"floor_reached":22,"playtime":1429,"items_purged":["Strike_G"],"score":226,"play_id":"cec8587e-af75-42a1-ae88-3f7e6078f092","local_time":"20210104210632","is_ascension_mode":true,"campfire_choices":[{"floor":7,"key":"REST"},{"floor":10,"key":"REST"},{"floor":15,"key":"REST"}],"circlet_count":0,"master_deck":["Strike_G","Strike_G","Strike_G","Strike_G","Defend_G","Defend_G","Defend_G","Defend_G","Defend_G","Survivor","Neutralize","Footwork","Dagger Throw","Dagger Throw","Escape Plan","Deflect","Underhanded Strike","All Out Attack","Sucker Punch","Dagger Throw","Night Terror","Sucker Punch","Flying Knee"],"relics":["Ring of the Snake","Nunchaku","Omamori","Dream Catcher","Calling Bell","MawBank","Letter Opener","TungstenRod","OrangePellets","Toy Ornithopter","Potion Belt"],"acts_visited":["TheCity"],"potions_floor_usage":[5,14,16,19],"damage_taken":[{"damage":5,"enemies":"2 Louse","floor":1,"turns":4},{"damage":8,"enemies":"Jaw Worm","floor":2,"turns":8},{"damage":0,"enemies":"Small Slimes","floor":4,"turns":5},{"damage":14,"enemies":"Exordium Thugs","floor":5,"turns":6},{"damage":35,"enemies":"3 Sentries","floor":6,"turns":14},{"damage":20,"enemies":"Exordium Wildlife","floor":8,"turns":9},{"damage":4,"enemies":"3 Louse","floor":12,"turns":4},{"damage":9,"enemies":"Blue Slaver","floor":14,"turns":4},{"damage":26,"enemies":"Hexaghost","floor":16,"turns":15},{"damage":10,"enemies":"Chosen","floor":18,"turns":6},{"damage":24,"enemies":"Shell Parasite","floor":19,"turns":10},{"damage":36,"enemies":"Sentry and Sphere","floor":22,"turns":5}],"seed_played":"6686083042716162102","potions_obtained":[{"floor":2,"key":"SpeedPotion"},{"floor":4,"key":"SkillPotion"},{"floor":6,"key":"LiquidMemories"},{"floor":8,"key":"Dexterity Potion"}],"is_trial":false,"path_per_floor":["M","M","?","M","M","E","R","M","T","R","T","M","?","M","R","B",null,"M","M","?","$","M"],"character_chosen":"THE_SILENT","items_purchased":["OrangePellets","Toy Ornithopter","Potion Belt","Flying Knee"],"campfire_rested":3,"item_purchase_floors":[21,21,21,21],"current_hp_per_floor":[65,57,57,57,43,8,29,9,9,30,30,26,15,6,27,1,70,60,36,36,36,0,0],"gold":86,"neow_bonus":"HUNDRED_GOLD","is_daily":false,"chose_seed":false,"campfire_upgraded":0,"win_rate":0.0,"timestamp":1609790792,"path_taken":["M","M","?","M","M","E","R","M","T","R","?","M","?","M","R","BOSS","M","M","?","$","M"],"items_purchased_type":["Relic","Relic","Relic","Card"],"build_version":"2020-12-22","purchased_purges":1,"victory":false,"max_hp_per_floor":[70,70,70,70,70,70,70,70,70,70,70,70,70,70,70,70,70,70,70,70,70,70,70],"card_choices":[{"not_picked":["Flying Knee","Outmaneuver"],"picked":"Footwork","floor":1},{"not_picked":["Quick Slash","Blur"],"picked":"Dagger Throw","floor":2},{"not_picked":["Expertise","Poisoned Stab"],"picked":"Dagger Throw","floor":4},{"not_picked":["Blade Dance","Infinite Blades"],"picked":"Escape Plan","floor":5},{"not_picked":["Sucker Punch","Calculated Gamble"],"picked":"Deflect","floor":6},{"not_picked":["Crippling Poison","Deadly Poison"],"picked":"Underhanded Strike","floor":8},{"not_picked":["Deadly Poison","Flying Knee"],"picked":"All Out Attack","floor":12},{"not_picked":["Dagger Spray","Flechettes"],"picked":"Sucker Punch","floor":14},{"not_picked":["Dagger Spray","Bane"],"picked":"Dagger Throw","floor":15},{"not_picked":["Wraith Form v2","Doppelganger"],"picked":"Night Terror","floor":16},{"not_picked":["Outmaneuver","Blur"],"picked":"Sucker Punch","floor":18},{"not_picked":["Accuracy","Distraction","Poisoned Stab"],"picked":"SKIP","floor":19}],"player_experience":127387,"relics_obtained":[{"floor":6,"key":"Nunchaku"},{"floor":9,"key":"Omamori"},{"floor":11,"key":"Dream Catcher"},{"floor":17,"key":"MawBank"},{"floor":17,"key":"Letter Opener"},{"floor":17,"key":"TungstenRod"}],"event_choices":[{"damage_healed":0,"gold_gain":0,"player_choice":"Ignored","damage_taken":0,"max_hp_gain":0,"max_hp_loss":0,"event_name":"Liars Game","floor":3,"gold_loss":0},{"damage_healed":0,"gold_gain":75,"player_choice":"Gather Gold","damage_taken":11,"max_hp_gain":0,"max_hp_loss":0,"event_name":"World of Goop","floor":13,"gold_loss":0},{"damage_healed":0,"gold_gain":0,"player_choice":"Smashed Altar","damage_taken":0,"max_hp_gain":0,"max_hp_loss":0,"event_name":"Forgotten Altar","floor":20,"gold_loss":0,"cards_obtained":["Decay"]}],"is_beta":false,"boss_relics":[{"not_picked":["Velvet Choker","WristBlade"],"picked":"Calling Bell"}],"items_purged_floors":[21],"is_endless":false,"potions_floor_spawned":[2,4,6,8],"killed_by":"Sentry and Sphere","ascension_level":4}}