{"host":"yplokfwlx8kpnt0a","time":1609745460,"event":{"mods":["2.2 Compatiblity","AchievementEnabler","Act Like it!","Aspiration","Astrologer","BaseMod","Beaked The Cultist","Better Altar","Better Match","Better Note","Better Sensory Stone","Better Skull","Better Synergies","Better Third Choice","BetterRewards","CCEM","ChefMod","Colored Powertips","Curses Come First","Downfall","Elementarium","Emptier Cage","Evolution","Friendly Minions","Gensokyo","Googly Eyes","Hallownest","Hermit","Highlight Path","Hubris","Infinite Spire","JesterMod","Menagerie","Mimic Mod","Minty Spire (QoL Compilation)","RNG Fix","Random Character Button","Rare Cards Sparkle","Relic Sorter","Replay The Spire","Retaliation","Robot Space Explorer","Shop Mod","Spicy Shops","Spikes Relics","StSLib","The Blue Laboratory","The Bug Knight","The Construct","The Cursed","The Disciple","The Forsaken","The Marked","The Mystic","The Runesmith","TheVacant","Transform Curses","Treasure Hunter"],"gold_per_floor":[157,167,185,202,28,53,91,104,129,129,76,115,115,143,68,163,163,88,188,223,238,238,54,79,115,40,74,74,95,20,45,71,167,167,92,116,132,132,143,173,221,256,67,97,97,123,156,221,237,332,332,332,350,350,369,390,418,418,418,443,474,474,614,614,614,629,730,730,730,730],"floor_reached":68,"playtime":38906,"items_purged":["Slimebound:Icky","champ:Defend","Hallownest:curseDreamersLament","Decay","champ:Defend"],"score":1487,"play_id":"b0ff1303-7d11-4fec-9261-f9b0c7ad08d1","local_time":"20210104003100","is_ascension_mode":true,"campfire_choices":[{"floor":18,"key":"RECALL"},{"data":"Replay:Fractal Strike","floor":30,"key":"SMITH"},{"data":"champ:Improvising","floor":35,"key":"SMITH"},{"data":"hubris:Rewind","floor":45,"key":"SMITH"},{"data":"champ:SwordSigil","floor":52,"key":"SMITH"},{"data":"ReplayTheSpireMod:Book of Names","floor":62,"key":"SMITH"},{"data":"champ:PerfectForm","floor":64,"key":"SMITH"}],"circlet_count":0,"master_deck":["champ:FanOfKnives","champ:FlashCut","champ:FanOfKnives","champ:Strike","champ:Defend","champ:Execute","champ:Taunt","CurseOfTheBell","champ:Balance","champ:RisingSlash","champ:RecklessLeap","champ:Backstep","TH:DeckOfManyThings","champ:StanceDance","champ:IgnorePain","TH:Mimic","champ:ArenaPreparation","champ:VampiricStrike","champ:ShieldWall","TH:Mimic","TH:Mimic","champ:CrownThrow","J.A.X.","champ:GladiatorStyle","champ:BringItOn","champ:Aggression","TH:CopperCoins","TH:CopperCoins","champ:FocusedBerserking","TH:EnergyPotion","champ:Encircle","Replay:Fractal Strike+1","champ:ShieldSigil","champ:EnchantCrown","champ:RageSigil","champ:Improvising+1","ReplayTheSpireMod:Splinters","champ:FightOn","champ:SwordSigil+1","champ:FightOn","TH:Mimic","TH:EnergyPotion","hubris:Rewind+1","Transmutation","expansioncontent:DefensiveStance","DDmod:PotionAddictCard","TH:Mimic","champ:StrikeOfGenius","champ:HeartStrike","champ:HeartStrike","ReplayTheSpireMod:Book of Names+1","hubris:Rewind","infinitespire:SealOfDarkness+","champ:PerfectForm+1","expansioncontent:HyperBeam","TH:CopperCoins","champ:EnchantCrown"],"relics":["EVO:Axolotl","hubris:CuriousFeather","CCEMRelics:DissonantTune","MerchantsRug","Blood Vial","CCEMRelics:GrapeVine","Replay:Wax Seal","aspiration:FrozenJewel","Menagerie:HuntersKnife","hubris:Potato","ShockBauble","Black Star","downfall:HeartBlessingGreen","MutagenicStrength","aspiration:MobileForge","hubris:MysteriousPyramids","ReplayTheSpireMod:CursedCoin","SpikesRelics:DaevaFist","Bronze Scales","Guardian:PocketSentry","hubris:SlimyHat","CCEMRelics:TransientCore","champ:BerserkersGuideToSlaughter","downfall:HeartBlessingRed","Nunchaku","PreservedInsect","infinitespire:ShieldingShard","Calipers","downfall:HeartBlessingBlue","Hallownest:BeastSealRelic","Mirror","ReplayTheSpireMod:TigerMarble","Pet Ghost","Oddly Smooth Stone","infinitespire:CursedDice","ReplayTheSpireMod:ShopPack","InkBottle","Quantum Egg","Prayer Wheel","construct:WeddingRing","Toy Ornithopter","aspiration:KaomsHeart"],"acts_visited":["Menagerie:Menagerie","TheCity","Hallownest:KingdomsEdge","Menagerie:Menagerie","TheCity"],"potions_floor_usage":[3,11,16,16,19,25,33,37,39,40,57,67],"damage_taken":[{"damage":11,"enemies":"Menagerie:MonstrousExperiment","floor":2,"turns":4},{"damage":0,"enemies":"Menagerie:StygianBoar","floor":3,"turns":2},{"damage":14,"enemies":"Menagerie:WhisperingWraith","floor":4,"turns":4},{"damage":26,"enemies":"downfall:FleeingMerchant","floor":5,"turns":4},{"damage":32,"enemies":"Menagerie:MaskedSummoner","floor":6,"turns":6},{"damage":4,"enemies":"Menagerie:STYGIAN_BOAR_AND_RABBIT","floor":7,"turns":7},{"damage":6,"enemies":"Menagerie:STYGIAN_BOAR_AND_RABBIT","floor":8,"turns":4},{"damage":20,"enemies":"Menagerie:VoidReaper","floor":9,"turns":6},{"damage":20,"enemies":"downfall:FleeingMerchant","floor":11,"turns":4},{"damage":0,"enemies":"Menagerie:DREAD_MOTH_AND_GRAFTED_WORMS","floor":12,"turns":3},{"damage":0,"enemies":"Menagerie:MaskedSummoner","floor":14,"turns":7},{"damage":1,"enemies":"Menagerie:KEEPER_AND_YOUNG_SUNEATER","floor":15,"turns":4},{"damage":102,"enemies":"downfall:Defect","floor":16,"turns":7},{"damage":16,"enemies":"downfall:Augmenter","floor":19,"turns":8},{"damage":30,"enemies":"3 Byrds","floor":20,"turns":8},{"damage":26,"enemies":"Shell Parasite","floor":21,"turns":5},{"damage":16,"enemies":"Snake Plant","floor":23,"turns":5},{"damage":44,"enemies":"Gremlin Leader","floor":25,"turns":9},{"damage":0,"enemies":"downfall:FleeingMerchant","floor":26,"turns":4},{"damage":29,"enemies":"Replay:Snechameleon","floor":27,"turns":7},{"damage":2,"enemies":"Chosen and Byrds","floor":29,"turns":4},{"damage":5,"enemies":"Book of Stabbing","floor":31,"turns":4},{"damage":4,"enemies":"Centurion and Healer","floor":32,"turns":4},{"damage":37,"enemies":"downfall:Silent","floor":33,"turns":6},{"damage":12,"enemies":"Hallownest:Shield_Heavy","floor":36,"turns":3},{"damage":3,"enemies":"Hallownest:2_Littles","floor":37,"turns":4},{"damage":0,"enemies":"Hallownest:2_Great","floor":39,"turns":3},{"damage":0,"enemies":"Hallownest:eliteHiveKnight","floor":40,"turns":6},{"damage":58,"enemies":"Nightmare","floor":42,"turns":5},{"damage":0,"enemies":"downfall:FleeingMerchant","floor":43,"turns":4},{"damage":3,"enemies":"Hallownest:2_Wandering_and_1_Horned","floor":44,"turns":5},{"damage":7,"enemies":"Hallownest:Shield_Sturdy","floor":46,"turns":4},{"damage":3,"enemies":"Hallownest:StalkingDevout","floor":47,"turns":4},{"damage":8,"enemies":"Hallownest:2_Primals","floor":48,"turns":3},{"damage":0,"enemies":"Hallownest:2_Great","floor":49,"turns":1},{"damage":0,"enemies":"downfall:Ironclad","floor":50,"turns":5},{"damage":0,"enemies":"Menagerie:MonstrousExperiment","floor":53,"turns":1},{"damage":0,"enemies":"Menagerie:StygianBoar","floor":55,"turns":1},{"damage":0,"enemies":"Menagerie:WhisperingWraith","floor":56,"turns":1},{"damage":17,"enemies":"Nightmare","floor":57,"turns":6},{"damage":0,"enemies":"Menagerie:STYGIAN_BOAR_AND_RABBIT","floor":60,"turns":1},{"damage":0,"enemies":"Menagerie:Hydra","floor":61,"turns":2},{"damage":0,"enemies":"downfall:FleeingMerchant","floor":63,"turns":1},{"damage":0,"enemies":"Menagerie:RedMage","floor":66,"turns":1},{"damage":38,"enemies":"Menagerie:Suneater","floor":67,"turns":3}],"seed_played":"5073055226799547522","potions_obtained":[{"floor":2,"key":"Fire Potion"},{"floor":6,"key":"Energy Potion"},{"floor":12,"key":"SteroidPotion"},{"floor":14,"key":"Ancient Potion"},{"floor":15,"key":"FearPotion"},{"floor":16,"key":"blueLaboratory:FrostheartPotion"},{"floor":20,"key":"blueLaboratory:Moonshine"},{"floor":23,"key":"champ:CounterPotion"},{"floor":31,"key":"SkillPotion"},{"floor":32,"key":"blueLaboratory:EnragingPotion"},{"floor":33,"key":"LifebloodPotion"},{"floor":36,"key":"ColorlessPotion"},{"floor":46,"key":"Toxic Potion"},{"floor":47,"key":"LifebloodPotion"},{"floor":48,"key":"blueLaboratory:FrostheartPotion"},{"floor":57,"key":"Weak Potion"},{"floor":61,"key":"ColorlessPotion"},{"floor":67,"key":"hexamod:EctoCoolerPotion"}],"is_trial":false,"path_per_floor":["R","M","M","M","$","E","MIM","M","E","?","$","M","?","E","M","B",null,"R","?","M","M","?","M","T","E","$","E","AVR","M","R","E","M","B",null,"R","M","M","?","M","E","T","NM","$","M","R","M","E","?","M","B",null,"R","M","?","M","M","NM","T","AVR","M","E","R","$","R","?","M","B",null],"character_chosen":"THE_CHAMP","items_purchased":["MerchantsRug","Blood Vial","EntropicBrew","hubris:Potato","ReplayTheSpireMod:CursedCoin","SpikesRelics:DaevaFist","Bronze Scales","infinitespire:CursedDice","ReplayTheSpireMod:ShopPack","blueLaboratory:HorrorPotion","PowerPotion"],"campfire_rested":0,"item_purchase_floors":[5,5,11,11,26,26,26,43,43,63,63],"current_hp_per_floor":[90,90,90,89,89,86,87,89,76,76,78,83,68,83,82,61,83,83,83,88,88,67,88,88,78,88,88,88,91,91,94,96,97,97,107,111,114,114,118,119,119,97,123,125,125,128,131,135,141,143,143,143,149,152,158,164,165,165,265,271,276,276,282,282,285,291,295,295,295,295],"gold":730,"neow_bonus":"BOSS_RELIC","is_daily":false,"chose_seed":false,"campfire_upgraded":6,"win_rate":0.0,"timestamp":1609745460,"path_taken":["R","M","M","M","$","E","MIM","M","E","?","$","M","?","E","M","BOSS","R","?","?","M","?","M","T","E","?","E","AVR","M","R","E","M","BOSS","R","M","M","?","M","E","T","NM","$","M","R","?","E","?","M","BOSS","R","M","?","M","M","NM","T","AVR","?","E","R","$","R","?","M","BOSS"],"items_purchased_type":["Relic","Relic","Potion","Relic","Relic","Relic","Relic","Relic","Relic","Potion","Potion"],"build_version":"2020-12-22","purchased_purges":5,"victory":false,"max_hp_per_floor":[90,90,90,90,90,90,90,90,90,83,83,83,83,83,83,83,83,83,83,88,88,88,88,88,88,88,88,88,91,91,94,96,97,97,107,111,114,114,118,119,119,121,123,125,125,128,131,135,141,143,143,143,149,152,158,164,165,165,265,271,276,276,282,282,285,291,295,295,295,295],"card_choices":[{"not_picked":["Master of Strategy","TH:EnergyPotion"],"picked":"Replay:SS_forest_6","floor":1},{"not_picked":["champ:GladiatorsShout","champ:Circumvent"],"picked":"champ:Balance","floor":2},{"not_picked":["champ:RageSigil","champ:StanceDance"],"picked":"champ:RisingSlash","floor":3},{"not_picked":["champ:GladiatorsShout","champ:FlashCut"],"picked":"champ:RecklessLeap","floor":4},{"not_picked":["champ:ShieldThrow","champ:Circumvent"],"picked":"champ:Backstep","floor":5},{"not_picked":["TH:PixieDust"],"picked":"TH:DeckOfManyThings","floor":6},{"not_picked":["champ:PerfectedStrike","champ:BringItOn"],"picked":"champ:StanceDance","floor":6},{"not_picked":["champ:BerserkerStyle","champ:FanOfKnives"],"picked":"champ:IgnorePain","floor":8},{"not_picked":["TH:CursedSword"],"picked":"TH:Mimic","floor":9},{"not_picked":["champ:PerfectedStrike","champ:Haymaker"],"picked":"champ:ArenaPreparation","floor":9},{"not_picked":["champ:BringItOn","champ:ShieldSigil"],"picked":"champ:VampiricStrike","floor":11},{"not_picked":["champ:Duel","champ:BladeFlurry"],"picked":"champ:ShieldWall","floor":12},{"not_picked":["TH:ElvenBoots"],"picked":"TH:Mimic","floor":14},{"not_picked":["champ:FanOfKnives","champ:SkillfulDodge","champ:BerserkersShout"],"picked":"SKIP","floor":14},{"not_picked":["champ:DefensiveShout","champ:CalledShot"],"picked":"champ:FightOn","floor":15},{"not_picked":["TH:EnergyPotion"],"picked":"TH:Mimic","floor":16},{"not_picked":["champ:MurderStrike","champ:ShieldSlam"],"picked":"champ:CrownThrow","floor":16},{"not_picked":[],"picked":"J.A.X.","floor":19},{"not_picked":["champ:FanOfKnives","champ:EnchantShield"],"picked":"champ:BringItOn","floor":19},{"not_picked":["champ:CrookedStrike","champ:PerfectedStrike","champ:FlashCut"],"picked":"SKIP","floor":20},{"not_picked":["champ:Backstep","champ:SwordSigil"],"picked":"champ:Aggression","floor":21},{"not_picked":["champ:RapidStrikes","champ:BerserkersShout+1","champ:Balance"],"picked":"SKIP","floor":23},{"not_picked":["TH:CursedSword"],"picked":"TH:CopperCoins","floor":24},{"not_picked":["TH:CursedSword"],"picked":"TH:CopperCoins","floor":25},{"not_picked":["champ:GladiatorsShout+1","champ:Control"],"picked":"champ:FocusedBerserking","floor":25},{"not_picked":["champ:CrookedStrike","champ:Riposte","champ:Circumvent"],"picked":"SKIP","floor":26},{"not_picked":["TH:TreasureMap"],"picked":"TH:EnergyPotion","floor":27},{"not_picked":["champ:EnragedBash+1","champ:Balance"],"picked":"champ:Encircle","floor":27},{"not_picked":["champ:CalledShot","champ:Circumvent"],"picked":"champ:ShieldSigil","floor":29},{"not_picked":["champ:TornadoPunch","champ:FanOfKnives"],"picked":"champ:EnchantCrown","floor":31},{"not_picked":["TH:DeckOfManyThings","TH:CopperCoins"],"picked":"SKIP","floor":31},{"not_picked":["champ:DefensiveShout+1","champ:AdrenalArmor"],"picked":"champ:RageSigil","floor":32},{"not_picked":["champ:EnchantShield","champ:CheapShot"],"picked":"champ:Improvising","floor":33},{"not_picked":["Normality","ReplayTheSpireMod:Splinters"],"picked":"Decay","floor":34},{"not_picked":["Regret","sneckomod:Bewildered"],"picked":"Elementarium:StickyTar","floor":34},{"not_picked":["hubris:Despair","Injury"],"picked":"ReplayTheSpireMod:Splinters","floor":34},{"not_picked":["champ:RapidStrikes+1","champ:TornadoPunch"],"picked":"champ:FightOn","floor":36},{"not_picked":["champ:DefensiveShout","champ:Haymaker+1","champ:BladeFlurry"],"picked":"SKIP","floor":37},{"not_picked":["champ:CrookedStrike","champ:TornadoPunch"],"picked":"champ:SwordSigil","floor":39},{"not_picked":["champ:FlashCut+1","champ:RageSigil"],"picked":"champ:FightOn","floor":40},{"not_picked":["TH:DeckOfManyThings","TH:CopperCoins"],"picked":"SKIP","floor":40},{"not_picked":["TH:EnergyPotion"],"picked":"TH:Mimic","floor":41},{"not_picked":["TH:Mimic"],"picked":"TH:EnergyPotion","floor":42},{"not_picked":["infinitespire:TheBestDefense","infinitespire:Punishment"],"picked":"hubris:Rewind","floor":42},{"not_picked":["champ:ShieldWall","champ:Encircle","champ:MurderStrike"],"picked":"SKIP","floor":42},{"not_picked":["champ:AdrenalArmor","champ:FlashCut+1","champ:Lariat+1"],"picked":"SKIP","floor":43},{"not_picked":["TH:TreasureMap","TH:PixieDust"],"picked":"Transmutation","floor":43},{"not_picked":["expansioncontent:DarkVoid","Secret Weapon"],"picked":"expansioncontent:DefensiveStance","floor":43},{"not_picked":["expansioncontent:GoopSpray","expansioncontent:DarkVoid"],"picked":"DDmod:PotionAddictCard","floor":43},{"not_picked":["champ:FanOfKnives","champ:Lariat+1","champ:CalledShot"],"picked":"SKIP","floor":44},{"not_picked":["champ:RageSigil","champ:FanOfKnives","champ:Duel+1"],"picked":"SKIP","floor":46},{"not_picked":["TH:CursedSword","TH:DeckOfManyThings"],"picked":"SKIP","floor":47},{"not_picked":["champ:ShieldWall+1","champ:FocusedDefense","champ:Lariat+1"],"picked":"SKIP","floor":47},{"not_picked":["champ:GutPunch+1","champ:FocusedGladiator","champ:DefensiveShout"],"picked":"SKIP","floor":49},{"not_picked":["champ:GladiatorsShout","champ:Backstep","champ:Haymaker+1"],"picked":"SKIP","floor":49},{"not_picked":["TH:BikiniMail"],"picked":"TH:Mimic","floor":50},{"not_picked":["champ:HoldFirm","champ:VampiricStrike"],"picked":"champ:StrikeOfGenius","floor":50},{"not_picked":["champ:Duel","champ:CrookedStrike","champ:Shatter"],"picked":"SKIP","floor":53},{"not_picked":["champ:EndlessRage","champ:SkillfulDodge","champ:RageSigil"],"picked":"SKIP","floor":53},{"not_picked":["champ:GutPunch","champ:GladiatorsShout"],"picked":"champ:HeartStrike","floor":55},{"not_picked":["champ:BringItOn","champ:RecklessLeap","champ:FlashCut"],"picked":"SKIP","floor":55},{"not_picked":["champ:RisingSlash","champ:SkillfulDodge"],"picked":"champ:HeartStrike","floor":56},{"not_picked":["champ:GladiatorStyle","champ:CrookedStrike","champ:DefensiveShout"],"picked":"SKIP","floor":56},{"not_picked":["TH:BikiniMail","TH:DeckOfManyThings"],"picked":"SKIP","floor":57},{"not_picked":["champ:BringItOn","champ:DefensiveShout","champ:EnGarde"],"picked":"SKIP","floor":57},{"not_picked":["TH:ArmorSpikes","TH:CopperCoins"],"picked":"SKIP","floor":58},{"not_picked":["champ:StanceDance","champ:BerserkersShout","champ:ShieldWall"],"picked":"SKIP","floor":60},{"not_picked":["champ:PerfectedStrike","champ:Haymaker","champ:FocusedDefense"],"picked":"SKIP","floor":60},{"not_picked":["TH:Mimic","TH:ElvenBoots"],"picked":"SKIP","floor":61},{"not_picked":["champ:FlashCut","champ:FocusedGladiator","champ:RisingSlash"],"picked":"SKIP","floor":61},{"not_picked":["champ:FlashCut","champ:BringItOn"],"picked":"champ:PerfectForm","floor":63},{"not_picked":["champ:RageSigil","champ:BringItOn","champ:TornadoPunch"],"picked":"SKIP","floor":66},{"not_picked":["champ:FanOfKnives","champ:ViciousMockery","champ:Balance"],"picked":"SKIP","floor":66},{"not_picked":["TH:BikiniMail"],"picked":"TH:CopperCoins","floor":67},{"not_picked":["champ:HoldFirm","champ:CrownThrow"],"picked":"champ:EnchantCrown","floor":67}],"player_experience":616346,"relics_obtained":[{"floor":0,"key":"hubris:CuriousFeather"},{"floor":0,"key":"CCEMRelics:DissonantTune"},{"floor":0,"key":"aspiration:HiddenCompartment"},{"floor":6,"key":"CCEMRelics:GrapeVine"},{"floor":7,"key":"Replay:Wax Seal"},{"floor":9,"key":"aspiration:FrozenJewel"},{"floor":14,"key":"ShockBauble"},{"floor":19,"key":"MutagenicStrength"},{"floor":25,"key":"aspiration:SeaSaltIceCream"},{"floor":25,"key":"hubris:MysteriousPyramids"},{"floor":27,"key":"Guardian:PocketSentry"},{"floor":27,"key":"hubris:SlimyHat"},{"floor":31,"key":"Nunchaku"},{"floor":31,"key":"Akabeko"},{"floor":40,"key":"Mirror"},{"floor":40,"key":"ReplayTheSpireMod:TigerMarble"},{"floor":41,"key":"hubris:ToyBattleship"},{"floor":42,"key":"Pet Ghost"},{"floor":42,"key":"Oddly Smooth Stone"},{"floor":47,"key":"InkBottle"},{"floor":47,"key":"Quantum Egg"},{"floor":48,"key":"Prayer Wheel"},{"floor":58,"key":"Toy Ornithopter"}],"event_choices":[{"damage_healed":0,"gold_gain":1,"player_choice":"1","damage_taken":0,"max_hp_gain":0,"max_hp_loss":0,"event_name":"betterStone:BetterStone","floor":1,"gold_loss":0},{"damage_healed":0,"gold_gain":0,"player_choice":"Take","damage_taken":0,"relics_obtained":["Menagerie:HuntersKnife"],"max_hp_gain":0,"max_hp_loss":7,"event_name":"Menagerie:BigGameHunter","floor":10,"gold_loss":0},{"damage_healed":0,"gold_gain":0,"cards_transformed":["Replay:SS_forest_6"],"player_choice":"Vigor","damage_taken":0,"max_hp_gain":3,"max_hp_loss":0,"event_name":"Menagerie:CloudVision","floor":65,"gold_loss":0,"cards_obtained":["expansioncontent:HyperBeam"]}],"is_beta":false,"boss_relics":[{"not_picked":["aspiration:RunesmithSkillbook","hubris:TerracottaHorce"],"picked":"Black Star"},{"not_picked":["SlaversCollar","aspiration:IroncladSkillbook"],"picked":"Replay:Ancient Bell"},{"not_picked":["SnailShell","Runesmith:AutoHammer"],"picked":"PreservedInsect"},{"not_picked":["Replay:Bottled Steam","LugNut"],"picked":"infinitespire:ShieldingShard"},{"not_picked":["ZombieTooth","Incense Burner"],"picked":"Calipers"},{"not_picked":["aspiration:FutureDiary","ReplayTheSpireMod:SealedPack"],"picked":"construct:WeddingRing"},{"not_picked":["aspiration:KMNothing","aspiration:KMNothing"],"picked":"aspiration:KMNothing"}],"items_purged_floors":[26,28,43,59,63],"is_endless":true,"potions_floor_spawned":[2,6,12,14,15,16,20,23,31,32,33,36,46,47,48,49,57,61,67],"ascension_level":1}}