{"host":"54vghy6hfkyy1r39","time":1609720105,"event":{"mods":["AchievementEnabler","BaseMod","Minty Spire (QoL Compilation)","StSLib","SuperFastMode","everything is the same but u backflip on backflip"],"gold_per_floor":[111,42,53,128,128,128,156,156,204,204,204],"floor_reached":10,"playtime":227,"items_purged":[],"score":70,"play_id":"9e6ce2e7-76ad-4058-b59e-5c0381eae2be","local_time":"20210104092825","is_ascension_mode":true,"campfire_choices":[{"floor":6,"key":"REST"},{"data":"Burning Pact","floor":8,"key":"SMITH"}],"circlet_count":0,"master_deck":["Strike_R","Strike_R","Strike_R","Strike_R","Strike_R","Defend_R","Defend_R","Defend_R","Defend_R","Bash+1","Burning Pact+1","Inflame","Entrench","Ghostly Armor","Inflame"],"relics":["Burning Blood","Gambling Chip","Juzu Bracelet"],"acts_visited":["Exordium"],"potions_floor_usage":[],"damage_taken":[{"damage":21,"enemies":"Small Slimes","floor":1,"turns":5},{"damage":23,"enemies":"Jaw Worm","floor":3,"turns":5},{"damage":22,"enemies":"Gremlin Nob","floor":7,"turns":5},{"damage":49,"enemies":"Lagavulin","floor":10,"turns":8}],"seed_played":"-2442575288196759165","potions_obtained":[{"floor":1,"key":"DistilledChaos"},{"floor":3,"key":"Strength Potion"},{"floor":7,"key":"Explosive Potion"}],"is_trial":false,"path_per_floor":["M","$","M","?","?","R","E","R","T","E"],"character_chosen":"IRONCLAD","items_purchased":["Entrench"],"campfire_rested":1,"item_purchase_floors":[2],"current_hp_per_floor":[65,65,48,37,37,61,45,45,45,0,0],"gold":204,"neow_bonus":"THREE_CARDS","is_daily":false,"chose_seed":false,"campfire_upgraded":1,"win_rate":0.0,"timestamp":1609720105,"path_taken":["M","$","M","?","?","R","E","R","T","E"],"items_purchased_type":["Card"],"build_version":"2020-12-22","purchased_purges":0,"victory":false,"max_hp_per_floor":[80,80,80,80,80,80,80,80,80,80,80],"card_choices":[{"not_picked":["Clash","Headbutt"],"picked":"Burning Pact","floor":0},{"not_picked":["Reckless Charge","Clothesline"],"picked":"Inflame","floor":1},{"not_picked":["Clash","Anger"],"picked":"Ghostly Armor","floor":3},{"not_picked":["Headbutt","Feel No Pain"],"picked":"Inflame","floor":7}],"player_experience":178714,"relics_obtained":[{"floor":7,"key":"Gambling Chip"},{"floor":9,"key":"Juzu Bracelet"}],"event_choices":[{"damage_healed":0,"gold_gain":75,"player_choice":"Gather Gold","damage_taken":11,"max_hp_gain":0,"max_hp_loss":0,"event_name":"World of Goop","floor":4,"gold_loss":0},{"damage_healed":0,"gold_gain":0,"player_choice":"Upgraded","damage_taken":0,"max_hp_gain":0,"max_hp_loss":0,"event_name":"Upgrade Shrine","floor":5,"gold_loss":0,"cards_upgraded":["Bash"]}],"is_beta":false,"boss_relics":[],"items_purged_floors":[],"is_endless":false,"potions_floor_spawned":[1,3,7],"killed_by":"Lagavulin","ascension_level":2}}