{"host":"Koishi","time":1609797565,"event":{"mods":["100% Spire Juice","2.2 Compatiblity","AchievementEnabler","Act Like it!","BaseMod","Better Match","Better Note","Better Sensory Stone","Better Third Choice","Colored Powertips","Downfall","Minty Spire (QoL Compilation)","Quick Restart","Relic Stats","Robot Space Explorer","StSLib","everything is the same but u backflip on backflip","slay the spire mod where everything is the same but ironclad has a cowboy hat"],"gold_per_floor":[79,98,117,117,132,151,176,195,214,237,265,293,307,307,80,181,181,181,196,196,296,396,396,396,126,151,171,56,56,56,56,74,172,172,172,183,233,253,265,265,290,106,106,134,59,59,59,76,87,87,87,121,28,28,28],"floor_reached":56,"playtime":2560,"items_purged":["Moonworks:Strike","Moonworks:Defend"],"score":1322,"play_id":"9391f256-2c3e-4a51-8c8b-66a410e19cef","local_time":"20210104165925","is_ascension_mode":false,"campfire_choices":[{"data":"Moonworks:Ambush","floor":1,"key":"SMITH"},{"floor":18,"key":"RECALL"},{"data":"Moonworks:MeltingMemories","floor":25,"key":"SMITH"},{"data":"J.A.X.","floor":30,"key":"SMITH"},{"data":"Moonworks:LeapThroughSpace","floor":35,"key":"SMITH"},{"data":"expansioncontent:LastStand","floor":45,"key":"SMITH"},{"data":"Moonworks:MetallicMonocoque","floor":54,"key":"SMITH"}],"circlet_count":0,"master_deck":["Moonworks:Strike+1","Moonworks:Defend","Moonworks:Defend","Moonworks:Defend","Moonworks:Ambush+1","Moonworks:LongDistanceShot+1","Moonworks:Dinner","champ:Taunt+1","Moonworks:Dash","Moonworks:SakisCookie","Moonworks:SelfDestruct","Moonworks:CookingTime","Moonworks:IntelligenceOfficer","Moonworks:BeyondHell+1","Moonworks:MeltingMemories+1","Moonworks:SakisCookie","Moonworks:FullSpeedAlicianrone","J.A.X.+1","Moonworks:BigMagnum+1","Moonworks:ImOnFire+1","Moonworks:MeltingMemories+1","Moonworks:MetallicMonocoque+1","Moonworks:DeployBits+1","Moonworks:RagingMadness","Moonworks:Dinner+1","expansioncontent:ManipulateTime+1","expansioncontent:LastStand+1","Magnetism","Moonworks:ImOnFire+1","Moonworks:BigMagnum+1","Moonworks:ScrambledEve+1"],"relics":["Moonworks:BrokenBomb","Moonworks:Homemark","Juzu Bracelet","PreservedInsect","Pen Nib","Odd Mushroom","downfall:BrokenWingStatue","Busted Crown","Gambling Chip","Bottled Flame","MutagenicStrength","Toxic Egg 2","downfall:HeartBlessingRed","downfall:HeartBlessingGreen","Whetstone","Coffee Dripper","FossilizedHelix","Thread and Needle","Oddly Smooth Stone","downfall:HeartBlessingBlue","Bag of Preparation","Toy Ornithopter"],"acts_visited":["Exordium","TheCity","TheBeyond","TheEnding"],"potions_floor_usage":[6,16,16,16,22,22,49,55],"damage_taken":[{"damage":0,"enemies":"Jaw Worm","floor":2,"turns":3},{"damage":0,"enemies":"Cultist","floor":3,"turns":3},{"damage":8,"enemies":"Small Slimes","floor":5,"turns":4},{"damage":6,"enemies":"Exordium Thugs","floor":6,"turns":4},{"damage":1,"enemies":"Blue Slaver","floor":8,"turns":4},{"damage":0,"enemies":"2 Fungi Beasts","floor":9,"turns":5},{"damage":17,"enemies":"Lagavulin","floor":11,"turns":8},{"damage":9,"enemies":"The Mushroom Lair","floor":12,"turns":4},{"damage":11,"enemies":"Large Slime","floor":13,"turns":7},{"damage":19,"enemies":"Gremlin Gang","floor":15,"turns":1},{"damage":16,"enemies":"downfall:Silent","floor":16,"turns":12},{"damage":30,"enemies":"Spheric Guardian","floor":19,"turns":1},{"damage":16,"enemies":"Colosseum Nobs","floor":21,"turns":3},{"damage":4,"enemies":"downfall:Augmenter","floor":22,"turns":5},{"damage":34,"enemies":"Book of Stabbing","floor":26,"turns":4},{"damage":6,"enemies":"Centurion and Healer","floor":27,"turns":2},{"damage":15,"enemies":"downfall:FleeingMerchant","floor":28,"turns":4},{"damage":15,"enemies":"Snake Plant","floor":32,"turns":4},{"damage":27,"enemies":"downfall:Defect","floor":33,"turns":3},{"damage":32,"enemies":"3 Shapes","floor":36,"turns":1},{"damage":18,"enemies":"Mind Bloom Boss Battle","floor":37,"turns":3},{"damage":0,"enemies":"Orb Walker","floor":38,"turns":2},{"damage":19,"enemies":"Jaw Worm Horde","floor":39,"turns":2},{"damage":0,"enemies":"downfall:FleeingMerchant","floor":42,"turns":1},{"damage":22,"enemies":"Nemesis","floor":44,"turns":5},{"damage":0,"enemies":"3 Darklings","floor":48,"turns":2},{"damage":38,"enemies":"Transient","floor":49,"turns":5},{"damage":25,"enemies":"downfall:Ironclad","floor":50,"turns":5},{"damage":8,"enemies":"downfall:CharBossMerchant","floor":52,"turns":3},{"damage":115,"enemies":"downfall:NeowBoss","floor":55,"turns":15}],"seed_played":"-7465079153361442692","potions_obtained":[{"floor":3,"key":"Weak Potion"},{"floor":5,"key":"Block Potion"},{"floor":8,"key":"SpeedPotion"},{"floor":13,"key":"Ancient Potion"},{"floor":16,"key":"Weak Potion"},{"floor":19,"key":"Block Potion"},{"floor":21,"key":"FearPotion"},{"floor":27,"key":"SteroidPotion"},{"floor":36,"key":"Guardian:BlockOnCardUsePotion"},{"floor":37,"key":"LiquidMemories"}],"is_trial":false,"path_per_floor":["R","M","M","?","M","M","T","M","M","T","E","?","M","?","M","B",null,"R","M","?","?","?","?","T","R","E","M","$","?","R","?","M","B",null,"R","M","?","M","M","?","T","$","?","E","R","T","?","M","M","B",null,"E","$","R","B",null],"character_chosen":"THE_STARBREAKER","items_purchased":["Moonworks:ImOnFire+1","Thread and Needle","Moonworks:RagingMadness","Moonworks:Dinner+1","Moonworks:BigMagnum+1","Moonworks:ScrambledEve+1"],"campfire_rested":0,"item_purchase_floors":[28,42,42,42,53,53],"current_hp_per_floor":[60,60,60,60,53,47,47,51,53,53,44,39,39,39,20,20,60,60,36,26,17,41,41,41,41,27,25,23,23,23,23,46,33,65,65,37,26,38,25,25,25,45,35,33,43,43,43,50,56,49,75,71,71,71,21],"gold":28,"neow_bonus":"HUNDRED_GOLD","is_daily":false,"chose_seed":false,"campfire_upgraded":6,"win_rate":0.0,"timestamp":1609797565,"path_taken":["R","M","M","?","?","M","T","M","M","?","E","?","M","?","M","BOSS","R","M","?","?","?","?","T","R","E","M","$","?","R","?","M","BOSS","R","M","?","M","M","?","T","$","?","E","R","?","?","M","M","BOSS","E","$","R","BOSS"],"items_purchased_type":["Card","Relic","Card","Card","Card","Card"],"build_version":"2020-12-18","purchased_purges":2,"victory":true,"max_hp_per_floor":[60,60,60,60,60,60,60,60,60,60,60,60,60,60,60,60,60,60,60,65,65,65,65,65,65,65,65,65,65,65,65,65,65,65,65,65,65,65,65,65,65,65,65,65,75,75,75,75,75,75,75,75,75,75,75],"relic_stats":{"Busted Crown":58,"counters":[30,125],"Gambling Chip":[43],"PreservedInsect":394,"Pen Nib":[19],"Juzu Bracelet":4,"Bag of Preparation":[10],"Whetstone":["Moonworks:LongDistanceShot","Moonworks:Strike"],"obtain_stats":[{"downfall:HeartBlessingRed":25,"Oddly Smooth Stone":44,"downfall:HeartBlessingGreen":25,"Thread and Needle":42,"PreservedInsect":10,"Pen Nib":11,"Juzu Bracelet":7,"Bag of Preparation":46,"Whetstone":26,"Odd Mushroom":12,"Bottled Flame":21,"downfall:BrokenWingStatue":14,"Busted Crown":17,"downfall:HeartBlessingBlue":45,"Moonworks:Homemark":0,"Gambling Chip":21,"MutagenicStrength":22,"Coffee Dripper":34,"Toxic Egg 2":24,"FossilizedHelix":37,"Toy Ornithopter":52,"Moonworks:BrokenBomb":0},{"downfall:HeartBlessingRed":14,"Oddly Smooth Stone":25,"downfall:HeartBlessingGreen":14,"Thread and Needle":24,"PreservedInsect":6,"Pen Nib":7,"Juzu Bracelet":4,"Bag of Preparation":25,"Whetstone":15,"Odd Mushroom":8,"Bottled Flame":13,"downfall:BrokenWingStatue":9,"Busted Crown":11,"downfall:HeartBlessingBlue":25,"Moonworks:Homemark":0,"Gambling Chip":13,"MutagenicStrength":14,"Coffee Dripper":19,"Toxic Egg 2":14,"FossilizedHelix":21,"Toy Ornithopter":29,"Moonworks:BrokenBomb":0},{"downfall:HeartBlessingRed":64,"Oddly Smooth Stone":95,"downfall:HeartBlessingGreen":64,"Thread and Needle":90,"PreservedInsect":23,"Pen Nib":31,"Juzu Bracelet":14,"Bag of Preparation":95,"Whetstone":68,"Odd Mushroom":35,"Bottled Flame":59,"downfall:BrokenWingStatue":42,"Busted Crown":55,"downfall:HeartBlessingBlue":95,"Moonworks:Homemark":0,"Gambling Chip":59,"MutagenicStrength":64,"Coffee Dripper":81,"Toxic Egg 2":64,"FossilizedHelix":85,"Toy Ornithopter":110,"Moonworks:BrokenBomb":0}],"Toy Ornithopter":5},"card_choices":[{"not_picked":["Moonworks:CloudOfSeagulls","Moonworks:LuckyCharm","Moonworks:BackdoorTrade"],"picked":"SKIP","floor":2},{"not_picked":["Moonworks:WindyEnchantment","Moonworks:JonathanRush"],"picked":"Moonworks:Dinner","floor":3},{"not_picked":["Moonworks:Flamethrower","Moonworks:IndiscriminateFireSupport","Moonworks:DevilHand"],"picked":"SKIP","floor":5},{"not_picked":["Moonworks:SelfDestruct","Moonworks:DeployBits"],"picked":"Moonworks:Dash","floor":6},{"not_picked":["Moonworks:UnluckyCharm","Moonworks:Assault"],"picked":"Moonworks:SakisCookie","floor":8},{"not_picked":["Moonworks:Assault","Moonworks:LuckyCharm","Moonworks:LulusLuckyEgg"],"picked":"SKIP","floor":9},{"not_picked":["Moonworks:LulusLuckyEgg","Moonworks:BigMagnum"],"picked":"Moonworks:SelfDestruct","floor":11},{"not_picked":["Moonworks:BigBangBell","Moonworks:WindyEnchantment"],"picked":"Moonworks:CookingTime","floor":12},{"not_picked":["Moonworks:CastOff","Moonworks:DevilHand"],"picked":"Moonworks:IntelligenceOfficer","floor":13},{"not_picked":["Moonworks:Assault","Moonworks:BigMagnum"],"picked":"Moonworks:BeyondHell","floor":15},{"not_picked":["Moonworks:HolyNight","Moonworks:SinkOrSwim"],"picked":"Moonworks:MeltingMemories","floor":16},{"not_picked":[],"picked":"Moonworks:SakisCookie","floor":19},{"not_picked":[],"picked":"J.A.X.","floor":22},{"not_picked":[],"picked":"Moonworks:BigMagnum+1","floor":26},{"not_picked":["Moonworks:CastOff+1"],"picked":"SKIP","floor":27},{"not_picked":["Moonworks:Assault"],"picked":"SKIP","floor":28},{"not_picked":["Moonworks:AngelHand+1"],"picked":"SKIP","floor":32},{"not_picked":[],"picked":"Moonworks:MetallicMonocoque","floor":33},{"not_picked":["Moonworks:CloudOfSeagulls"],"picked":"SKIP","floor":36},{"not_picked":[],"picked":"Moonworks:DeployBits+1","floor":38},{"not_picked":["Moonworks:ImOnFire+1"],"picked":"SKIP","floor":39},{"not_picked":["Moonworks:ImOnFire+1"],"picked":"SKIP","floor":42},{"not_picked":[],"picked":"expansioncontent:ManipulateTime+1","floor":43},{"not_picked":[],"picked":"expansioncontent:LastStand","floor":43},{"not_picked":["Moonworks:CastOff+1"],"picked":"SKIP","floor":44},{"not_picked":[],"picked":"Magnetism","floor":47},{"not_picked":["Moonworks:DevilHand+1"],"picked":"SKIP","floor":48},{"not_picked":["Moonworks:ImmovableObject+1"],"picked":"SKIP","floor":49},{"not_picked":[],"picked":"Moonworks:ImOnFire+1","floor":52}],"player_experience":162210,"relics_obtained":[{"floor":7,"key":"Juzu Bracelet"},{"floor":10,"key":"PreservedInsect"},{"floor":11,"key":"Pen Nib"},{"floor":12,"key":"Odd Mushroom"},{"floor":21,"key":"Gambling Chip"},{"floor":21,"key":"Bottled Flame"},{"floor":22,"key":"MutagenicStrength"},{"floor":24,"key":"Toxic Egg 2"},{"floor":26,"key":"Whetstone"},{"floor":37,"key":"FossilizedHelix"},{"floor":44,"key":"Oddly Smooth Stone"},{"floor":46,"key":"Bag of Preparation"},{"floor":52,"key":"Toy Ornithopter"}],"event_choices":[{"cards_removed":["Moonworks:LongDistanceShot"],"damage_healed":0,"gold_gain":0,"player_choice":"Take \u0026 Give","damage_taken":0,"max_hp_gain":0,"max_hp_loss":0,"event_name":"betterNote:BetterNote","floor":4,"gold_loss":0,"cards_obtained":["champ:Taunt"]},{"damage_healed":0,"gold_gain":0,"player_choice":"Fought Mushrooms","damage_taken":0,"max_hp_gain":0,"max_hp_loss":0,"event_name":"Mushrooms","floor":12,"gold_loss":0},{"damage_healed":0,"gold_gain":0,"player_choice":"Copied","damage_taken":0,"max_hp_gain":0,"max_hp_loss":0,"event_name":"Duplicator","floor":29,"gold_loss":0,"cards_obtained":["Moonworks:MeltingMemories"]},{"damage_healed":0,"gold_gain":0,"player_choice":"Forge","damage_taken":0,"max_hp_gain":0,"max_hp_loss":0,"event_name":"Accursed Blacksmith","floor":31,"gold_loss":0,"cards_upgraded":["Moonworks:BeyondHell"]},{"cards_removed":["Moonworks:LeapThroughSpace"],"damage_healed":0,"gold_gain":0,"player_choice":"Purged","damage_taken":0,"max_hp_gain":0,"max_hp_loss":0,"event_name":"Purifier","floor":40,"gold_loss":0},{"damage_healed":0,"gold_gain":3,"player_choice":"1","damage_taken":0,"max_hp_gain":0,"max_hp_loss":0,"event_name":"betterStone:BetterStone","floor":47,"gold_loss":0}],"is_beta":true,"boss_relics":[{"not_picked":["Velvet Choker","Sozu"],"picked":"Busted Crown"},{"not_picked":["Cursed Key","Moonworks:SBBomb"],"picked":"Coffee Dripper"}],"items_purged_floors":[28,42],"is_endless":false,"potions_floor_spawned":[3,5,8,13,16,19,21,27,36,37,44],"ascension_level":0}}