{"host":"j0vzbnzm6n2ctevn","time":1609735182,"event":{"mods":["AchievementEnabler","BaseMod","Dota2Spire","Minty Spire (QoL Compilation)","Quick Restart","Shop Mod","Spicy Shops","StSLib"],"gold_per_floor":[119,119,119,138,152,185,233,233,233,12,17,17,17,92,92,219,219,219,219],"floor_reached":18,"playtime":725,"items_purged":["Regret"],"score":162,"play_id":"22106e39-1b87-4416-9d78-34d6a2ea6d41","local_time":"20210104123942","is_ascension_mode":false,"campfire_choices":[{"floor":15,"key":"REST"}],"circlet_count":0,"master_deck":["Strike_R","Strike_R","Strike_R","Strike_R","Defend_R","Defend_R+1","Defend_R+1","Defend_R","Bash","Flame Barrier","Disarm","Armaments","Cleave","Flex","Shrug It Off","Twin Strike","Demon Form"],"relics":["Burning Blood","NeowsBlessing","Dota2Spire:HandOfMidas","Dota2Spire:CrimsonGuard","Medical Kit","Gambling Chip","Coffee Dripper"],"acts_visited":["Exordium","TheCity"],"potions_floor_usage":[],"damage_taken":[{"damage":0.0,"enemies":"Jaw Worm","floor":1.0,"turns":1.0},{"damage":0.0,"enemies":"2 Louse","floor":4.0,"turns":1.0},{"damage":0.0,"enemies":"Cultist","floor":5.0,"turns":1.0},{"damage":55.0,"enemies":"Lagavulin","floor":6.0,"turns":10.0},{"damage":2.0,"enemies":"Looter","floor":7.0,"turns":4.0},{"damage":5.0,"enemies":"Exordium Thugs","floor":11.0,"turns":4.0},{"damage":2,"enemies":"Gremlin Gang","floor":14,"turns":8},{"damage":29,"enemies":"The Guardian","floor":16,"turns":15},{"damage":0,"enemies":"2 Thieves","floor":18,"turns":1}],"seed_played":"4036929812520988617","potions_obtained":[{"floor":1.0,"key":"PowerPotion"},{"floor":5.0,"key":"ColorlessPotion"},{"floor":16,"key":"Dota2Spire:Clarity"}],"is_trial":false,"path_per_floor":["M","?","?","M","M","E","M","?","T","$","M","?","?","M","R","B",null,"M"],"character_chosen":"IRONCLAD","items_purchased":["Medical Kit"],"campfire_rested":1,"item_purchase_floors":[10],"current_hp_per_floor":[80,64,64,70,76,27,31,31,31,31,32,25,13,17,41,18,80,80,80],"gold":219,"neow_bonus":"THREE_ENEMY_KILL","is_daily":false,"chose_seed":false,"campfire_upgraded":0,"win_rate":0.0,"timestamp":1609735182,"path_taken":["M","?","?","M","?","E","M","?","T","?","?","?","?","M","R","BOSS","M"],"items_purchased_type":["Relic"],"build_version":"2020-12-22","purchased_purges":1,"victory":false,"max_hp_per_floor":[80,80,80,80,80,80,80,80,80,80,80,80,80,80,80,80,80,80,80],"card_choices":[{"not_picked":["Blood for Blood","Rupture"],"picked":"Flame Barrier","floor":1.0},{"not_picked":["Clothesline","Pommel Strike"],"picked":"Disarm","floor":4.0},{"not_picked":["Second Wind","Sword Boomerang"],"picked":"Armaments","floor":5.0},{"not_picked":["Pommel Strike","Corruption"],"picked":"Cleave","floor":6.0},{"not_picked":["Pommel Strike","Armaments"],"picked":"Flex","floor":7.0},{"not_picked":["Clothesline","Pommel Strike"],"picked":"Shrug It Off","floor":11.0},{"not_picked":["Headbutt","Impervious"],"picked":"Twin Strike","floor":14},{"not_picked":["Berserk","Bludgeon"],"picked":"Demon Form","floor":16}],"player_experience":113653,"relics_obtained":[{"floor":6.0,"key":"Dota2Spire:HandOfMidas"}],"event_choices":[{"damage_healed":0.0,"max_hp_gain":0.0,"max_hp_loss":0.0,"gold_gain":0.0,"event_name":"Shining Light","player_choice":"Entered Light","floor":2.0,"gold_loss":0.0,"damage_taken":16.0,"cards_upgraded":["Defend_R","Defend_R"]},{"damage_healed":0.0,"max_hp_gain":0.0,"max_hp_loss":0.0,"gold_gain":0.0,"event_name":"NoteForYourself","player_choice":"Ignored","floor":3.0,"gold_loss":0.0,"damage_taken":0.0},{"damage_healed":0.0,"max_hp_gain":0.0,"max_hp_loss":0.0,"gold_gain":0.0,"event_name":"Big Fish","player_choice":"Box","floor":8.0,"gold_loss":0.0,"damage_taken":0.0,"relics_obtained":["Dota2Spire:CrimsonGuard"],"cards_obtained":["Regret"]},{"cards_removed":["Strike_R"],"damage_healed":0.0,"max_hp_gain":0.0,"max_hp_loss":0.0,"gold_gain":0.0,"event_name":"Golden Wing","player_choice":"Card Removal","floor":12.0,"gold_loss":0.0,"damage_taken":7.0},{"damage_healed":0.0,"max_hp_gain":0.0,"max_hp_loss":0.0,"gold_gain":0.0,"event_name":"Scrap Ooze","player_choice":"Success","floor":13.0,"gold_loss":0.0,"damage_taken":12.0,"relics_obtained":["Gambling Chip"]}],"is_beta":false,"boss_relics":[{"not_picked":["Runic Dome","Snecko Eye"],"picked":"Coffee Dripper"}],"items_purged_floors":[10],"is_endless":false,"potions_floor_spawned":[1,5,16],"killed_by":"2 Thieves","ascension_level":0}}