{"host":"7sy3dyg71hje4mzx","time":1609758850,"event":{"mods":["BaseMod","Downfall","Minty Spire (QoL Compilation)","StSLib"],"gold_per_floor":[99,115,115,129,144,155,182,198,48,33,133,133,150,150,164,263,263,263,278,288,13,30,45,123,140,140,153,153,166,166,166,186,285,285,285,296,307,318,13,30,30,30,30,30,30],"floor_reached":43,"playtime":6265,"items_purged":[],"score":528,"play_id":"111e40cb-5c60-47b4-ab78-9c6f4245ca4e","local_time":"20210104221410","is_ascension_mode":false,"campfire_choices":[{"floor":1,"key":"RECALL"},{"data":"hexamod:BurningTouch","floor":9,"key":"SMITH"},{"data":"hexamod:DynamicBlow","floor":12,"key":"SMITH"},{"data":"hexamod:TimeOfNeed","floor":18,"key":"SMITH"},{"floor":28,"key":"REST"},{"data":"hexamod:HexaLevel","floor":35,"key":"SMITH"},{"floor":42,"key":"DIG"}],"circlet_count":0,"master_deck":["hexamod:Strike","hexamod:Strike","hexamod:Strike","hexamod:Defend","hexamod:Defend","hexamod:Defend","hexamod:Defend+1","hexamod:Sear","hexamod:Float","hexamod:ThirdSeal","hexamod:ChargedBarrage","hexamod:ThirdSeal","hexamod:SpectersWail","hexamod:RecurringNightmare","hexamod:NightmareStrike","hexamod:FastForward","hexamod:FastForward","hexamod:BurningTouch+1","hexamod:HauntingEcho","hexamod:Again","hexamod:Hexaguard","hexamod:DynamicBlow+1","hexamod:ShieldOfDarkness","hexamod:NightmareStrike","hexamod:TimeOfNeed+1","hexamod:HeatMetal+1","hexamod:Firestarter","hexamod:HexaLevel+1","hexamod:SixthSeal","hexamod:EmpoweredFlame","hexamod:SpectersWail","hexamod:EmpoweredFlame","hexamod:HeatMetal","hexamod:NightmareStrike+1","hexamod:Hexaguard","hexamod:NecessarySacrifice","hexamod:FirstSeal","hexamod:EtherealExpedition","hexamod:FirstSeal","hexamod:FirstSeal","hexamod:Hexaguard","hexamod:FirstSeal","hexamod:Rewind+1","hexamod:SearingWound+1","hexamod:BurningTouch","hexamod:GhostOfSpirePresent","hexamod:ThermalTransfer+1","hexamod:CrushingStance","hexamod:Sear","hexamod:Hexaguard","hexamod:VolcanoVisage","hexamod:WildfireWeapon","hexamod:GhostOfSpirePast","hexamod:SpectersWail+1","hexamod:GhostOfSpirePast+1","hexamod:Firestarter+1","hexamod:NightmareGuise+1","hexamod:TimeWarp","hexamod:NightmareGuise+1","hexamod:InspiringFlames","hexamod:Rewind","hexamod:BurningTouch+1","hexamod:NightmareGuise","Normality"],"relics":["hexamod:SpiritBrand","downfall:HeartBlessingBlue","downfall:HeartBlessingRed","Runic Pyramid","Shuriken","downfall:RedIOU","Cursed Key","Shovel","Question Card","Potion Belt"],"acts_visited":["Exordium","TheCity","TheBeyond"],"potions_floor_usage":[8,16,16,16,16,16,16,16,16,25,25,27,33,33,38,38],"damage_taken":[{"damage":0,"enemies":"Cultist","floor":2,"turns":3},{"damage":1,"enemies":"Jaw Worm","floor":4,"turns":4},{"damage":11,"enemies":"Small Slimes","floor":5,"turns":6},{"damage":2,"enemies":"2 Fungi Beasts","floor":6,"turns":4},{"damage":14,"enemies":"Lots of Slimes","floor":8,"turns":5},{"damage":0,"enemies":"downfall:FleeingMerchant","floor":10,"turns":4},{"damage":0,"enemies":"Large Slime","floor":13,"turns":3},{"damage":7,"enemies":"Blue Slaver","floor":15,"turns":3},{"damage":49,"enemies":"downfall:Defect","floor":16,"turns":6},{"damage":14,"enemies":"Shell Parasite","floor":19,"turns":5},{"damage":10,"enemies":"Chosen","floor":20,"turns":4},{"damage":10,"enemies":"downfall:FleeingMerchant","floor":21,"turns":4},{"damage":31,"enemies":"Snecko","floor":22,"turns":7},{"damage":10,"enemies":"Shelled Parasite and Fungi","floor":23,"turns":6},{"damage":19,"enemies":"Sentry and Sphere","floor":25,"turns":6},{"damage":3,"enemies":"Snake Plant","floor":27,"turns":4},{"damage":18,"enemies":"3 Cultists","floor":29,"turns":5},{"damage":3,"enemies":"Chosen and Byrds","floor":32,"turns":4},{"damage":77,"enemies":"downfall:Silent","floor":33,"turns":9},{"damage":10,"enemies":"3 Darklings","floor":36,"turns":6},{"damage":37,"enemies":"3 Shapes","floor":37,"turns":6},{"damage":15,"enemies":"Jaw Worm Horde","floor":38,"turns":5},{"damage":15,"enemies":"downfall:FleeingMerchant","floor":39,"turns":4},{"damage":20,"enemies":"3 Darklings","floor":40,"turns":7},{"damage":56,"enemies":"Maw","floor":43,"turns":8}],"seed_played":"-4400830211829392064","potions_obtained":[{"floor":5,"key":"Block Potion"},{"floor":6,"key":"Dexterity Potion"},{"floor":8,"key":"EntropicBrew"},{"floor":13,"key":"BlessingOfTheForge"},{"floor":14,"key":"EntropicBrew"},{"floor":22,"key":"sneckomod:MuddlingPotion"},{"floor":23,"key":"Swift Potion"},{"floor":25,"key":"Block Potion"},{"floor":26,"key":"CultistPotion"},{"floor":32,"key":"SpeedPotion"},{"floor":33,"key":"Fire Potion"},{"floor":36,"key":"DistilledChaos"}],"is_trial":false,"path_per_floor":["R","M","?","M","M","M","T","M","R","$","?","R","M","?","M","B",null,"R","M","M","$","M","M","T","M","?","M","R","M","?","?","M","B",null,"R","M","M","M","$","M","T","R","M"],"character_chosen":"THE_SPIRIT","items_purchased":["hexamod:FirstSeal","hexamod:EtherealExpedition","Regal Pillow","Shovel"],"campfire_rested":1,"item_purchase_floors":[21,21,21,39],"current_hp_per_floor":[77,77,77,76,65,63,63,49,59,59,59,59,59,59,52,3,87,87,73,63,53,29,26,26,21,21,32,73,69,69,69,80,17,87,87,87,57,56,55,56,56,56,0,0,0],"gold":30,"neow_bonus":"TEN_PERCENT_HP_BONUS","is_daily":false,"chose_seed":false,"campfire_upgraded":4,"win_rate":0.0,"timestamp":1609758850,"path_taken":["R","M","?","?","M","M","T","M","R","?","?","R","M","?","M","BOSS","R","M","M","$","M","M","T","M","?","M","R","M","?","?","M","BOSS","R","M","M","M","?","M","T","R","M"],"items_purchased_type":["Card","Card","Relic","Relic"],"build_version":"2020-12-22","purchased_purges":0,"victory":false,"max_hp_per_floor":[77,77,77,77,77,77,77,77,87,87,87,87,87,87,87,87,87,87,87,87,87,87,87,87,87,87,87,87,87,87,87,87,87,87,87,87,87,87,87,87,87,87,87,87,87],"card_choices":[{"not_picked":["hexamod:SpectersWail","hexamod:ThermalTransfer"],"picked":"hexamod:ThirdSeal","floor":2},{"not_picked":["hexamod:GhostOfSpirePast","hexamod:PhantomCloak"],"picked":"hexamod:ChargedBarrage","floor":4},{"not_picked":["hexamod:BurningTouch","hexamod:ThermalTransfer"],"picked":"hexamod:ThirdSeal","floor":4},{"not_picked":["hexamod:InspiringFlames","hexamod:ExtraCrispy"],"picked":"hexamod:SpectersWail","floor":5},{"not_picked":["hexamod:SkipABeat","hexamod:GhostLash"],"picked":"hexamod:RecurringNightmare","floor":5},{"not_picked":["hexamod:GhostOfSpireFuture","hexamod:Firestarter"],"picked":"hexamod:NightmareStrike","floor":5},{"not_picked":["hexamod:SoulSteal","hexamod:NightmareStrike"],"picked":"hexamod:FastForward","floor":6},{"not_picked":["hexamod:SwordOfDarkness","hexamod:NightmareStrike"],"picked":"hexamod:FastForward","floor":6},{"not_picked":["hexamod:CatchUp","hexamod:SpectersWail"],"picked":"hexamod:BurningTouch","floor":6},{"not_picked":["hexamod:InspiringFlames","hexamod:CatchUp"],"picked":"hexamod:HauntingEcho","floor":8},{"not_picked":["hexamod:SwordOfDarkness","hexamod:DynamicBlow"],"picked":"hexamod:Again","floor":8},{"not_picked":["hexamod:RainOfEmbers","hexamod:FourthSeal"],"picked":"hexamod:Hexaguard","floor":8},{"not_picked":["hexamod:GhostflameInferno","hexamod:ExtraCrispy"],"picked":"hexamod:DynamicBlow","floor":10},{"not_picked":["hexamod:SpectersWail","hexamod:AdvancingGuard"],"picked":"hexamod:ShieldOfDarkness","floor":10},{"not_picked":["hexamod:GhostLash","hexamod:FastForward","hexamod:SpectersWail"],"picked":"SKIP","floor":10},{"not_picked":["hexamod:SpectersWail","hexamod:ShieldOfDarkness"],"picked":"hexamod:NightmareStrike","floor":13},{"not_picked":["hexamod:HauntingEcho","hexamod:RadiantFlame"],"picked":"hexamod:TimeOfNeed","floor":13},{"not_picked":["hexamod:ShieldOfDarkness","hexamod:NightmareStrike"],"picked":"hexamod:HeatMetal","floor":15},{"not_picked":["hexamod:GhostLash","hexamod:SwordOfDarkness"],"picked":"hexamod:Firestarter","floor":15},{"not_picked":["hexamod:UnleashSpirits","hexamod:TimeOfNeed"],"picked":"hexamod:HexaLevel","floor":16},{"not_picked":["hexamod:HexaLevel","hexamod:TurnItUp"],"picked":"hexamod:SixthSeal","floor":16},{"not_picked":["hexamod:GhostShield","hexamod:AdvancingGuard"],"picked":"hexamod:EmpoweredFlame","floor":19},{"not_picked":["hexamod:RetreatToShadows","hexamod:ShieldOfDarkness"],"picked":"hexamod:SpectersWail","floor":19},{"not_picked":["hexamod:ChargedBarrage","hexamod:Incineration+1"],"picked":"hexamod:EmpoweredFlame","floor":19},{"not_picked":["hexamod:EtherealExpedition","hexamod:AdvancingGuard"],"picked":"hexamod:HeatMetal","floor":20},{"not_picked":["hexamod:BacktrackSmack","hexamod:ThermalTransfer"],"picked":"hexamod:NightmareStrike+1","floor":20},{"not_picked":["hexamod:UnleashSpirits","hexamod:FastForward"],"picked":"hexamod:Hexaguard","floor":21},{"not_picked":["hexamod:GhostOfSpirePast","hexamod:Again"],"picked":"hexamod:NecessarySacrifice","floor":21},{"not_picked":["hexamod:PhantomCloak","hexamod:GhostOfSpirePast+1"],"picked":"hexamod:FirstSeal","floor":22},{"not_picked":["hexamod:GhostOfSpirePresent","hexamod:ThermalTransfer"],"picked":"hexamod:FirstSeal","floor":22},{"not_picked":["hexamod:SkipABeat","hexamod:NightmareStrike","hexamod:GhostLash"],"picked":"SKIP","floor":22},{"not_picked":["hexamod:CatchUp","hexamod:NightmareStrike"],"picked":"hexamod:Hexaguard","floor":23},{"not_picked":["hexamod:FourthSeal","hexamod:NightmareGuise"],"picked":"hexamod:FirstSeal","floor":23},{"not_picked":["hexamod:SwordOfDarkness","hexamod:HeatMetal"],"picked":"hexamod:Rewind+1","floor":25},{"not_picked":["hexamod:ThermalTransfer","hexamod:RainOfEmbers"],"picked":"hexamod:SearingWound","floor":25},{"not_picked":["hexamod:GhostShield","hexamod:BacktrackSmack"],"picked":"hexamod:BurningTouch","floor":25},{"not_picked":["hexamod:Haunt","hexamod:RetreatToShadows"],"picked":"hexamod:GhostOfSpirePresent","floor":27},{"not_picked":["hexamod:NightmareGuise","hexamod:RadiantFlame+1"],"picked":"hexamod:ThermalTransfer+1","floor":29},{"not_picked":["hexamod:GhostLash","hexamod:GhostShield"],"picked":"hexamod:Hexaguard","floor":32},{"not_picked":["hexamod:TimeOfNeed","hexamod:CrushingStance"],"picked":"hexamod:VolcanoVisage","floor":33},{"not_picked":["hexamod:CrushingStance","hexamod:GhostflameInferno"],"picked":"hexamod:WildfireWeapon","floor":33},{"not_picked":["hexamod:BacktrackSmack+1","hexamod:RainOfEmbers+1"],"picked":"hexamod:GhostOfSpirePast","floor":36},{"not_picked":["hexamod:ExtraCrispy","hexamod:SwordOfDarkness+1"],"picked":"hexamod:SpectersWail+1","floor":36},{"not_picked":["hexamod:AdvancingGuard","hexamod:StepThrough+1","hexamod:SpectersWail"],"picked":"SKIP","floor":36},{"not_picked":["hexamod:DynamicBlow","hexamod:FastForward"],"picked":"hexamod:GhostOfSpirePast+1","floor":37},{"not_picked":["hexamod:Again","hexamod:BurningTouch"],"picked":"hexamod:Firestarter+1","floor":37},{"not_picked":["hexamod:ThermalTransfer","hexamod:AdvancingGuard+1"],"picked":"hexamod:NightmareGuise+1","floor":37},{"not_picked":["hexamod:SpectersWail","hexamod:Haunt"],"picked":"hexamod:TimeWarp","floor":38},{"not_picked":["hexamod:SkipABeat+1","hexamod:ShieldOfDarkness"],"picked":"hexamod:NightmareGuise+1","floor":38},{"not_picked":["hexamod:PhantomCloak","hexamod:AdvancingGuard"],"picked":"hexamod:InspiringFlames","floor":38},{"not_picked":["hexamod:BurningTouch","hexamod:SpectralAdrenaline"],"picked":"hexamod:Rewind","floor":39},{"not_picked":["hexamod:PhantomFireball+1","hexamod:Hexaguard"],"picked":"hexamod:BurningTouch+1","floor":40},{"not_picked":["hexamod:SwordOfDarkness","hexamod:ThermalTransfer"],"picked":"hexamod:NightmareGuise","floor":40}],"player_experience":152231,"relics_obtained":[{"floor":24,"key":"Shuriken"},{"floor":41,"key":"Question Card"},{"floor":42,"key":"Potion Belt"}],"event_choices":[{"cards_removed":["hexamod:Strike"],"damage_healed":0,"gold_gain":0,"player_choice":"Purged","damage_taken":0,"max_hp_gain":0,"max_hp_loss":0,"event_name":"Purifier","floor":3,"gold_loss":0},{"damage_healed":0,"gold_gain":0,"player_choice":"Got Potions","damage_taken":0,"max_hp_gain":0,"max_hp_loss":0,"event_name":"Lab","floor":14,"gold_loss":0}],"is_beta":false,"boss_relics":[{"not_picked":["Empty Cage","downfall:Hecktoplasm"],"picked":"Runic Pyramid"},{"not_picked":["Runic Dome","Black Star"],"picked":"Cursed Key"}],"items_purged_floors":[],"is_endless":false,"potions_floor_spawned":[5,6,8,13,22,23,25,32,33,36],"killed_by":"Maw","ascension_level":0}}