{"host":"novohdx135h0xyrr","time":1609799578,"event":{"mods":["BaseMod","Colored Map","Colored Powertips","Highlight Path","Minty Spire (QoL Compilation)"],"gold_per_floor":[119,1,1,22,50,91,91,121,190,190,190,211,248,39,39,146,146,165,193,193,208,31,31,31],"floor_reached":23,"playtime":1499,"items_purged":["Strike_R","Strike_R","Strike_R"],"score":251,"play_id":"1907d683-e842-4299-9d5a-fea6a0a49f2c","local_time":"20210104143258","is_ascension_mode":true,"campfire_choices":[{"data":"Whirlwind","floor":7,"key":"SMITH"},{"floor":10,"key":"REST"},{"floor":15,"key":"REST"}],"circlet_count":0,"master_deck":["Defend_R","Defend_R","Defend_R","Defend_R","Bash","Shrug It Off","Cleave","Body Slam","Heavy Blade","Whirlwind+1","Heavy Blade","Barricade","Shrug It Off","Inflame","Double Tap","True Grit"],"relics":["Burning Blood","CeramicFish","Turnip","Potion Belt","Matryoshka","Pen Nib","Runic Dome"],"acts_visited":["Exordium","TheCity"],"potions_floor_usage":[6,21],"damage_taken":[{"damage":10,"enemies":"Cultist","floor":1,"turns":5},{"damage":0,"enemies":"Small Slimes","floor":4,"turns":3},{"damage":3,"enemies":"2 Louse","floor":5,"turns":2},{"damage":44,"enemies":"3 Sentries","floor":6,"turns":10},{"damage":31,"enemies":"Lagavulin","floor":8,"turns":9},{"damage":0,"enemies":"Lots of Slimes","floor":12,"turns":1},{"damage":32,"enemies":"Gremlin Nob","floor":13,"turns":4},{"damage":25,"enemies":"Slime Boss","floor":16,"turns":8},{"damage":23,"enemies":"Spheric Guardian","floor":18,"turns":4},{"damage":20,"enemies":"2 Thieves","floor":19,"turns":3},{"damage":40,"enemies":"Centurion and Healer","floor":21,"turns":5},{"damage":30,"enemies":"Gremlin Leader","floor":23,"turns":6}],"seed_played":"-1241876447565572072","potions_obtained":[{"floor":4,"key":"ElixirPotion"},{"floor":6,"key":"Fruit Juice"},{"floor":12,"key":"ElixirPotion"},{"floor":18,"key":"PowerPotion"}],"is_trial":false,"path_per_floor":["M","$","?","M","M","E","R","E","T","R","?","M","E","$","R","B",null,"M","M","?","M","$","E"],"character_chosen":"IRONCLAD","items_purchased":["Cleave","Shrug It Off","Inflame","SkillPotion"],"campfire_rested":2,"item_purchase_floors":[2,14,14,22],"current_hp_per_floor":[76,76,76,80,80,47,47,22,22,47,47,53,27,27,52,33,85,68,54,54,20,20,0,0],"gold":31,"neow_bonus":"RANDOM_COMMON_RELIC","is_daily":false,"chose_seed":false,"campfire_upgraded":1,"win_rate":0.0,"timestamp":1609799578,"path_taken":["M","?","?","?","M","E","R","E","T","R","?","?","E","$","R","BOSS","M","M","?","?","$","E"],"items_purchased_type":["Card","Card","Card","Potion"],"build_version":"2020-12-22","purchased_purges":3,"victory":false,"max_hp_per_floor":[80,80,80,80,80,85,85,85,85,85,85,85,85,85,85,85,85,85,85,85,85,85,85,85],"card_choices":[{"not_picked":["Cleave","Clothesline"],"picked":"Shrug It Off","floor":1},{"not_picked":["Seeing Red","Sword Boomerang"],"picked":"Body Slam","floor":4},{"not_picked":["Flex","Warcry"],"picked":"Heavy Blade","floor":5},{"not_picked":["Clothesline","Exhume"],"picked":"Whirlwind","floor":6},{"not_picked":["Flex","Disarm","Whirlwind"],"picked":"SKIP","floor":8},{"not_picked":["Anger","Rage"],"picked":"Heavy Blade","floor":12},{"not_picked":["Exhume","Anger"],"picked":"Barricade","floor":13},{"not_picked":["Berserk","Barricade"],"picked":"Double Tap","floor":16},{"not_picked":["Clothesline+1","Iron Wave","Shockwave+1"],"picked":"SKIP","floor":18},{"not_picked":["Infernal Blade","Thunderclap+1"],"picked":"True Grit","floor":19},{"not_picked":["Rupture+1","Clash+1","Headbutt"],"picked":"SKIP","floor":21}],"player_experience":208205,"relics_obtained":[{"floor":6,"key":"Turnip"},{"floor":8,"key":"Potion Belt"},{"floor":9,"key":"Matryoshka"},{"floor":13,"key":"Pen Nib"}],"event_choices":[{"cards_removed":["Strike_R"],"damage_healed":0,"gold_gain":0,"player_choice":"Offered Basic","damage_taken":0,"max_hp_gain":0,"max_hp_loss":0,"event_name":"Bonfire Elementals","floor":3,"gold_loss":0},{"damage_healed":0,"gold_gain":0,"player_choice":"Ignored","damage_taken":0,"max_hp_gain":0,"max_hp_loss":0,"event_name":"Transmorgrifier","floor":11,"gold_loss":0},{"cards_removed":["Strike_R"],"damage_healed":0,"gold_gain":0,"player_choice":"Purged","damage_taken":0,"max_hp_gain":0,"max_hp_loss":0,"event_name":"Purifier","floor":20,"gold_loss":0}],"is_beta":false,"boss_relics":[{"not_picked":["Fusion Hammer","Empty Cage"],"picked":"Runic Dome"}],"items_purged_floors":[2,14,22],"is_endless":false,"potions_floor_spawned":[4,6,12,18],"killed_by":"Gremlin Leader","ascension_level":4}}