{"host":"5wznv0010959mrmz","time":1609723754,"event":{"mods":["BaseMod","Highlight Path","Minty Spire (QoL Compilation)"],"gold_per_floor":[117,190,207,88,106,106,125,153,180,190,265,16,50,66,66,66,66],"floor_reached":16,"playtime":525,"items_purged":["Strike_G"],"score":224,"play_id":"6d802324-71df-4cb6-adb0-c78f3c5819aa","local_time":"20210103192914","is_ascension_mode":true,"campfire_choices":[{"data":"All Out Attack","floor":6,"key":"SMITH"},{"data":"Crippling Poison","floor":15,"key":"SMITH"}],"circlet_count":0,"master_deck":["AscendersBane","Strike_G","Strike_G","Strike_G","Strike_G","Defend_G","Defend_G","Defend_G","Defend_G","Defend_G","Survivor","Neutralize","All Out Attack+1","Tactician","Endless Agony","Underhanded Strike","Terror","Noxious Fumes","Poisoned Stab","Crippling Poison+1","Reflex","Adrenaline","Unload"],"relics":["Ring of the Snake","NeowsBlessing","Bag of Preparation","Lantern","Orrery","Potion Belt"],"acts_visited":["Exordium"],"potions_floor_usage":[8,10,16],"damage_taken":[{"damage":0,"enemies":"Jaw Worm","floor":1,"turns":1},{"damage":0,"enemies":"Small Slimes","floor":3,"turns":1},{"damage":0,"enemies":"Cultist","floor":5,"turns":1},{"damage":2,"enemies":"Exordium Thugs","floor":7,"turns":4},{"damage":8,"enemies":"Gremlin Nob","floor":8,"turns":3},{"damage":0,"enemies":"3 Louse","floor":10,"turns":1},{"damage":14,"enemies":"3 Sentries","floor":13,"turns":8},{"damage":0,"enemies":"Looter","floor":14,"turns":2},{"damage":26,"enemies":"The Guardian","floor":16,"turns":9}],"seed_played":"-8650436142950648788","potions_obtained":[{"floor":3,"key":"Explosive Potion"},{"floor":7,"key":"LiquidMemories"},{"floor":10,"key":"Swift Potion"}],"is_trial":false,"path_per_floor":["M","?","M","$","M","R","M","E","T","M","?","$","E","M","R","B"],"character_chosen":"THE_SILENT","items_purchased":["Endless Agony","Orrery","Unload"],"campfire_rested":0,"item_purchase_floors":[4,12,12],"current_hp_per_floor":[59,59,59,59,59,59,57,49,49,49,38,38,24,24,24,0,0],"gold":66,"neow_bonus":"THREE_ENEMY_KILL","is_daily":false,"chose_seed":false,"campfire_upgraded":2,"win_rate":0.0,"timestamp":1609723754,"path_taken":["M","?","M","$","M","R","M","E","T","M","?","$","E","M","R","BOSS"],"items_purchased_type":["Card","Relic","Card"],"build_version":"2020-12-22","purchased_purges":1,"victory":false,"max_hp_per_floor":[66,66,66,66,66,66,66,66,66,66,66,66,66,66,66,66,66],"card_choices":[{"not_picked":["Flying Knee","Deadly Poison"],"picked":"All Out Attack","floor":1},{"not_picked":["Slice","Backflip"],"picked":"Tactician","floor":3},{"not_picked":["Endless Agony","Cloak And Dagger"],"picked":"Underhanded Strike","floor":5},{"not_picked":["Outmaneuver","Deflect"],"picked":"Terror","floor":7},{"not_picked":["Skewer","All Out Attack"],"picked":"Noxious Fumes","floor":8},{"not_picked":["Expertise","Underhanded Strike"],"picked":"Poisoned Stab","floor":10},{"not_picked":["Prepared","Backflip"],"picked":"Crippling Poison","floor":12},{"not_picked":["Flechettes","Cloak And Dagger"],"picked":"Reflex","floor":12},{"not_picked":["Predator","Tools of the Trade"],"picked":"Adrenaline","floor":12},{"not_picked":["Masterful Stab","Sucker Punch","Cloak And Dagger"],"picked":"SKIP","floor":13},{"not_picked":["Distraction","Deflect","Bane"],"picked":"SKIP","floor":14}],"player_experience":391148,"relics_obtained":[{"floor":8,"key":"Bag of Preparation"},{"floor":9,"key":"Lantern"},{"floor":13,"key":"Potion Belt"}],"event_choices":[{"damage_healed":0,"gold_gain":73,"player_choice":"Gained Gold","damage_taken":0,"max_hp_gain":0,"max_hp_loss":0,"event_name":"Golden Wing","floor":2,"gold_loss":0},{"damage_healed":0,"gold_gain":75,"player_choice":"Gather Gold","damage_taken":11,"max_hp_gain":0,"max_hp_loss":0,"event_name":"World of Goop","floor":11,"gold_loss":0}],"is_beta":false,"boss_relics":[],"items_purged_floors":[4],"is_endless":false,"potions_floor_spawned":[3,7,10],"killed_by":"The Guardian","ascension_level":20}}