{"host":"bf9sa99gaumonoeu","time":1609784109,"event":{"mods":["AchievementEnabler","Act Like it!","BaseMod","Better Sensory Stone","Colored Map","Colored Powertips","Downfall","Duelist Mod","Friendly Minions","Gensokyo","GifTheSpireLib","Hallownest","Hermit","Hubris","Jorbs\u0027s Wanderer Trilogy","KinomotoSakuraMod(????)","Koishi","Lobotomy","Marisa????????","Minty Spire (QoL Compilation)","Rare Cards Sparkle","Reimu??????","Remilia??????","Replay The Spire","Shop Mod","StSLib","The Administrix","The Animator","The Blue Laboratory","The Bug Knight","The Construct","The Cursed","The Disciple","The Hierophant","The Mystic","The Necromancer","The Poker Player","The Runesmith","The Senshi","The Servant 0.9.4","Waifu the Spire"],"gold_per_floor":[218,242,25,51,75,75,91,91,116,116,166,198,210,243,243,348,348,362,384,384,419,19,19,319,279,302,321,321,13,35,50,50,151,151,174,60,0,26,26,26,49,49,49,60,60,60,60,79,79,79,79],"floor_reached":50,"playtime":5014,"items_purged":["animator:Defend","animator:Strike"],"score":666,"play_id":"a2e38c15-8620-4028-a0ca-9bc4f76509d5","local_time":"20210104161509","is_ascension_mode":true,"campfire_choices":[{"data":"animator:ChaikaBohdan","floor":6,"key":"SMITH"},{"data":"animator:AcuraAkari","floor":8,"key":"SMITH"},{"data":"animator:Fredrika","floor":15,"key":"SMITH"},{"floor":23,"key":"REST"},{"floor":28,"key":"REST"},{"floor":32,"key":"REST"},{"data":"animator:Guy","floor":40,"key":"SMITH"},{"floor":42,"key":"REST"},{"floor":46,"key":"REST"},{"floor":49,"key":"REST"}],"circlet_count":0,"master_deck":["animator:Strike_HitsugiNoChaika","animator:Defend_HitsugiNoChaika","animator:Strike","animator:Strike","animator:Defend","animator:Defend","animator:AcuraAkari+1","animator:Gillette","animator:GuildGirl","animator:Chung","animator:ChaikaBohdan+1","animator:Canti","animator:Fredrika+1","animator:Togame","animator:TukaLunaMarceau","animator:Viivi","animator:Elesis","animator:Elesis","animator:Shichika+1","animator:ChaikaTrabant+1","Greed_TH","animator:KyokoSakura+1","animator:Raven","animator:ChaikaTrabant+1","animator:Guy+1","animator:ChaikaTrabant+1","animator:Viivi"],"relics":["animator:LivingPicture","animator:TheMissingPiece","theSenshi:SailorFukuRelic","hubris:AstralHammer","ReplayTheSpireMod:Shallot","Black Star","MutagenicStrength","Girya","ZunR:ReiMu","animator:Buoy","Mango","SlaversCollar","animator:CerealBox","Red Mask","Replay:Bottled Eggs"],"acts_visited":["Exordium","TheCity","TheBeyond"],"potions_floor_usage":[16,16,21,27,30,50],"damage_taken":[{"damage":5,"enemies":"2 Louse","floor":1,"turns":3},{"damage":4,"enemies":"Cultist","floor":2,"turns":6},{"damage":3,"enemies":"Small Slimes","floor":4,"turns":3},{"damage":1,"enemies":"2 Fungi Beasts","floor":5,"turns":3},{"damage":1,"enemies":"3 Louse","floor":7,"turns":4},{"damage":2,"enemies":"HollowMod:MossKnight","floor":11,"turns":11},{"damage":6,"enemies":"Looter","floor":12,"turns":3},{"damage":0,"enemies":"Blue Slaver","floor":13,"turns":2},{"damage":4,"enemies":"Lagavulin","floor":14,"turns":4},{"damage":12,"enemies":"Hexaghost","floor":16,"turns":7},{"damage":33,"enemies":"2 Thieves","floor":18,"turns":5},{"damage":9,"enemies":"Chosen","floor":19,"turns":3},{"damage":15,"enemies":"3 Cultists","floor":21,"turns":5},{"damage":0,"enemies":"Snecko","floor":27,"turns":3},{"damage":13,"enemies":"Cultist and Chosen","floor":30,"turns":7},{"damage":7,"enemies":"Snake Plant","floor":31,"turns":2},{"damage":33,"enemies":"hubris:MusketHawk","floor":33,"turns":7},{"damage":10,"enemies":"Orb Walker","floor":35,"turns":4},{"damage":24,"enemies":"3 Darklings","floor":38,"turns":5},{"damage":11,"enemies":"4 Shapes","floor":41,"turns":7},{"damage":20,"enemies":"Transient","floor":44,"turns":5},{"damage":35,"enemies":"Writhing Mass","floor":48,"turns":6},{"damage":84,"enemies":"hubris:GrandSnecko","floor":50,"turns":10}],"seed_played":"8127797546830180622","potions_obtained":[{"floor":1,"key":"blueLaboratory:FruitPunch"},{"floor":2,"key":"Fire Potion"},{"floor":10,"key":"blueLaboratory:PhilterOfMotion"},{"floor":14,"key":"blueLaboratory:ImpenetrablePotion"},{"floor":16,"key":"FairyPotion"},{"floor":18,"key":"SpeedPotion"},{"floor":21,"key":"Toxic Potion"},{"floor":30,"key":"blueLaboratory:RememoryPotion"},{"floor":33,"key":"blueLaboratory:CorrosionFlask"},{"floor":38,"key":"blueLaboratory:Moonshine"}],"is_trial":false,"path_per_floor":["M","M","$","M","M","R","M","R","T","?","E","M","M","E","R","B",null,"M","M","?","M","$","R","?","?","T","M","R","$","M","M","R","B",null,"M","$","?","M","T","R","M","R","T","M","?","R","?","M","R","B"],"character_chosen":"THE_ANIMATOR","items_purchased":["animator:ChaikaBohdan","animator:Canti","Girya","Mango","animator:CerealBox"],"campfire_rested":6,"item_purchase_floors":[3,3,22,29,36],"current_hp_per_floor":[54,50,50,47,46,46,45,45,45,45,43,37,38,34,34,24,58,26,17,17,2,2,23,23,18,18,18,39,48,35,28,53,20,68,59,54,49,45,45,45,34,59,59,39,39,64,64,29,54,0,0],"gold":79,"neow_bonus":"HUNDRED_GOLD","is_daily":false,"chose_seed":false,"campfire_upgraded":4,"win_rate":0.0,"timestamp":1609784109,"path_taken":["M","M","$","M","M","R","M","R","T","?","E","M","?","E","R","BOSS","M","?","?","M","$","R","?","?","T","M","R","?","M","M","R","BOSS","M","$","?","M","?","R","M","R","T","M","?","R","?","M","R","BOSS"],"items_purchased_type":["Card","Card","Relic","Relic","Relic"],"build_version":"2020-12-22","purchased_purges":2,"victory":false,"max_hp_per_floor":[66,66,66,66,66,66,66,66,66,66,66,66,67,67,67,69,69,70,70,70,70,70,70,70,70,70,70,70,84,84,84,84,84,84,85,85,85,85,85,85,85,85,85,85,85,85,85,85,85,85,85],"card_choices":[{"not_picked":["animator:Shalltear","animator:CowGirl"],"picked":"animator:GuildGirl","floor":1},{"not_picked":["animator:Elsword","animator:Demiurge"],"picked":"animator:Chung","floor":2},{"not_picked":["animator:Demiurge","animator:SuzuneAmano","animator:GuildGirl"],"picked":"SKIP","floor":4},{"not_picked":["animator:Gillette","animator:AcuraAkari"],"picked":"animator:Fredrika","floor":5},{"not_picked":["animator:Raven","animator:NarberalGamma","animator:Chung"],"picked":"SKIP","floor":7},{"not_picked":["animator:Aisha","animator:Ciel"],"picked":"animator:Togame","floor":11},{"not_picked":["animator:CowGirl","animator:Aisha"],"picked":"animator:TukaLunaMarceau","floor":12},{"not_picked":["animator:Gillette","animator:ChaikaBohdan"],"picked":"animator:Viivi","floor":13},{"not_picked":["animator:Eve","animator:Nanami"],"picked":"animator:Elesis","floor":14},{"not_picked":["animator:PinaCoLada","animator:Biyorigo"],"picked":"animator:Elesis","floor":16},{"not_picked":["animator:YaoHaDucy","animator:OrikoMikuni+1"],"picked":"animator:Shichika+1","floor":18},{"not_picked":["animator:Aisha","animator:Bozes","animator:ChaikaBohdan"],"picked":"SKIP","floor":19},{"not_picked":["animator:Fredrika","animator:NivaLada"],"picked":"animator:ChaikaTrabant","floor":21},{"not_picked":["animator:Ciel","animator:HighElfArcher"],"picked":"animator:KyokoSakura+1","floor":27},{"not_picked":["animator:Kuribayashi","animator:Witch"],"picked":"animator:Raven","floor":30},{"not_picked":["animator:Konayuki","animator:KyokoSakura","animator:Evileye"],"picked":"SKIP","floor":31},{"not_picked":["animator:Kyubey","animator:Biyorigo"],"picked":"animator:ChaikaTrabant","floor":33},{"not_picked":["animator:Gillette","animator:Fredrika"],"picked":"animator:Guy","floor":35},{"not_picked":["animator:YaoHaDucy+1","animator:OrikoMikuni+1","animator:ZankiKiguchi"],"picked":"SKIP","floor":38},{"not_picked":["animator:Elsword+1","animator:Guy"],"picked":"animator:ChaikaTrabant","floor":41},{"not_picked":["animator:Emonzaemon+1","animator:Aisha+1","animator:Priestess"],"picked":"SKIP","floor":44},{"not_picked":["animator:Layla","animator:Guy"],"picked":"animator:Viivi","floor":48}],"player_experience":746264,"relics_obtained":[{"floor":9,"key":"theSenshi:SailorFukuRelic"},{"floor":11,"key":"hubris:AstralHammer"},{"floor":14,"key":"ReplayTheSpireMod:Shallot"},{"floor":26,"key":"animator:Buoy"},{"floor":43,"key":"Replay:Bottled Eggs"}],"event_choices":[{"damage_healed":0,"gold_gain":0,"player_choice":"Got Potions","damage_taken":0,"max_hp_gain":0,"max_hp_loss":0,"event_name":"Lab","floor":10,"gold_loss":0},{"damage_healed":0,"gold_gain":0,"player_choice":"Inject Mutagens","damage_taken":0,"relics_obtained":["MutagenicStrength"],"max_hp_gain":0,"max_hp_loss":0,"event_name":"Drug Dealer","floor":20,"gold_loss":0},{"damage_healed":0,"gold_gain":0,"player_choice":"Keep O-miki","damage_taken":0,"relics_obtained":["ZunR:ReiMu"],"max_hp_gain":0,"max_hp_loss":0,"event_name":"ZunEvent","floor":25,"gold_loss":40},{"damage_healed":0,"gold_gain":0,"player_choice":"Paid","damage_taken":0,"relics_obtained":["Red Mask"],"max_hp_gain":0,"max_hp_loss":0,"event_name":"Tomb of Lord Red Mask","floor":37,"gold_loss":60},{"damage_healed":0,"gold_gain":0,"player_choice":"Ignored","damage_taken":0,"max_hp_gain":0,"max_hp_loss":0,"event_name":"Mysterious Sphere","floor":47,"gold_loss":0}],"is_beta":false,"boss_relics":[{"not_picked":["ReplayTheSpireMod:DimensionalGlitch","hubris:Backtick"],"picked":"Black Star"},{"not_picked":["Pandora\u0027s Box","Honey Jar"],"picked":"SlaversCollar"}],"items_purged_floors":[3,22],"is_endless":false,"potions_floor_spawned":[1,2,14,16,18,21,30,33,38,44,48],"killed_by":"hubris:GrandSnecko","ascension_level":7}}