{"host":"qy6st0zp32tctd9l","time":1609732779,"event":{"mods":["BaseMod","Colored Map","Downfall","GifTheSpireLib","Hermit","Marisa£®ÏF”Í°°ƒß¿Ì…≥£©","Minty Spire (QoL Compilation)","Remilia£®¿Ÿ√◊¿Ú—«£©","StSLib","The Cursed","The Servant 0.9.4","UnlockEverythingMod"],"gold_per_floor":[113,38,53,128,151,176,188,188,188,213,230,242,262,20,20,99,149,163,177,194,194,194,194],"floor_reached":22,"playtime":705,"items_purged":["Strike_MRS","Strike_MRS"],"score":491,"play_id":"5f03e73d-55c9-47b3-95b3-9a205a068bb2","local_time":"20210104115939","is_ascension_mode":true,"campfire_choices":[{"data":"BlazingStar","floor":8.0,"key":"SMITH"},{"floor":15.0,"key":"RECALL"}],"circlet_count":0,"master_deck":["AscendersBane","Strike_MRS","Strike_MRS","Defend_MRS","Defend_MRS","Defend_MRS","Defend_MRS","MasterSpark","UpSweep","OortCloud","NonDirectionalLaser+1","Parasite","Parasite","PowerUp","BlazingStar+1","MilkyWay+1","Acceleration","PropBag","GasGiant","ShootingEcho","TreasureHunter","GalacticHalo","EnergyRecoil"],"relics":["MiniHakkero","NeowsBlessing","ShroomBag","Bottled Flame","Smiling Mask","TheAbacus","Tiny House","AmplifyWand"],"acts_visited":["Exordium","TheCity"],"potions_floor_usage":[],"damage_taken":[{"damage":0.0,"enemies":"2 Louse","floor":1.0,"turns":1.0},{"damage":0.0,"enemies":"Jaw Worm","floor":3.0,"turns":1.0},{"damage":0.0,"enemies":"3 Sentries","floor":6.0,"turns":2.0},{"damage":7.0,"enemies":"Small Slimes","floor":7.0,"turns":3.0},{"damage":0.0,"enemies":"Lagavulin","floor":10.0,"turns":5.0},{"damage":13.0,"enemies":"Blue Slaver","floor":11.0,"turns":2.0},{"damage":1.0,"enemies":"Exordium Thugs","floor":12.0,"turns":4.0},{"damage":0.0,"enemies":"Large Slime","floor":13.0,"turns":4.0},{"damage":35.0,"enemies":"Hexaghost","floor":16.0,"turns":6.0},{"damage":10.0,"enemies":"Chosen","floor":18.0,"turns":5.0},{"damage":6.0,"enemies":"Spheric Guardian","floor":19.0,"turns":3.0},{"damage":39.0,"enemies":"Snake Plant","floor":20.0,"turns":7.0},{"damage":20,"enemies":"Shelled Parasite and Fungi","floor":22,"turns":2}],"seed_played":"-2717451122795651278","potions_obtained":[{"floor":1.0,"key":"BottledSpark"},{"floor":6.0,"key":"Weak Potion"},{"floor":12.0,"key":"SkillPotion"},{"floor":17.0,"key":"FearPotion"},{"floor":18.0,"key":"champ:CounterPotion"}],"is_trial":false,"path_per_floor":["M","$","M","?","T","E","M","R","T","E","M","M","M","$","R","B",null,"M","M","M","?","M"],"character_chosen":"MARISA","items_purchased":["TheAbacus","ShootingEcho"],"campfire_rested":0,"item_purchase_floors":[14,14],"current_hp_per_floor":[63,63,63,52,52,52,49,49,49,53,44,47,51,51,51,20,63,57,55,32,32,12,12],"gold":194,"neow_bonus":"THREE_ENEMY_KILL","is_daily":false,"chose_seed":false,"campfire_upgraded":1,"win_rate":0.0,"timestamp":1609732779,"path_taken":["M","$","M","?","?","E","M","R","T","E","M","?","M","$","R","BOSS","M","M","M","?","?"],"items_purchased_type":["Relic","Card"],"build_version":"2020-12-22","purchased_purges":2,"victory":false,"max_hp_per_floor":[70,70,70,70,70,70,70,70,70,70,70,70,70,70,70,70,75,75,75,75,75,75,75],"card_choices":[{"not_picked":["EnergyFlow","MysteriousBeam"],"picked":"OortCloud","floor":1.0},{"not_picked":["DoubleSpark","ShootingEcho"],"picked":"NonDirectionalLaser","floor":3.0},{"not_picked":["MysteriousBeam","UnstableBomb"],"picked":"PowerUp","floor":6.0},{"not_picked":["GalacticHalo","MysteriousBeam"],"picked":"BlazingStar","floor":7.0},{"not_picked":["GrandCross","AsteroidBelt"],"picked":"MilkyWay","floor":10.0},{"not_picked":["MysteriousBeam","RefractionSpark"],"picked":"Acceleration","floor":11.0},{"not_picked":["AsteroidBelt","NonDirectionalLaser"],"picked":"PropBag","floor":12.0},{"not_picked":["Acceleration","MachineGunSpark"],"picked":"GasGiant","floor":13.0},{"not_picked":["SatelliteIllusion","StarDustReverie"],"picked":"TreasureHunter","floor":16.0},{"not_picked":["WitchLeyline","6A"],"picked":"GalacticHalo","floor":17.0},{"not_picked":["6A+1","DoubleSpark","ChargeUpSpray"],"picked":"SKIP","floor":18.0},{"not_picked":["RefractionSpark+1","StarlightTyphoon+1","MilkyWay"],"picked":"SKIP","floor":19.0},{"not_picked":["AsteroidBelt","AlicesGift+1"],"picked":"EnergyRecoil","floor":20.0}],"player_experience":146470,"relics_obtained":[{"floor":6.0,"key":"ShroomBag"},{"floor":9.0,"key":"Bottled Flame"},{"floor":10.0,"key":"Smiling Mask"}],"event_choices":[{"damage_healed":0.0,"max_hp_gain":0.0,"max_hp_loss":0.0,"gold_gain":75.0,"event_name":"World of Goop","player_choice":"Gather Gold","floor":4.0,"gold_loss":0.0,"damage_taken":11.0},{"damage_healed":0.0,"max_hp_gain":0.0,"max_hp_loss":0.0,"gold_gain":0.0,"event_name":"Accursed Blacksmith","player_choice":"Forge","floor":21.0,"gold_loss":0.0,"damage_taken":0.0,"cards_upgraded":["MilkyWay"]}],"is_beta":false,"boss_relics":[{"not_picked":["SacredBark","Pandora\u0027s Box"],"picked":"Tiny House"}],"items_purged_floors":[2,14],"is_endless":false,"potions_floor_spawned":[1,6,7,12,18,19],"killed_by":"Shelled Parasite and Fungi","ascension_level":16}}