{"host":"922zt4fjsmmy4kg9","time":1609796157,"event":{"mods":["A Magickal Journey","Act Like it!","BaseMod","Better Third Choice","Downfall","Friendly Minions","Hermit","HololiveMod","Hubris","Jorbs\u0027s Wanderer Trilogy","Kiyohime????","Koishi","Marisa????????","Minty Spire (QoL Compilation)","Quick Restart","Reimu??????","Shop Mod","Spicy Shops","StSLib","SuperFastMode","The Animator","The Disciple","The Runesmith"],"gold_per_floor":[99,111,111,111,111,111,137,237,263,277,308,321,15,58,78,78,78],"floor_reached":16,"playtime":730,"items_purged":[],"score":189,"play_id":"04f311f9-2b0a-4154-ae41-2b27b93f3cfa","local_time":"20210105083557","is_ascension_mode":true,"campfire_choices":[{"data":"animator:YuiTsuruno","floor":1.0,"key":"SMITH"},{"floor":6.0,"key":"REST"}],"circlet_count":0,"master_deck":["AscendersBane","animator:Strike_MadokaMagica","animator:Defend_MadokaMagica","animator:Strike","animator:Strike","animator:Strike","animator:Defend+1","animator:Defend+1","animator:IrohaTamaki","animator:YuiTsuruno+1","animator:NagisaMomoe+1","animator:Elsword","animator:Lu","animator:Raven","animator:Megumin+2","animator:SayakaMiki","animator:DwarfShaman","Regret","animator:Layla","animator:ElricEdward"],"relics":["animator:LivingPicture","animator:TheMissingPiece","downfall:HeartsMalice","RuthlessExorcism:ReiMu","hubris:PeanutButter","hubris:EvacipatedBox","Toolbox","Lantern","Blood Vial","Vajra","War Paint","Mango","Dead Branch","Orichalcum"],"acts_visited":["Exordium"],"potions_floor_usage":[16],"damage_taken":[{"damage":0.0,"enemies":"Cultist","floor":2.0,"turns":1.0},{"damage":0.0,"enemies":"2 Louse","floor":4.0,"turns":1.0},{"damage":0.0,"enemies":"downfall:Heads","floor":8.0,"turns":1.0},{"damage":0.0,"enemies":"Small Slimes","floor":10.0,"turns":2.0},{"damage":15.0,"enemies":"Lagavulin","floor":11.0,"turns":4.0},{"damage":0.0,"enemies":"Large Slime","floor":12.0,"turns":4.0},{"damage":0.0,"enemies":"downfall:FleeingMerchant","floor":13.0,"turns":4.0},{"damage":13.0,"enemies":"3 Sentries","floor":14.0,"turns":4.0},{"damage":0.0,"enemies":"Blue Slaver","floor":15.0,"turns":3.0},{"damage":26,"enemies":"downfall:Defect","floor":16,"turns":5}],"seed_played":"5639336430574540729","potions_obtained":[{"floor":10.0,"key":"AttackPotion"},{"floor":11.0,"key":"sneckomod:MuddlingPotion"},{"floor":14.0,"key":"Dexterity Potion"}],"is_trial":false,"path_per_floor":["R","M","$","M","?","R","T","?","T","M","E","M","$","E","M","B"],"character_chosen":"THE_ANIMATOR","items_purchased":["RuthlessExorcism:ReiMu","hubris:PeanutButter","hubris:EvacipatedBox","Toolbox","Mango","Dead Branch","animator:Megumin"],"campfire_rested":1,"item_purchase_floors":[3,3,3,3,13,13,13],"current_hp_per_floor":[59,59,4,4,4,23,23,25,25,27,14,17,33,22,24,0,0],"gold":78,"neow_bonus":"THREE_ENEMY_KILL","is_daily":false,"chose_seed":false,"campfire_upgraded":1,"win_rate":0.0,"timestamp":1609796157,"path_taken":["R","M","?","M","?","R","T","?","?","M","E","M","$","E","M","BOSS"],"items_purchased_type":["Relic","Relic","Relic","Relic","Relic","Relic","Card"],"build_version":"2020-12-22","purchased_purges":0,"victory":false,"max_hp_per_floor":[66,66,66,66,66,66,66,66,66,66,66,67,81,81,81,81,81],"card_choices":[{"not_picked":["animator:SayakaMiki","animator:Laby"],"picked":"animator:NagisaMomoe","floor":2.0},{"not_picked":["animator:LizardPriest","animator:Kuribayashi","animator:CowGirl"],"picked":"SKIP","floor":4.0},{"not_picked":["animator:Fredrika","animator:Priestess"],"picked":"animator:Lu","floor":8.0},{"not_picked":["animator:Elsword","animator:Rena"],"picked":"animator:Raven","floor":10.0},{"not_picked":["animator:SwordMaiden","animator:Ara"],"picked":"animator:Megumin","floor":11.0},{"not_picked":["animator:Guy","animator:Ara"],"picked":"animator:SayakaMiki","floor":12.0},{"not_picked":["animator:TukaLunaMarceau","animator:YuiTsuruno"],"picked":"animator:DwarfShaman","floor":13.0},{"not_picked":["animator:Guy","animator:ChaikaBohdan"],"picked":"animator:Layla","floor":14.0},{"not_picked":["animator:Rena","animator:Add"],"picked":"animator:ElricEdward","floor":15.0}],"player_experience":1319312,"relics_obtained":[{"floor":7.0,"key":"Blood Vial"},{"floor":9.0,"key":"Vajra"},{"floor":11.0,"key":"War Paint"},{"floor":14.0,"key":"Orichalcum"}],"event_choices":[{"damage_healed":0.0,"max_hp_gain":0.0,"max_hp_loss":0.0,"gold_gain":0.0,"event_name":"Big Fish","player_choice":"Box","floor":5.0,"gold_loss":0.0,"damage_taken":0.0,"relics_obtained":["Lantern"],"cards_obtained":["Regret"]}],"is_beta":false,"boss_relics":[],"items_purged_floors":[],"is_endless":false,"potions_floor_spawned":[10,11,14,15],"killed_by":"downfall:Defect","ascension_level":11}}