{"host":"l84l8xigz5v5foa2","time":1609748458,"event":{"mods":["2.2 Compatiblity","AchievementEnabler","BaseMod","Better Note","Better Vampires","Card Filter","Colored Map","DeckTracker","Downfall","Gremlin Skip","Highlight Path","Keyboard Shortcuts","Minty Spire (QoL Compilation)","Permanent Neow","Quick Restart","Relic Filter","Relic Stats","StSLib","SuperFastMode","Transform Curses","Unknown Chances"],"gold_per_floor":[99,9,9,9,23,37,64,64,92,92,92,92,92,111,130,203,203,203,214,230,315,415,94,94,160,186,336,365,365,415,87,98,172,172,172,188,208,273,384,434,434,461,190,115,165,215,140,174,99,99,99,129,29,29,29],"floor_reached":56,"playtime":3389,"items_purged":["hexamod:Strike","hexamod:Defend","hexamod:Strike","hexamod:Strike+1"],"score":4449,"play_id":"227249a2-bb1e-4240-b305-86589f1d31e8","local_time":"20210104172058","is_ascension_mode":true,"campfire_choices":[{"data":"hexamod:Float","floor":1.0,"key":"SMITH"},{"data":"hexamod:InspiringFlames","floor":8.0,"key":"SMITH"},{"data":"hexamod:FastForward","floor":11.0,"key":"SMITH"},{"floor":13.0,"key":"REST"},{"data":"hexamod:Rewind","floor":18.0,"key":"SMITH"},{"data":"hexamod:NecessarySacrifice","floor":29.0,"key":"SMITH"},{"data":"hexamod:Incineration","floor":35.0,"key":"SMITH"},{"floor":44,"key":"RECALL"},{"data":"hexamod:HeatShield","floor":47,"key":"SMITH"},{"data":"hexamod:RadiantFlame","floor":49,"key":"SMITH"},{"data":"hexamod:InspiringFlames","floor":54,"key":"SMITH"}],"circlet_count":0,"master_deck":["AscendersBane","hexamod:Defend","hexamod:Defend+1","hexamod:Float+1","hexamod:SpectersWail+1","hexamod:FirstSeal","hexamod:InspiringFlames+1","hexamod:FastForward+1","hexamod:Rewind+1","hexamod:RadiantFlame+1","hexamod:TimeOfNeed","hexamod:SuperheatedStrike","hexamod:NecessarySacrifice+1","hexamod:InspiringFlames+1","hexamod:FourthSeal","hexamod:StepThrough","hexamod:ThirdSeal","hexamod:Hexaguard+1","hexamod:SwordOfDarkness+1","RitualDagger+1","hexamod:AdvancingGuard+1","Sadistic Nature+1","hexamod:Incineration+1","hexamod:HeatShield+1","hexamod:SkipABeat+1","hexamod:StepThrough","hexamod:GhostflameBarrier+1","hexamod:GhostShield+1"],"relics":["hexamod:SpiritBrand","Gambling Chip","Gremlin Horn","downfall:ShatteredFragment","Cursed Key","downfall:CloakOfManyFaces","CultistMask","FaceOfCleric","NlothsMask","GremlinMask","SsserpentHead","Oddly Smooth Stone","Vajra","Art of War","expansioncontent:StudyCardRelic","Meat on the Bone","Guardian:GemstoneGun","downfall:HeartBlessingBlue","downfall:HeartBlessingRed","Toxic Egg 2","downfall:HeartBlessingGreen","Calipers"],"acts_visited":["Exordium","TheCity","TheBeyond","TheEnding"],"potions_floor_usage":[48,48,55,55],"damage_taken":[{"damage":0.0,"enemies":"downfall:FleeingMerchant","floor":2.0,"turns":4.0},{"damage":0.0,"enemies":"Cultist","floor":5.0,"turns":3.0},{"damage":0.0,"enemies":"Small Slimes","floor":6.0,"turns":3.0},{"damage":22.0,"enemies":"3 Sentries","floor":9.0,"turns":10.0},{"damage":0.0,"enemies":"Jaw Worm","floor":14.0,"turns":3.0},{"damage":0.0,"enemies":"2 Fungi Beasts","floor":15.0,"turns":3.0},{"damage":31.0,"enemies":"downfall:Ironclad","floor":16.0,"turns":9.0},{"damage":0.0,"enemies":"Chosen","floor":19.0,"turns":3.0},{"damage":1.0,"enemies":"Spheric Guardian","floor":20.0,"turns":4.0},{"damage":0.0,"enemies":"downfall:FaceTrader","floor":22.0,"turns":4.0},{"damage":4.0,"enemies":"downfall:FleeingMerchant","floor":23.0,"turns":4.0},{"damage":8.0,"enemies":"Cultist and Chosen","floor":25.0,"turns":5.0},{"damage":15.0,"enemies":"Gremlin Leader","floor":26.0,"turns":4.0},{"damage":14.0,"enemies":"downfall:Augmenter","floor":27.0,"turns":5.0},{"damage":12.0,"enemies":"Book of Stabbing","floor":28.0,"turns":4.0},{"damage":0.0,"enemies":"downfall:FleeingMerchant","floor":31.0,"turns":4.0},{"damage":0.0,"enemies":"3 Cultists","floor":32.0,"turns":3.0},{"damage":36.0,"enemies":"downfall:Watcher","floor":33.0,"turns":6.0},{"damage":0.0,"enemies":"3 Darklings","floor":36.0,"turns":4.0},{"damage":9.0,"enemies":"3 Shapes","floor":37.0,"turns":5.0},{"damage":0.0,"enemies":"Writhing Mass","floor":38.0,"turns":4.0},{"damage":0.0,"enemies":"downfall:FleeingMerchant","floor":39.0,"turns":4.0},{"damage":16.0,"enemies":"Nemesis","floor":42.0,"turns":7.0},{"damage":0,"enemies":"Giant Head","floor":48,"turns":6},{"damage":17,"enemies":"downfall:Silent","floor":50,"turns":10},{"damage":29,"enemies":"downfall:CharBossMerchant","floor":52,"turns":6},{"damage":0,"enemies":"downfall:NeowBoss","floor":55,"turns":23}],"seed_played":"8601364873977086149","potions_obtained":[{"floor":15.0,"key":"SkillPotion"},{"floor":16.0,"key":"champ:CounterPotion"},{"floor":19.0,"key":"EssenceOfSteel"},{"floor":25.0,"key":"DistilledChaos"},{"floor":26.0,"key":"sneckomod:MuddlingPotion"},{"floor":27.0,"key":"SmokeBomb"},{"floor":28.0,"key":"champ:CounterPotion"},{"floor":32.0,"key":"hexamod:DoubleChargePotion"},{"floor":33.0,"key":"Block Potion"},{"floor":37.0,"key":"AttackPotion"},{"floor":38.0,"key":"Weak Potion"},{"floor":42.0,"key":"DistilledChaos"},{"floor":48,"key":"Strength Potion"},{"floor":52,"key":"Strength Potion"}],"is_trial":false,"path_per_floor":["R","$","?","?","M","M","T","R","E","?","R","?","R","M","M","B",null,"R","M","M","?","?","$","T","M","E","?","E","R","?","$","M","B",null,"R","M","M","M","$","?","T","E","?","R","?","?","R","E","R","B",null,"E","$","R","B",null],"character_chosen":"THE_SPIRIT","items_purchased":["Oddly Smooth Stone","hexamod:FourthSeal","Sadistic Nature","hexamod:Incineration","hexamod:HeatShield","Guardian:GemstoneGun","hexamod:GhostflameBarrier+1","hexamod:GhostShield+1"],"campfire_rested":1,"item_purchase_floors":[23,23,31,31,39,43,53,53],"current_hp_per_floor":[42,42,42,42,42,49,49,49,34,13,13,13,31,38,45,21,53,53,60,63,35,42,46,46,46,39,33,29,29,23,31,39,11,56,56,64,63,64,72,72,72,64,64,74,74,96,96,97,97,88,96,75,75,75,76],"gold":29,"neow_bonus":"ONE_RARE_RELIC","is_daily":false,"chose_seed":false,"campfire_upgraded":9,"win_rate":0.0,"timestamp":1609748458,"path_taken":["R","$","?","?","?","M","T","R","E","?","R","?","R","?","M","BOSS","R","M","M","?","?","$","T","?","E","?","E","R","?","?","M","BOSS","R","M","M","?","$","?","T","E","?","R","?","?","R","E","R","BOSS","E","$","R","BOSS"],"items_purchased_type":["Relic","Card","Card","Card","Card","Relic","Card","Card"],"build_version":"2020-12-22","purchased_purges":4,"victory":true,"max_hp_per_floor":[63,63,63,63,63,63,63,63,63,63,63,63,63,63,63,63,63,63,63,63,63,63,64,64,65,66,67,68,68,68,69,70,71,71,71,72,73,74,75,75,75,76,76,86,86,96,96,97,97,98,98,99,99,99,100],"relic_stats":{"SsserpentHead":450,"Gremlin Horn":[13,13],"FaceOfCleric":17,"counters":[27,150],"Gambling Chip":[39],"Art of War":[1],"Cursed Key":0,"obtain_stats":[{"downfall:ShatteredFragment":10,"Calipers":52,"Gremlin Horn":9,"downfall:HeartBlessingRed":47,"Guardian:GemstoneGun":43,"Oddly Smooth Stone":23,"Vajra":26,"GremlinMask":22,"downfall:HeartBlessingGreen":49,"expansioncontent:StudyCardRelic":34,"Cursed Key":17,"SsserpentHead":22,"FaceOfCleric":22,"downfall:HeartBlessingBlue":44,"Gambling Chip":0,"CultistMask":22,"downfall:CloakOfManyFaces":22,"Art of War":28,"Toxic Egg 2":48,"hexamod:SpiritBrand":0,"NlothsMask":22,"Meat on the Bone":42},{"downfall:ShatteredFragment":4,"Calipers":26,"Gremlin Horn":4,"downfall:HeartBlessingRed":23,"Guardian:GemstoneGun":23,"Oddly Smooth Stone":11,"Vajra":13,"GremlinMask":10,"downfall:HeartBlessingGreen":24,"expansioncontent:StudyCardRelic":18,"Cursed Key":7,"SsserpentHead":10,"FaceOfCleric":10,"downfall:HeartBlessingBlue":23,"Gambling Chip":0,"CultistMask":10,"downfall:CloakOfManyFaces":10,"Art of War":15,"Toxic Egg 2":24,"hexamod:SpiritBrand":0,"NlothsMask":10,"Meat on the Bone":23},{"downfall:ShatteredFragment":20,"Calipers":127,"Gremlin Horn":20,"downfall:HeartBlessingRed":105,"Guardian:GemstoneGun":105,"Oddly Smooth Stone":50,"Vajra":59,"GremlinMask":46,"downfall:HeartBlessingGreen":111,"expansioncontent:StudyCardRelic":81,"Cursed Key":35,"SsserpentHead":46,"FaceOfCleric":46,"downfall:HeartBlessingBlue":105,"Gambling Chip":0,"CultistMask":46,"downfall:CloakOfManyFaces":46,"Art of War":68,"Toxic Egg 2":111,"hexamod:SpiritBrand":0,"NlothsMask":46,"Meat on the Bone":105}],"Meat on the Bone":0},"card_choices":[{"not_picked":["hexamod:BurningTouch","hexamod:SwordOfDarkness"],"picked":"hexamod:SpectersWail","floor":2.0},{"not_picked":["hexamod:PowerFromBeyond","hexamod:SpectralSpark"],"picked":"hexamod:FirstSeal","floor":5.0},{"not_picked":["hexamod:HeatShield","hexamod:SpectersWail"],"picked":"hexamod:InspiringFlames","floor":6.0},{"not_picked":["hexamod:AdvancingGuard","hexamod:NightmareGuise"],"picked":"hexamod:FastForward","floor":9.0},{"not_picked":["hexamod:SoulSteal","hexamod:GhostflameBarrier"],"picked":"hexamod:Rewind","floor":14.0},{"not_picked":["hexamod:GhostShield","hexamod:EtherealExpedition"],"picked":"hexamod:RadiantFlame","floor":15.0},{"not_picked":["hexamod:VolcanoVisage","hexamod:GiftsFromTheDead"],"picked":"hexamod:TimeOfNeed","floor":16.0},{"not_picked":["hexamod:InspiringFlames","hexamod:BurningTouch"],"picked":"hexamod:SuperheatedStrike","floor":19.0},{"not_picked":["hexamod:SwordOfDarkness","hexamod:NightmareGuise","hexamod:BurningTouch"],"picked":"SKIP","floor":20.0},{"not_picked":["hexamod:NightmareGuise","hexamod:Hexaguard"],"picked":"hexamod:NecessarySacrifice","floor":22.0},{"not_picked":["hexamod:HauntingEcho","hexamod:Firestarter"],"picked":"hexamod:InspiringFlames","floor":23.0},{"not_picked":["hexamod:Hexaguard","hexamod:BurningTouch"],"picked":"hexamod:StepThrough","floor":25.0},{"not_picked":["hexamod:DynamicBlow","hexamod:GhostLash","hexamod:RainOfEmbers"],"picked":"SKIP","floor":26.0},{"not_picked":["hexamod:GhostOfSpirePresent","hexamod:BacktrackSmack"],"picked":"hexamod:Hexaguard","floor":28.0},{"not_picked":["hexamod:ExtraCrispy","hexamod:ApocalypticArmor"],"picked":"hexamod:SwordOfDarkness+1","floor":28.0},{"not_picked":["hexamod:ShieldOfDarkness","hexamod:BacktrackSmack"],"picked":"hexamod:AdvancingGuard+1","floor":31.0},{"not_picked":["hexamod:ThirdSeal","hexamod:Incineration","hexamod:FastForward"],"picked":"SKIP","floor":32.0},{"not_picked":["hexamod:UnleashSpirits","hexamod:WildfireWeapon"],"picked":"hexamod:SixthSeal","floor":33.0},{"not_picked":["hexamod:GhostLash","hexamod:SwordOfDarkness","hexamod:Hexaguard"],"picked":"SKIP","floor":36.0},{"not_picked":["hexamod:SpectralSpark","hexamod:ChargedBarrage","hexamod:SwordOfDarkness"],"picked":"SKIP","floor":36.0},{"not_picked":["hexamod:NightmareStrike","hexamod:BacktrackSmack","hexamod:InspiringFlames"],"picked":"SKIP","floor":37.0},{"not_picked":["hexamod:Hexaguard+1","hexamod:SwordOfDarkness+1","hexamod:ThermalTransfer"],"picked":"SKIP","floor":38.0},{"not_picked":["hexamod:SearingWound","hexamod:InspiringFlames","hexamod:BurningTouch"],"picked":"SKIP","floor":39.0},{"not_picked":["hexamod:Firestarter+1","hexamod:InspiringFlames","hexamod:SoulSteal"],"picked":"SKIP","floor":39.0},{"not_picked":["hexamod:PhantomFireball","hexamod:AdvancingGuard","hexamod:HauntingEcho"],"picked":"SKIP","floor":42.0},{"not_picked":["hexamod:SpectralSpark","hexamod:PhantomCloak","hexamod:RainOfEmbers"],"picked":"SKIP","floor":42.0},{"not_picked":["hexamod:PhantomFireball","hexamod:AdvancingGuard","hexamod:HauntingEcho"],"picked":"SKIP","floor":42.0},{"not_picked":["hexamod:SpectralSpark","hexamod:PhantomCloak","hexamod:RainOfEmbers"],"picked":"SKIP","floor":42.0},{"not_picked":["hexamod:SpectersWail","hexamod:SixthSeal"],"picked":"hexamod:SkipABeat+1","floor":48},{"not_picked":["hexamod:NightmareStrike","hexamod:HeatShield+1","hexamod:ChargedBarrage+1"],"picked":"SKIP","floor":48},{"not_picked":["hexamod:InspiringFlames+1","hexamod:ThermalTransfer"],"picked":"hexamod:StepThrough","floor":52},{"not_picked":["hexamod:NecessarySacrifice+1","hexamod:NightmareStrike+1","hexamod:ThermalTransfer"],"picked":"SKIP","floor":52}],"player_experience":2839090,"relics_obtained":[{"floor":9.0,"key":"Gremlin Horn"},{"floor":22.0,"key":"downfall:CloakOfManyFaces"},{"floor":26.0,"key":"Vajra"},{"floor":28.0,"key":"Art of War"},{"floor":42.0,"key":"Meat on the Bone"},{"floor":48,"key":"Toxic Egg 2"},{"floor":52,"key":"Calipers"}],"event_choices":[{"cards_removed":["hexamod:Defend"],"damage_healed":0.0,"max_hp_gain":0.0,"max_hp_loss":0.0,"gold_gain":0.0,"event_name":"Purifier","player_choice":"Purged","floor":4.0,"gold_loss":0.0,"damage_taken":0.0},{"damage_healed":0.0,"max_hp_gain":0.0,"max_hp_loss":0.0,"gold_gain":0.0,"event_name":"Upgrade Shrine","player_choice":"Upgraded","floor":12.0,"gold_loss":0.0,"damage_taken":0.0,"cards_upgraded":["hexamod:SpectersWail"]},{"cards_removed":["hexamod:SixthSeal"],"damage_healed":12,"gold_gain":0,"player_choice":"Offered Rare","damage_taken":0,"max_hp_gain":10,"max_hp_loss":0,"event_name":"Bonfire Elementals","floor":46,"gold_loss":0}],"is_beta":false,"boss_relics":[{"not_picked":["Busted Crown","Ectoplasm"],"picked":"Cursed Key"},{"not_picked":["Calling Bell","SacredBark"],"picked":"expansioncontent:StudyCardRelic"}],"items_purged_floors":[2,23,31,39],"is_endless":false,"potions_floor_spawned":[15,16,19,32,33],"ascension_level":20}}