{"host":"p7j7o00jacnw7qzt","time":1609802653,"event":{"mods":["BaseMod","Colored Map","Colored Powertips","DeckTracker","Highlight Path","Minty Spire (QoL Compilation)","Relic Stats"],"gold_per_floor":[366,366,12,26,26,26,49,49,49,49,70,84,117,141,141,237,237,253,178,194,94,115,115,151,151,151,174,217,217,240,280,280,379,379,404,177,177,177,195,229,229,154,179,179,199,233,233,258,258,258,258,258,258,9,45,45],"floor_reached":57,"playtime":2214,"items_purged":["Strike_R","Strike_R","Strike_R","Strike_R","Bash"],"score":3090,"play_id":"704f23c1-944a-4be1-8a5b-326225042b7c","local_time":"20210104182413","is_ascension_mode":true,"campfire_choices":[{"data":"Armaments","floor":6.0,"key":"SMITH"},{"data":"Searing Blow","floor":8.0,"key":"SMITH"},{"data":"Searing Blow+1","floor":10.0,"key":"SMITH"},{"data":"Searing Blow+2","floor":15.0,"key":"SMITH"},{"data":"Searing Blow+3","floor":23.0,"key":"SMITH"},{"data":"Searing Blow+4","floor":25.0,"key":"SMITH"},{"data":"Searing Blow+5","floor":29.0,"key":"SMITH"},{"data":"Searing Blow+6","floor":32.0,"key":"SMITH"},{"data":"Searing Blow+7","floor":41.0,"key":"SMITH"},{"data":"Searing Blow+8","floor":44.0,"key":"SMITH"},{"floor":49.0,"key":"RECALL"},{"data":"Searing Blow+9","floor":53.0,"key":"SMITH"}],"circlet_count":0,"master_deck":["AscendersBane","Defend_R","Defend_R","Defend_R","Defend_R","Power Through","Armaments+1","Searing Blow+10","Disarm","Shrug It Off+1","Shockwave+1","Havoc+1","Corruption","Shrug It Off+1","Shrug It Off+1","Impervious+1","Shockwave+1","Burning Pact+1","Impervious+1","Battle Trance+1","Shrug It Off+1","Pommel Strike+1","Combust","Feel No Pain","Disarm+1"],"relics":["Burning Blood","Prayer Wheel","Golden Idol","Toxic Egg 2","Happy Flower","Sozu","Oddly Smooth Stone","Pantograph","Mango","Snecko Eye","Membership Card","Matryoshka","The Courier","Pen Nib","Smiling Mask","Art of War","Strawberry","ClockworkSouvenir","Magic Flower"],"acts_visited":["Exordium","TheCity","TheBeyond","TheEnding"],"potions_floor_usage":[56],"damage_taken":[{"damage":13.0,"enemies":"Small Slimes","floor":1.0,"turns":6.0},{"damage":2.0,"enemies":"2 Louse","floor":4.0,"turns":4.0},{"damage":2.0,"enemies":"Jaw Worm","floor":7.0,"turns":4.0},{"damage":4.0,"enemies":"Exordium Wildlife","floor":11.0,"turns":4.0},{"damage":4.0,"enemies":"Red Slaver","floor":12.0,"turns":3.0},{"damage":25.0,"enemies":"3 Sentries","floor":13.0,"turns":12.0},{"damage":7.0,"enemies":"Large Slime","floor":14.0,"turns":5.0},{"damage":0.0,"enemies":"The Guardian","floor":16.0,"turns":10.0},{"damage":12.0,"enemies":"Chosen","floor":18.0,"turns":6.0},{"damage":16.0,"enemies":"Spheric Guardian","floor":20.0,"turns":6.0},{"damage":10.0,"enemies":"Snake Plant","floor":22.0,"turns":4.0},{"damage":2.0,"enemies":"Book of Stabbing","floor":24.0,"turns":6.0},{"damage":0.0,"enemies":"3 Cultists","floor":27.0,"turns":5.0},{"damage":19.0,"enemies":"Gremlin Leader","floor":28.0,"turns":6.0},{"damage":0.0,"enemies":"Centurion and Healer","floor":30.0,"turns":4.0},{"damage":4.0,"enemies":"Book of Stabbing","floor":31.0,"turns":5.0},{"damage":53.0,"enemies":"Champ","floor":33.0,"turns":7.0},{"damage":0.0,"enemies":"Orb Walker","floor":35.0,"turns":2.0},{"damage":4.0,"enemies":"3 Shapes","floor":39.0,"turns":5.0},{"damage":36.0,"enemies":"Nemesis","floor":40.0,"turns":7.0},{"damage":0.0,"enemies":"Transient","floor":45.0,"turns":6.0},{"damage":0.0,"enemies":"Giant Head","floor":46.0,"turns":4.0},{"damage":0.0,"enemies":"Maw","floor":48.0,"turns":3.0},{"damage":0.0,"enemies":"Donu and Deca","floor":50.0,"turns":5.0},{"damage":58.0,"enemies":"Awakened One","floor":51.0,"turns":6.0},{"damage":1,"enemies":"Shield and Spear","floor":55,"turns":2},{"damage":30,"enemies":"The Heart","floor":56,"turns":6}],"seed_played":"336270633943960222","potions_obtained":[{"floor":4.0,"key":"ColorlessPotion"},{"floor":7.0,"key":"Ancient Potion"},{"floor":11.0,"key":"EssenceOfSteel"},{"floor":14.0,"key":"Fire Potion"}],"is_trial":false,"path_per_floor":["M","?","$","M","?","R","M","R","T","R","M","M","E","M","R","B",null,"M","$","M","$","M","R","E","R","T","M","E","R","M","E","R","B",null,"M","$","?","T","M","E","R","$","T","R","M","E","?","M","R","B","B",null,"R","$","E","B",null],"character_chosen":"IRONCLAD","items_purchased":["Prayer Wheel","Power Through","Membership Card","Strawberry","Combust","Feel No Pain","ClockworkSouvenir"],"campfire_rested":0,"item_purchase_floors":[3,3,36,54,54,54,54],"current_hp_per_floor":[61,61,61,65,42,42,46,46,46,46,48,50,31,30,30,36,60,54,54,44,44,40,40,44,44,44,50,37,37,43,59,59,35,70,76,76,76,76,78,48,48,48,48,48,54,60,60,66,66,82,30,69,69,76,81,68],"gold":45,"neow_bonus":"TWO_FIFTY_GOLD","is_daily":false,"chose_seed":false,"campfire_upgraded":11,"win_rate":0.0,"timestamp":1609802653,"path_taken":["M","?","$","M","?","R","M","R","T","R","M","M","E","M","R","BOSS","M","$","M","$","M","R","E","R","T","M","E","R","M","E","R","BOSS","M","$","?","?","?","E","R","?","T","R","M","E","?","M","R","BOSS","BOSS","R","$","E","BOSS"],"items_purchased_type":["Relic","Card","Relic","Relic","Card","Card","Relic"],"build_version":"2020-12-22","purchased_purges":5,"victory":true,"max_hp_per_floor":[68,68,68,68,68,68,68,68,68,68,68,68,68,68,68,68,68,68,68,68,68,68,68,68,68,68,68,68,68,68,82,82,82,82,82,82,82,82,82,82,82,82,82,82,82,82,82,82,82,82,82,82,82,89,89,89],"relic_stats":{"Happy Flower":[36],"counters":[27,143],"Golden Idol":203,"Magic Flower":[3],"Pen Nib":[4],"Smiling Mask":20,"Burning Blood":159,"Sozu":7,"Pantograph":47,"Snecko Eye":[104,82,84,79],"Prayer Wheel":14,"Art of War":[4],"obtain_stats":[{"Happy Flower":13,"Golden Idol":5,"Oddly Smooth Stone":24,"Magic Flower":55,"Mango":31,"The Courier":40,"Pen Nib":43,"Smiling Mask":43,"Burning Blood":0,"ClockworkSouvenir":54,"Sozu":17,"Matryoshka":38,"Pantograph":28,"Strawberry":54,"Snecko Eye":34,"Prayer Wheel":3,"Art of War":46,"Membership Card":36,"Toxic Egg 2":9},{"Happy Flower":6,"Golden Idol":2,"Oddly Smooth Stone":12,"Magic Flower":26,"Mango":16,"The Courier":20,"Pen Nib":20,"Smiling Mask":20,"Burning Blood":0,"ClockworkSouvenir":25,"Sozu":8,"Matryoshka":18,"Pantograph":14,"Strawberry":25,"Snecko Eye":17,"Prayer Wheel":1,"Art of War":22,"Membership Card":18,"Toxic Egg 2":3},{"Happy Flower":33,"Golden Idol":10,"Oddly Smooth Stone":70,"Magic Flower":137,"Mango":90,"The Courier":111,"Pen Nib":111,"Smiling Mask":111,"Burning Blood":0,"ClockworkSouvenir":135,"Sozu":48,"Matryoshka":99,"Pantograph":81,"Strawberry":135,"Snecko Eye":97,"Prayer Wheel":6,"Art of War":121,"Membership Card":99,"Toxic Egg 2":14}]},"card_choices":[{"not_picked":["Havoc","Cleave","Clash"],"picked":"SKIP","floor":1.0},{"not_picked":["Body Slam","Rampage"],"picked":"Armaments","floor":4.0},{"not_picked":["Flex","Dropkick"],"picked":"Searing Blow","floor":4.0},{"not_picked":["Searing Blow","Havoc"],"picked":"Disarm","floor":7.0},{"not_picked":["Limit Break","Infernal Blade","Shrug It Off"],"picked":"SKIP","floor":7.0},{"not_picked":["Heavy Blade","Thunderclap"],"picked":"Shrug It Off+1","floor":11.0},{"not_picked":["Perfected Strike","Flex+1","Sever Soul"],"picked":"SKIP","floor":11.0},{"not_picked":["Rage+1","Clash","Pommel Strike"],"picked":"SKIP","floor":12.0},{"not_picked":["Anger","Headbutt","Sword Boomerang"],"picked":"SKIP","floor":12.0},{"not_picked":["Sever Soul","Metallicize"],"picked":"Shockwave+1","floor":13.0},{"not_picked":["Cleave","Flex+1","Thunderclap"],"picked":"SKIP","floor":14.0},{"not_picked":["Clothesline","Wild Strike","Perfected Strike"],"picked":"SKIP","floor":14.0},{"not_picked":["Sever Soul","Clothesline","Sword Boomerang"],"picked":"SKIP","floor":18.0},{"not_picked":["Seeing Red+1","Uppercut","Intimidate+1"],"picked":"SKIP","floor":18.0},{"not_picked":["Sever Soul","Clothesline","Sword Boomerang"],"picked":"SKIP","floor":18.0},{"not_picked":["Seeing Red+1","Uppercut","Intimidate+1"],"picked":"SKIP","floor":18.0},{"not_picked":["Thunderclap+1","Armaments+1","Fire Breathing"],"picked":"SKIP","floor":20.0},{"not_picked":["Heavy Blade","Havoc+1","Entrench+1"],"picked":"SKIP","floor":20.0},{"not_picked":["Heavy Blade","Entrench+1"],"picked":"Havoc+1","floor":20.0},{"not_picked":["Thunderclap+1","Armaments+1","Fire Breathing"],"picked":"SKIP","floor":20.0},{"not_picked":["Rupture","Pommel Strike+1","Cleave"],"picked":"SKIP","floor":22.0},{"not_picked":["Heavy Blade+1","Twin Strike","Seeing Red+1"],"picked":"SKIP","floor":22.0},{"not_picked":["Armaments+1","Wild Strike","Sword Boomerang"],"picked":"SKIP","floor":24.0},{"not_picked":["Ghostly Armor+1","Cleave"],"picked":"Corruption","floor":27.0},{"not_picked":["Power Through+1","Intimidate+1","Sever Soul+1"],"picked":"SKIP","floor":27.0},{"not_picked":["Thunderclap","Body Slam","Fiend Fire"],"picked":"SKIP","floor":28.0},{"not_picked":["Armaments+1","Blood for Blood"],"picked":"Shrug It Off+1","floor":30.0},{"not_picked":["Rage+1","Clash","Power Through+1"],"picked":"SKIP","floor":30.0},{"not_picked":["Perfected Strike","Ghostly Armor+1"],"picked":"Shrug It Off+1","floor":31.0},{"not_picked":["Corruption","Bludgeon"],"picked":"Impervious+1","floor":33.0},{"not_picked":["Headbutt","Warcry+1"],"picked":"Shockwave+1","floor":35.0},{"not_picked":["Thunderclap+1","Infernal Blade+1","Fire Breathing"],"picked":"SKIP","floor":35.0},{"not_picked":["Pummel","Exhume+1"],"picked":"Burning Pact+1","floor":39.0},{"not_picked":["Intimidate+1","Havoc+1","Sword Boomerang"],"picked":"SKIP","floor":39.0},{"not_picked":["Hemokinesis+1","Headbutt+1","Body Slam+1"],"picked":"SKIP","floor":40.0},{"not_picked":["Hemokinesis+1","Havoc+1"],"picked":"Impervious+1","floor":45.0},{"not_picked":["Feel No Pain","Body Slam+1"],"picked":"Battle Trance+1","floor":45.0},{"not_picked":["Clash","Warcry+1"],"picked":"Shrug It Off+1","floor":46.0},{"not_picked":["Clothesline","Perfected Strike+1"],"picked":"Pommel Strike+1","floor":48.0},{"not_picked":["Thunderclap","Armaments+1","Reckless Charge"],"picked":"SKIP","floor":48.0},{"not_picked":["Pummel","Clash"],"picked":"Disarm+1","floor":55}],"player_experience":1001750,"relics_obtained":[{"floor":9.0,"key":"Toxic Egg 2"},{"floor":13.0,"key":"Happy Flower"},{"floor":24.0,"key":"Oddly Smooth Stone"},{"floor":28.0,"key":"Pantograph"},{"floor":31.0,"key":"Mango"},{"floor":38.0,"key":"Matryoshka"},{"floor":40.0,"key":"The Courier"},{"floor":43.0,"key":"Pen Nib"},{"floor":43.0,"key":"Smiling Mask"},{"floor":46.0,"key":"Art of War"},{"floor":55,"key":"Magic Flower"}],"event_choices":[{"cards_removed":["Strike_R"],"damage_healed":0.0,"max_hp_gain":0.0,"max_hp_loss":0.0,"gold_gain":0.0,"event_name":"Living Wall","player_choice":"Forget","floor":2.0,"gold_loss":0.0,"damage_taken":0.0},{"damage_healed":0.0,"max_hp_gain":0.0,"max_hp_loss":0.0,"gold_gain":0.0,"event_name":"Golden Idol","player_choice":"Take Damage","floor":5.0,"gold_loss":0.0,"damage_taken":23.0,"relics_obtained":["Golden Idol"]},{"damage_healed":0.0,"max_hp_gain":0.0,"max_hp_loss":0.0,"gold_gain":0.0,"event_name":"Tomb of Lord Red Mask","player_choice":"Ignored","floor":37.0,"gold_loss":0.0,"damage_taken":0.0},{"damage_healed":0.0,"max_hp_gain":0.0,"max_hp_loss":0.0,"gold_gain":0.0,"event_name":"SecretPortal","player_choice":"Ignored","floor":47.0,"gold_loss":0.0,"damage_taken":0.0}],"is_beta":false,"boss_relics":[{"not_picked":["SacredBark","Tiny House"],"picked":"Sozu"},{"not_picked":["Coffee Dripper","Pandora\u0027s Box"],"picked":"Snecko Eye"}],"items_purged_floors":[19,21,36,42,54],"is_endless":false,"potions_floor_spawned":[4,7,11,14,22,30,31,33,39,45,46],"ascension_level":20}}