{"host":"lpogke4cwz8zw1ju","time":1609795418,"event":{"mods":["Always Whale","BaseMod","Minty Spire (QoL Compilation)","Permanent Neow"],"gold_per_floor":[110,123,123,123,139,167,185,213,213,213,223,237,85,65,65,162,162,175,175,90,100,112,112,124,141,141,141,141],"floor_reached":27,"playtime":1393,"items_purged":["Defend_G"],"score":277,"play_id":"4cb0d50b-eedf-49f8-8dcc-3813b4921846","local_time":"20210104222338","is_ascension_mode":false,"campfire_choices":[{"floor":10,"key":"REST"},{"floor":15,"key":"REST"},{"floor":23,"key":"REST"}],"circlet_count":0,"master_deck":["Strike_G+1","Strike_G+1","Strike_G+1","Strike_G+1","Defend_G+1","Defend_G+1","Defend_G+1","Survivor","Neutralize","Swift Strike","Cloak And Dagger","Finisher","Quick Slash","Blade Dance","Flying Knee","Prepared","Infinite Blades","Bullet Time","Blade Dance","Backflip","Finisher"],"relics":["Ring of the Snake","Art of War","Eternal Feather","Blue Candle","Happy Flower","Gremlin Horn","Empty Cage","The Courier","Omamori"],"acts_visited":["Exordium","TheCity"],"potions_floor_usage":[8,8,16,16],"damage_taken":[{"damage":0,"enemies":"Cultist","floor":1,"turns":4},{"damage":0,"enemies":"Small Slimes","floor":2,"turns":2},{"damage":1,"enemies":"Jaw Worm","floor":5,"turns":3},{"damage":24,"enemies":"Gremlin Nob","floor":6,"turns":4},{"damage":13,"enemies":"Gremlin Gang","floor":7,"turns":5},{"damage":10,"enemies":"3 Sentries","floor":8,"turns":6},{"damage":0,"enemies":"Large Slime","floor":11,"turns":3},{"damage":3,"enemies":"Exordium Thugs","floor":12,"turns":3},{"damage":0,"enemies":"Slime Boss","floor":16,"turns":2},{"damage":10,"enemies":"2 Thieves","floor":18,"turns":4},{"damage":14,"enemies":"Chosen","floor":21,"turns":5},{"damage":36,"enemies":"Snake Plant","floor":22,"turns":5},{"damage":18,"enemies":"Shelled Parasite and Fungi","floor":24,"turns":5},{"damage":6,"enemies":"Centurion and Healer","floor":25,"turns":5},{"damage":16,"enemies":"Sentry and Sphere","floor":27,"turns":3}],"seed_played":"-6911908188260657306","potions_obtained":[{"floor":6,"key":"DistilledChaos"},{"floor":7,"key":"GamblersBrew"},{"floor":11,"key":"Weak Potion"},{"floor":14,"key":"SteroidPotion"},{"floor":21,"key":"Strength Potion"}],"is_trial":false,"path_per_floor":["M","M","?","?","M","E","M","E","T","R","M","M","$","?","R","B",null,"M","?","?","M","M","R","M","M","T","M"],"character_chosen":"THE_SILENT","items_purchased":["Infinite Blades"],"campfire_rested":3,"item_purchase_floors":[13],"current_hp_per_floor":[70,70,58,58,57,33,20,10,10,40,40,37,37,37,67,67,70,60,60,60,46,10,40,22,16,16,0,0],"gold":141,"neow_bonus":"RANDOM_COLORLESS","is_daily":false,"chose_seed":false,"campfire_upgraded":0,"win_rate":0.0,"timestamp":1609795418,"path_taken":["M","?","?","?","M","E","M","E","T","R","?","M","$","?","R","BOSS","M","?","?","M","M","R","M","M","T","?"],"items_purchased_type":["Card"],"build_version":"2020-12-22","purchased_purges":1,"victory":false,"max_hp_per_floor":[70,70,70,70,70,70,70,70,70,70,70,70,70,70,70,70,70,70,70,70,70,70,70,70,70,70,70,70],"card_choices":[{"not_picked":["Finesse","Dark Shackles"],"picked":"Swift Strike","floor":0},{"not_picked":["Distraction","Poisoned Stab"],"picked":"Cloak And Dagger","floor":1},{"not_picked":["Dagger Throw","Quick Slash"],"picked":"Cloak And Dagger","floor":2},{"not_picked":["Predator","Quick Slash"],"picked":"Finisher","floor":5},{"not_picked":["Deadly Poison","Dagger Spray"],"picked":"Quick Slash","floor":6},{"not_picked":["Setup","Acrobatics","Deflect"],"picked":"SKIP","floor":7},{"not_picked":["Leg Sweep","Cloak And Dagger"],"picked":"Blade Dance","floor":8},{"not_picked":["Bane","Dagger Throw"],"picked":"Flying Knee","floor":11},{"not_picked":["Leg Sweep","Concentrate"],"picked":"Prepared","floor":12},{"not_picked":["Doppelganger","Phantasmal Killer"],"picked":"Bullet Time","floor":16},{"not_picked":["Flying Knee","Bane","Flechettes"],"picked":"SKIP","floor":18},{"not_picked":["Dagger Spray","Sucker Punch"],"picked":"Blade Dance","floor":21},{"not_picked":["Flying Knee","Bane","Skewer+1"],"picked":"SKIP","floor":22},{"not_picked":["Deadly Poison","Flechettes"],"picked":"Backflip","floor":24},{"not_picked":["Sucker Punch","Distraction"],"picked":"Finisher","floor":25}],"player_experience":164370,"relics_obtained":[{"floor":6,"key":"Blue Candle"},{"floor":8,"key":"Happy Flower"},{"floor":9,"key":"Gremlin Horn"},{"floor":26,"key":"Omamori"}],"event_choices":[{"damage_healed":0,"gold_gain":0,"player_choice":"Success","damage_taken":12,"relics_obtained":["Art of War"],"max_hp_gain":0,"max_hp_loss":0,"event_name":"Scrap Ooze","floor":3,"gold_loss":0},{"cards_removed":["Cloak And Dagger"],"damage_healed":0,"gold_gain":0,"player_choice":"Gave Card","damage_taken":0,"relics_obtained":["Eternal Feather"],"max_hp_gain":0,"max_hp_loss":0,"event_name":"WeMeetAgain","floor":4,"gold_loss":0},{"damage_healed":0,"gold_gain":0,"player_choice":"Bought 1 Potion","damage_taken":0,"max_hp_gain":0,"max_hp_loss":0,"event_name":"The Woman in Blue","floor":14,"gold_loss":0},{"damage_healed":0,"gold_gain":0,"player_choice":"Simplicity","damage_taken":0,"max_hp_gain":0,"max_hp_loss":0,"event_name":"Back to Basics","floor":19,"gold_loss":0,"cards_upgraded":["Strike_G","Strike_G","Strike_G","Strike_G","Defend_G","Defend_G","Defend_G"]},{"damage_healed":0,"gold_gain":0,"player_choice":"Obtained Relic","damage_taken":0,"relics_obtained":["The Courier"],"max_hp_gain":0,"max_hp_loss":0,"event_name":"Addict","floor":20,"gold_loss":85}],"is_beta":false,"boss_relics":[{"not_picked":["HoveringKite","Pandora\u0027s Box"],"picked":"Empty Cage"}],"items_purged_floors":[13],"is_endless":false,"potions_floor_spawned":[6,7,11,21],"killed_by":"Sentry and Sphere","ascension_level":0}}