{"host":"5gusigds1c3jyr99","time":1609772099,"event":{"mods":["AchievementEnabler","Arknights The Spire","Astrologer","BaseMod","CapriCore","ChefMod","GungeonMod","Hermit","Marisa£¨Ùöéë¡¡Øª×âÞÞ£©","Minty Spire (QoL Compilation)","Permanent Neow","Replay The Spire","StSLib","The Bug Knight","The Cursed","The Death Knight","The Disciple","The Dragon Tamer","The Gatherer","The Hierophant","The Immortal","The Jungle","The Poker Player","The Senshi","TheBandit","WarShipGirlsR/??á´Ò³R mod"],"gold_per_floor":[118,130,150,150,150,150,75,75,75,75,105,125,125,25,25,126,126,109,99,116,129,129,156,174,101,101,101,101,114,134,166,166,266,266,277,152,152,171,171,171,200,110,159,185,207,229,241,253,265,277,277],"floor_reached":50,"playtime":5069,"items_purged":["ats:Strike V","ats:Defend","ats:Armor Crushing Shot"],"score":616,"play_id":"342012aa-77ee-45ed-bc79-1af9c3bf7951","local_time":"20210104235459","is_ascension_mode":true,"campfire_choices":[{"data":"ats:Ignite","floor":6.0,"key":"SMITH"},{"data":"ats:Ignite","floor":8.0,"key":"SMITH"},{"data":"ats:Shell Defense","floor":10.0,"key":"SMITH"},{"data":"ats:Powerful Strike","floor":15,"key":"SMITH"},{"data":"ats:Burning Ground","floor":28,"key":"SMITH"},{"floor":40,"key":"RECALL"},{"data":"ats:Echo Reverb","floor":49,"key":"SMITH"}],"circlet_count":0,"master_deck":["ats:Strike C","ats:Defend","ats:Emotion Absorption","ats:Ignite+1","ats:Ignite+1","ats:Shell Defense+1","ats:Shell Defense+1","ats:Powerful Strike+1","ats:Powerful Strike+1","ats:Calcification","ats:Echo Reverb+1","ats:Very Hot Blade","ats:Burning Ground+1","ats:Volcano+1","ats:Burning Ground+1","Wraith"],"relics":["ats:Sanity","DemoMod:WhiteGuonStone","DemoMod:ChaffGrenade","Mango","ats:Originium","Akabeko","SacredBark","Bottled Lightning","Mercury Hourglass","ats:Industrial Water Cannon","Chameleon Ring","Black Star","Quantum Egg","Toy Ornithopter","Centennial Puzzle","MawBank","Lizard Tail"],"acts_visited":["Exordium","TheCity","TheBeyond"],"potions_floor_usage":[23,31,33,45,50,50],"damage_taken":[{"damage":0.0,"enemies":"Cultist","floor":1.0,"turns":4.0},{"damage":7.0,"enemies":"Small Slimes","floor":2.0,"turns":4.0},{"damage":4.0,"enemies":"Jaw Worm","floor":3.0,"turns":4.0},{"damage":22.0,"enemies":"Lagavulin","floor":11.0,"turns":7.0},{"damage":0.0,"enemies":"Gremlin Gang","floor":12.0,"turns":5.0},{"damage":37,"enemies":"The Guardian","floor":16,"turns":10},{"damage":12,"enemies":"2 Thieves","floor":18,"turns":4},{"damage":0,"enemies":"Spheric Guardian","floor":20,"turns":3},{"damage":24,"enemies":"Shelled Parasite and Fungi","floor":21,"turns":7},{"damage":39,"enemies":"Gremlin Leader","floor":23,"turns":6},{"damage":15,"enemies":"Snake Plant","floor":24,"turns":2},{"damage":7,"enemies":"3 Cultists","floor":29,"turns":4},{"damage":10,"enemies":"Sentry and Sphere","floor":30,"turns":4},{"damage":0,"enemies":"Slavers","floor":31,"turns":2},{"damage":45,"enemies":"Pondfish","floor":33,"turns":8},{"damage":5,"enemies":"3 Shapes","floor":35,"turns":5},{"damage":14,"enemies":"Orb Walker","floor":38,"turns":4},{"damage":32,"enemies":"Nemesis","floor":41,"turns":8},{"damage":41,"enemies":"Reptomancer","floor":44,"turns":6},{"damage":7,"enemies":"Writhing Mass","floor":45,"turns":5},{"damage":76,"enemies":"Maw","floor":46,"turns":9},{"damage":84,"enemies":"Awakened One","floor":50,"turns":8}],"seed_played":"-3987675223834842221","potions_obtained":[{"floor":1.0,"key":"Flashbang"},{"floor":16,"key":"SkillPotion"},{"floor":24,"key":"Weak Potion"},{"floor":29,"key":"SpeedPotion"},{"floor":35,"key":"SteroidPotion"}],"is_trial":false,"path_per_floor":["M","M","M","T","?","R","$","R","T","R","E","M","?","$","R","B",null,"M","?","M","M","?","E","M","$","T","?","R","M","M","E","R","B",null,"M","$","?","M","T","R","E","?","T","E","M","M","?","?","R","B"],"character_chosen":"DOCTOR_CLASS","items_purchased":["ats:Burning Ground"],"campfire_rested":0,"item_purchase_floors":[25],"current_hp_per_floor":[72,65,61,61,54,54,54,54,68,68,55,62,62,62,62,56,86,81,81,81,70,70,36,22,22,22,22,22,20,12,12,37,10,86,81,81,81,75,75,75,63,63,63,34,40,32,32,32,32,0,0],"gold":277,"neow_bonus":"RANDOM_COMMON_RELIC","is_daily":false,"chose_seed":false,"campfire_upgraded":6,"win_rate":0.0,"timestamp":1609772099,"path_taken":["M","M","M","?","?","R","?","R","T","R","E","?","?","$","R","BOSS","M","?","M","M","?","E","?","?","T","?","R","M","?","E","R","BOSS","M","$","?","?","?","R","E","?","T","E","?","M","?","?","R","BOSS"],"items_purchased_type":["Card"],"build_version":"2020-12-22","purchased_purges":3,"victory":false,"max_hp_per_floor":[72,72,72,72,72,72,72,72,86,86,86,86,86,86,86,86,86,86,86,86,86,86,86,86,86,86,86,86,86,86,86,86,86,86,86,86,86,86,86,86,86,86,86,86,86,86,86,86,86,86,86],"card_choices":[{"not_picked":["ats:Leaping Hammer","ats:Closed Bolt Burst Fire"],"picked":"ats:Ignite","floor":1.0},{"not_picked":["ats:Explosion Area Strengthen","ats:Durian"],"picked":"ats:Ignite","floor":2.0},{"not_picked":["ats:Collapsing Strike","ats:Leaping Hammer"],"picked":"ats:Shell Defense","floor":3.0},{"not_picked":["ats:Cat Scratch","ats:Powerful Strike"],"picked":"ats:Shell Defense","floor":11.0},{"not_picked":["ats:Consecutive Shot Auto","ats:Childhood Dance"],"picked":"ats:Powerful Strike","floor":12.0},{"not_picked":["ats:Shadow Assault","ats:Soul Rend"],"picked":"ats:Calcification","floor":16},{"not_picked":["ats:Consecutive Shot Auto","ats:Directed Diagnosis","ats:Apocalypse"],"picked":"SKIP","floor":18},{"not_picked":[],"picked":"ats:Echo Reverb","floor":19},{"not_picked":["ats:Part Time Job","ats:Ignite"],"picked":"ats:Very Hot Blade","floor":20},{"not_picked":["ats:Apocalypse","ats:Flexible Camouflage+1","ats:Guardian Obelisk"],"picked":"SKIP","floor":21},{"not_picked":["ats:Explosion Area Strengthen+1","ats:Red Shift","ats:Leaping Hammer+1"],"picked":"SKIP","floor":23},{"not_picked":["ats:Ignite","ats:Childhood Dance","ats:Part Time Job"],"picked":"SKIP","floor":24},{"not_picked":["ats:Encircling Forest","ats:Powerful Strike","ats:Leaping Hammer"],"picked":"SKIP","floor":29},{"not_picked":["ats:Automatic Cover+1","ats:Powerful Strike","ats:Spore Proliferation"],"picked":"SKIP","floor":30},{"not_picked":["ats:Red Shift","ats:Powerful Strike"],"picked":"ats:Volcano","floor":31},{"not_picked":["ats:Assault Order","ats:Cat Scratch","ats:Shell Defense"],"picked":"SKIP","floor":35},{"not_picked":["ats:LN2 Cannon","ats:Demon Strength+1","ats:Apocalypse+1"],"picked":"SKIP","floor":38},{"not_picked":["ats:Curse Doll","ats:Assault Order+1","ats:Shadow Assault"],"picked":"SKIP","floor":41},{"not_picked":["ats:Powerful Strike+1","ats:Beaten Up","ats:Rat Pack"],"picked":"SKIP","floor":44},{"not_picked":["ats:Childhood Dance","ats:Part Time Job","ats:Leaping Hammer+1"],"picked":"SKIP","floor":45},{"not_picked":["ats:Consecutive Shot Auto","ats:Echo Reverb","ats:Flexible Camouflage"],"picked":"SKIP","floor":46}],"player_experience":630423,"relics_obtained":[{"floor":4.0,"key":"DemoMod:ChaffGrenade"},{"floor":9.0,"key":"Mango"},{"floor":11.0,"key":"ats:Originium"},{"floor":11.0,"key":"Akabeko"},{"floor":23,"key":"ats:Originium"},{"floor":23,"key":"Bottled Lightning"},{"floor":26,"key":"Mercury Hourglass"},{"floor":31,"key":"ats:Originium"},{"floor":31,"key":"Chameleon Ring"},{"floor":41,"key":"Quantum Egg"},{"floor":41,"key":"Toy Ornithopter"},{"floor":43,"key":"Centennial Puzzle"},{"floor":44,"key":"MawBank"},{"floor":44,"key":"Lizard Tail"}],"event_choices":[{"cards_removed":["ats:Strike G"],"damage_healed":0.0,"max_hp_gain":0.0,"max_hp_loss":0.0,"gold_gain":0.0,"event_name":"Golden Wing","player_choice":"Card Removal","floor":5.0,"gold_loss":0.0,"damage_taken":7.0},{"cards_removed":["ats:Defend"],"damage_healed":0,"gold_gain":0,"player_choice":"Offered Basic","damage_taken":0,"max_hp_gain":0,"max_hp_loss":0,"event_name":"Bonfire Elementals","floor":22,"gold_loss":0},{"damage_healed":0,"gold_gain":0,"player_choice":"Gave Potion","damage_taken":0,"relics_obtained":["ats:Industrial Water Cannon"],"max_hp_gain":0,"max_hp_loss":0,"event_name":"WeMeetAgain","floor":27,"gold_loss":0},{"damage_healed":0,"gold_gain":0,"player_choice":"Copied","damage_taken":0,"max_hp_gain":0,"max_hp_loss":0,"event_name":"Duplicator","floor":37,"gold_loss":0,"cards_obtained":["ats:Burning Ground"]},{"cards_removed":["ats:Defend"],"damage_healed":0,"gold_gain":0,"player_choice":"Upgrade and Remove","damage_taken":0,"max_hp_gain":0,"max_hp_loss":0,"event_name":"Designer","floor":42,"gold_loss":90,"cards_upgraded":["ats:Shell Defense"]},{"damage_healed":0,"gold_gain":0,"player_choice":"Ignored","damage_taken":0,"max_hp_gain":0,"max_hp_loss":0,"event_name":"Mysterious Sphere","floor":47,"gold_loss":0},{"damage_healed":0,"gold_gain":0,"player_choice":"Ignored","damage_taken":0,"max_hp_gain":0,"max_hp_loss":0,"event_name":"OrinTheCat","floor":48,"gold_loss":0}],"is_beta":false,"boss_relics":[{"not_picked":["Sozu","Philosopher\u0027s Stone"],"picked":"SacredBark"},{"not_picked":["ChewingGum","Replay:Wanted Poster"],"picked":"Black Star"}],"items_purged_floors":[7,14,36],"is_endless":false,"potions_floor_spawned":[1,16,18,24,29,35],"killed_by":"Awakened One","ascension_level":1}}