{"host":"v4pe0ixo3k7iwzp0","time":1609751039,"event":{"mods":["Ascension Reborn","BaseMod","Bestiary","Highlight Path","Minty Spire (QoL Compilation)","StSLib","The Marked"],"gold_per_floor":[109,122,122,50,64,64,81,111,111,73,89,89,109,122,122,226,226,245,170,190,42,42,42,55,69,94,94,111,111,122,52,52,52,52],"floor_reached":33,"playtime":1925,"items_purged":["theMarked:Strike+1","theMarked:Strike+1"],"score":251,"play_id":"81ab69f2-2f3a-447c-bc86-24e8a833776e","local_time":"20210104010359","is_ascension_mode":true,"campfire_choices":[{"data":"theMarked:SoldierOfQuellstein","floor":6.0,"key":"SMITH"},{"floor":12.0,"key":"REST"},{"floor":15.0,"key":"REST"},{"floor":23.0,"key":"REST"},{"data":"theMarked:EternalStudent","floor":27,"key":"SMITH"},{"floor":32,"key":"REST"}],"circlet_count":0,"master_deck":["theMarked:Strike+1","theMarked:Strike+1","theMarked:Strike+1","theMarked:Defend+1","theMarked:Defend+1","theMarked:Defend+1","theMarked:Defend+1","theMarked:SoldierOfQuellstein+1","theMarked:BanishingStrike","theMarked:ResourceFulStrike","theMarked:SoldierOfQuellstein+1","theMarked:SoldierForm","theMarked:Improvise","theMarked:EmpowerWeapon","theMarked:BindingBlade","theMarked:ComboAttacks","theMarked:ResourceFulStrike","theMarked:ParalyzingBlade","theMarked:RepellingDischarge","theMarked:EternalStudent+1","theMarked:SwordAndMagic","theMarked:Polarize","theMarked:HeightenedSenses","theMarked:TwofoldDefense+1","theMarked:EmpowerWeapon"],"relics":["theMarked:ArtifactOfAir","Boot","Happy Flower","Velvet Choker","Omamori","Necronomicon"],"acts_visited":["Exordium","TheCity"],"potions_floor_usage":[24,30,30,30,33],"damage_taken":[{"damage":0.0,"enemies":"Small Slimes","floor":1.0,"turns":2.0},{"damage":0.0,"enemies":"Cultist","floor":2.0,"turns":3.0},{"damage":2.0,"enemies":"Jaw Worm","floor":5.0,"turns":4.0},{"damage":5.0,"enemies":"2 Fungi Beasts","floor":7.0,"turns":3.0},{"damage":14.0,"enemies":"Gremlin Nob","floor":8.0,"turns":3.0},{"damage":13.0,"enemies":"Exordium Wildlife","floor":11.0,"turns":3.0},{"damage":12.0,"enemies":"Blue Slaver","floor":13.0,"turns":3.0},{"damage":0.0,"enemies":"Large Slime","floor":14.0,"turns":4.0},{"damage":10.0,"enemies":"Slime Boss","floor":16.0,"turns":4.0},{"damage":12.0,"enemies":"Shell Parasite","floor":18.0,"turns":4.0},{"damage":15.0,"enemies":"3 Byrds","floor":20.0,"turns":5.0},{"damage":7,"enemies":"3 Cultists","floor":24,"turns":6},{"damage":5,"enemies":"Chosen and Byrds","floor":25,"turns":4},{"damage":4,"enemies":"Cultist and Chosen","floor":28,"turns":5},{"damage":30,"enemies":"Centurion and Healer","floor":30,"turns":4},{"damage":64,"enemies":"Automaton","floor":33,"turns":6}],"seed_played":"87404543407669577","potions_obtained":[{"floor":1.0,"key":"Fire Potion"},{"floor":8.0,"key":"Swift Potion"},{"floor":14.0,"key":"LiquidBronze"},{"floor":16.0,"key":"Regen Potion"},{"floor":18.0,"key":"BlessingOfTheForge"},{"floor":20.0,"key":"SkillPotion"},{"floor":28,"key":"SteroidPotion"}],"is_trial":true,"path_per_floor":["M","M","?","$","M","R","M","E","T","$","M","R","M","M","R","B",null,"M","$","M","$","?","R","M","M","T","R","M","?","M","$","R","B"],"character_chosen":"THE_DEFAULT","items_purchased":["theMarked:SoldierForm","theMarked:ComboAttacks","Block Potion","theMarked:EmpowerWeapon","Energy Potion"],"campfire_rested":4,"item_purchase_floors":[4,10,21,31,31],"current_hp_per_floor":[70,70,70,70,68,68,63,49,49,49,36,57,45,45,66,56,70,58,58,55,55,55,70,63,58,58,58,54,38,8,8,29,0,0],"gold":52,"neow_bonus":"","is_daily":false,"chose_seed":false,"campfire_upgraded":2,"win_rate":0.0,"timestamp":1609751039,"path_taken":["M","M","?","$","M","R","M","E","T","$","M","R","M","M","R","BOSS","M","$","M","?","?","R","M","M","T","R","M","?","M","$","R","BOSS"],"items_purchased_type":["Card","Card","Potion","Card","Potion"],"build_version":"2020-12-22","purchased_purges":2,"victory":false,"max_hp_per_floor":[70,70,70,70,70,70,70,70,70,70,70,70,70,70,70,70,70,70,70,70,70,70,70,70,70,70,70,70,70,70,70,70,70,70],"card_choices":[{"not_picked":["theMarked:Frustration","theMarked:ResourceFulStrike"],"picked":"theMarked:BanishingStrike","floor":1.0},{"not_picked":["theMarked:Parkour","theMarked:HeritageOfTheMarked"],"picked":"theMarked:ResourceFulStrike","floor":2.0},{"not_picked":["theMarked:Opportunist","theMarked:Parkour"],"picked":"theMarked:Improvise","floor":5.0},{"not_picked":["theMarked:MuscleMemory","theMarked:SelfDefenseTraining"],"picked":"theMarked:EmpowerWeapon","floor":7.0},{"not_picked":["theMarked:MagicAdept","theMarked:Opportunist"],"picked":"theMarked:BindingBlade","floor":8.0},{"not_picked":["theMarked:RogueSparks","theMarked:Static"],"picked":"theMarked:ResourceFulStrike","floor":11.0},{"not_picked":["theMarked:Indomitable","theMarked:TakeCover"],"picked":"theMarked:ParalyzingBlade","floor":13.0},{"not_picked":["theMarked:Parkour","theMarked:ResourceFulStrike"],"picked":"theMarked:RepellingDischarge","floor":14.0},{"not_picked":["theMarked:BindingBlade","theMarked:MagicAdept"],"picked":"theMarked:EternalStudent","floor":16.0},{"not_picked":["theMarked:BanishingStrike","theMarked:Static"],"picked":"theMarked:SwordAndMagic","floor":18.0},{"not_picked":["theMarked:Parkour","theMarked:WastefulAttack","theMarked:MaelstromOfLightning"],"picked":"SKIP","floor":20.0},{"not_picked":["theMarked:WastefulDefense","theMarked:TakeCover","theMarked:Generate"],"picked":"SKIP","floor":24},{"not_picked":["theMarked:BanishingStrike","theMarked:Snap"],"picked":"theMarked:Polarize","floor":25},{"not_picked":["theMarked:Static","theMarked:ElectricStrings"],"picked":"theMarked:HeightenedSenses","floor":28},{"not_picked":["theMarked:PowerFlow","theMarked:TunnelVision"],"picked":"theMarked:TwofoldDefense+1","floor":30}],"player_experience":93618,"relics_obtained":[{"floor":8.0,"key":"Boot"},{"floor":9.0,"key":"Happy Flower"},{"floor":26,"key":"Omamori"},{"floor":29,"key":"Necronomicon"}],"event_choices":[{"damage_healed":0.0,"max_hp_gain":0.0,"max_hp_loss":0.0,"gold_gain":0.0,"event_name":"Match and Keep!","player_choice":"1 cards matched","floor":3.0,"gold_loss":0.0,"damage_taken":0.0,"cards_obtained":["theMarked:SoldierOfQuellstein"]},{"damage_healed":0.0,"max_hp_gain":0.0,"max_hp_loss":0.0,"gold_gain":0.0,"event_name":"Ghosts","player_choice":"Ignored","floor":22.0,"gold_loss":0.0,"damage_taken":0.0},{"damage_healed":0,"gold_gain":0,"player_choice":"Obtained Book","damage_taken":16,"max_hp_gain":0,"max_hp_loss":0,"event_name":"Cursed Tome","floor":29,"gold_loss":0}],"is_beta":false,"boss_relics":[{"not_picked":["Fusion Hammer","Sozu"],"picked":"Velvet Choker"}],"items_purged_floors":[19,21],"is_endless":false,"potions_floor_spawned":[1,8,14,16,18,20,28],"killed_by":"Automaton","ascension_level":0}}