{"host":"qheym18ww6mhskxf","time":1609769284,"event":{"mods":["BaseMod","CapriCore","Friendly Minions","GungeonMod","KOR Keyword Fix","Minty Spire (QoL Compilation)","Prisma Mod","Quick Restart","RRrroohrrRGHHhhh!!","Rare Cards Sparkle","Shop Mod","Spicy Shops","StSLib","Username Fix"],"gold_per_floor":[109,109,124,124,144,144,144,144],"floor_reached":7,"playtime":113,"items_purged":[],"score":132,"play_id":"790182d8-3003-4178-93ca-d9e0fbf9af59","local_time":"20210104230804","daily_mods":["Time Dilation","Flight","DeadlyEvents","Elite Swarm"],"is_ascension_mode":true,"campfire_choices":[{"data":"PrismaMod:IllyaGun","floor":6,"key":"SMITH"}],"circlet_count":0,"master_deck":["Strike_R","Strike_R","Strike_R","Strike_R","Strike_R","Defend_R","Defend_R","Defend_R","Defend_R","Pain","PrismaMod:IllyaGun+1"],"relics":["Burning Blood","WarpedTongs","DemoMod:GlassGuonStoneRelic"],"acts_visited":["Exordium"],"potions_floor_usage":[],"damage_taken":[{"damage":9,"enemies":"Jaw Worm","floor":1,"turns":4},{"damage":4,"enemies":"Small Slimes","floor":3,"turns":4},{"damage":10,"enemies":"Cultist","floor":5,"turns":3},{"damage":0,"enemies":"3 Sentries","floor":7,"turns":1}],"seed_played":"4262307210512288934","potions_obtained":[],"is_trial":true,"path_per_floor":["M","?","M","?","M","R","E"],"character_chosen":"IRONCLAD","items_purchased":[],"campfire_rested":0,"item_purchase_floors":[],"current_hp_per_floor":[69,62,64,64,60,60,60,60],"gold":144,"neow_bonus":"","is_daily":false,"chose_seed":false,"campfire_upgraded":1,"win_rate":0.0,"timestamp":1609769284,"path_taken":["M","?","M","?","?","R","?"],"items_purchased_type":[],"build_version":"2020-12-22","purchased_purges":0,"victory":false,"max_hp_per_floor":[80,80,80,80,80,80,80,80],"card_choices":[{"not_picked":["PrismaMod:IllyaPartialInstallAssassin","PrismaMod:IllyaUpgradeOrbs","Combust"],"picked":"SKIP","floor":1},{"not_picked":["Wild Strike","PrismaMod:IllyaPoisonTippedWeapons","PrismaMod:IllyaUncommonAttack"],"picked":"SKIP","floor":3},{"not_picked":["Perfected Strike","PrismaMod:IllyaPoisonBlock"],"picked":"PrismaMod:IllyaGun","floor":5}],"player_experience":508103,"relics_obtained":[],"event_choices":[{"cards_removed":["Bash"],"damage_healed":0,"gold_gain":0,"player_choice":"Card Removal","damage_taken":7,"max_hp_gain":0,"max_hp_loss":0,"event_name":"Golden Wing","floor":2,"gold_loss":0},{"damage_healed":0,"gold_gain":0,"player_choice":"Rummage","damage_taken":0,"relics_obtained":["WarpedTongs"],"max_hp_gain":0,"max_hp_loss":0,"event_name":"Accursed Blacksmith","floor":4,"gold_loss":0,"cards_obtained":["Pain"]}],"is_beta":false,"boss_relics":[],"items_purged_floors":[],"is_endless":true,"potions_floor_spawned":[],"killed_by":"3 Sentries","ascension_level":9}}