{"host":"9tch52zpouts7b2p","time":1609741652,"event":{"mods":["BaseMod","Colored Map","Minty Spire (QoL Compilation)","StSLib","UnlockEverythingMod"],"gold_per_floor":[114,114,114,128,142,142,167,6,6,6,6,39,75,91,91,215,278,303,303,328,214,198,198,222,245,245,90,90,90,115,115,115,234,234,250,266,279,279,279,279,279,295,344,377,377,9,22,22,22,22,22],"floor_reached":50,"playtime":3158,"items_purged":["Strike_B","Injury"],"score":567,"play_id":"fd85630a-4d84-41d7-8841-7137fe2480e6","local_time":"20210104142732","is_ascension_mode":true,"campfire_choices":[{"floor":6.0,"key":"REST"},{"floor":10.0,"key":"REST"},{"floor":15.0,"key":"REST"},{"floor":23.0,"key":"REST"},{"floor":28.0,"key":"REST"},{"floor":32.0,"key":"REST"},{"floor":41.0,"key":"REST"},{"floor":49,"key":"REST"}],"circlet_count":0,"master_deck":["Defend_B","Defend_B","Defend_B","Defend_B","Zap","Dualcast","Apotheosis+1","Barrage+1","Glacier","Turbo","FTL","Echo Form","Electrodynamics","Blizzard","Double Energy","Force Field","Glacier","All For One","Stack","Hologram","Capacitor","Defragment","Lockon+1","Sunder","White Noise","Aggregate","Self Repair","White Noise","Core Surge","Hologram+1","Storm+1","All For One+1","Conserve Battery+1","Turbo+1","Melter","Heatsinks+1","Scrape+1","Madness","Madness","BootSequence+1","Auto Shields","Self Repair"],"relics":["Cracked Core","Golden Idol","Prayer Wheel","Odd Mushroom","FossilizedHelix","Tiny House","Bronze Scales","Juzu Bracelet","DollysMirror","Kunai","Astrolabe","Regal Pillow","Potion Belt","Blood Vial"],"acts_visited":["Exordium","TheCity","TheBeyond"],"potions_floor_usage":[47,50],"damage_taken":[{"damage":9.0,"enemies":"Jaw Worm","floor":1.0,"turns":3.0},{"damage":11.0,"enemies":"2 Louse","floor":4.0,"turns":3.0},{"damage":0.0,"enemies":"Cultist","floor":5.0,"turns":2.0},{"damage":22.0,"enemies":"Large Slime","floor":7.0,"turns":5.0},{"damage":1.0,"enemies":"The Mushroom Lair","floor":12.0,"turns":2.0},{"damage":14.0,"enemies":"Gremlin Nob","floor":13.0,"turns":4.0},{"damage":0.0,"enemies":"2 Fungi Beasts","floor":14.0,"turns":3.0},{"damage":5.0,"enemies":"Slime Boss","floor":16.0,"turns":9.0},{"damage":24.0,"enemies":"3 Byrds","floor":18.0,"turns":3.0},{"damage":19.0,"enemies":"2 Thieves","floor":22.0,"turns":4.0},{"damage":40.0,"enemies":"Snake Plant","floor":24.0,"turns":3.0},{"damage":0.0,"enemies":"Chosen and Byrds","floor":25.0,"turns":6.0},{"damage":18.0,"enemies":"Shelled Parasite and Fungi","floor":30.0,"turns":6.0},{"damage":10.0,"enemies":"Automaton","floor":33.0,"turns":8.0},{"damage":9.0,"enemies":"3 Shapes","floor":35.0,"turns":5.0},{"damage":11.0,"enemies":"Orb Walker","floor":36.0,"turns":3.0},{"damage":10.0,"enemies":"Spire Growth","floor":37.0,"turns":5.0},{"damage":44.0,"enemies":"3 Darklings","floor":42.0,"turns":5.0},{"damage":57,"enemies":"Nemesis","floor":44,"turns":7},{"damage":0,"enemies":"Writhing Mass","floor":47,"turns":7},{"damage":64,"enemies":"Awakened One","floor":50,"turns":4}],"seed_played":"-7997221694057944685","potions_obtained":[{"floor":7.0,"key":"Fruit Juice"},{"floor":12.0,"key":"Weak Potion"},{"floor":17.0,"key":"Strength Potion"},{"floor":22.0,"key":"SkillPotion"},{"floor":24.0,"key":"EntropicBrew"},{"floor":30.0,"key":"EssenceOfDarkness"},{"floor":37.0,"key":"Ancient Potion"},{"floor":44,"key":"SneckoOil"}],"is_trial":false,"path_per_floor":["M","?","?","M","M","R","M","$","T","R","?","?","E","M","R","B",null,"M","?","T","$","M","R","M","M","T","$","R","T","M","?","R","B",null,"M","M","M","?","?","?","R","M","T","E","?","$","M","$","R","B"],"character_chosen":"DEFECT","items_purchased":["Echo Form","Defragment","DollysMirror","Blood Vial","Self Repair","AttackPotion"],"campfire_rested":8,"item_purchase_floors":[8,21,27,46,46,46],"current_hp_per_floor":[59,59,59,48,48,68,46,46,46,66,66,65,51,51,68,63,73,54,54,54,54,35,58,18,18,18,18,41,41,23,23,46,36,78,69,65,62,62,52,52,75,31,31,5,5,5,21,21,59,0,0],"gold":22,"neow_bonus":"RANDOM_COLORLESS_2","is_daily":false,"chose_seed":false,"campfire_upgraded":0,"win_rate":0.0,"timestamp":1609741652,"path_taken":["M","?","?","?","M","R","M","$","T","R","?","?","E","M","R","BOSS","M","?","?","?","M","R","M","M","T","?","R","?","M","?","R","BOSS","M","M","M","?","?","?","R","M","T","E","?","$","M","?","R","BOSS"],"items_purchased_type":["Card","Card","Relic","Relic","Card","Potion"],"build_version":"2020-12-22","purchased_purges":2,"victory":false,"max_hp_per_floor":[68,68,68,68,68,68,68,68,68,68,68,68,68,68,68,68,73,78,78,78,78,78,78,78,78,78,78,78,78,78,78,78,78,78,78,78,78,78,78,78,78,78,78,78,78,78,78,78,78,78,78],"card_choices":[{"not_picked":["Mayhem","Master of Strategy"],"picked":"Apotheosis","floor":0.0},{"not_picked":["FTL","Cold Snap"],"picked":"Barrage","floor":1.0},{"not_picked":["Chill","Genetic Algorithm"],"picked":"Glacier","floor":4.0},{"not_picked":["Cold Snap","Barrage"],"picked":"Turbo","floor":5.0},{"not_picked":["Streamline","Barrage"],"picked":"FTL","floor":7.0},{"not_picked":["Steam","Hologram"],"picked":"Blizzard","floor":12.0},{"not_picked":["Streamline","Steam"],"picked":"Double Energy","floor":13.0},{"not_picked":["Turbo","Consume"],"picked":"Force Field","floor":14.0},{"not_picked":["Ball Lightning","Cold Snap"],"picked":"Glacier","floor":14.0},{"not_picked":["Thunder Strike","Buffer"],"picked":"All For One","floor":16.0},{"not_picked":["Barrage","Lockon+1"],"picked":"Stack","floor":18.0},{"not_picked":["Chaos","Steam+1"],"picked":"Hologram","floor":18.0},{"not_picked":["Ball Lightning","Streamline"],"picked":"Lockon+1","floor":22.0},{"not_picked":["Compile Driver","Fusion","Blizzard+1"],"picked":"SKIP","floor":22.0},{"not_picked":["Steam+1","Undo"],"picked":"Sunder","floor":24.0},{"not_picked":["Chill","Hologram"],"picked":"White Noise","floor":24.0},{"not_picked":["Sunder","Coolheaded"],"picked":"Aggregate","floor":25.0},{"not_picked":["FTL","All For One","Barrage+1"],"picked":"SKIP","floor":25.0},{"not_picked":["Scrape+1","Rebound"],"picked":"Self Repair","floor":30.0},{"not_picked":["Heatsinks+1","Beam Cell"],"picked":"White Noise","floor":30.0},{"not_picked":["Thunder Strike","Rainbow"],"picked":"Core Surge","floor":33.0},{"not_picked":["Barrage+1","Steam Power"],"picked":"Conserve Battery+1","floor":35.0},{"not_picked":["Hologram","Reprogram+1"],"picked":"Turbo+1","floor":35.0},{"not_picked":["Defragment","Storm"],"picked":"Melter","floor":36.0},{"not_picked":["Force Field","Compile Driver+1","Fusion+1"],"picked":"SKIP","floor":36.0},{"not_picked":["Turbo","Sweeping Beam+1"],"picked":"Heatsinks+1","floor":37.0},{"not_picked":["Gash","Cold Snap"],"picked":"Scrape+1","floor":37.0},{"not_picked":["Gash","Leap"],"picked":"BootSequence+1","floor":42.0},{"not_picked":["Stack+1","Barrage"],"picked":"Auto Shields","floor":42.0},{"not_picked":["Sweeping Beam+1","Hello World+1","Leap"],"picked":"SKIP","floor":44},{"not_picked":["Ball Lightning+1","Leap+1","Barrage"],"picked":"SKIP","floor":47},{"not_picked":["Aggregate+1","Sweeping Beam","Gash+1"],"picked":"SKIP","floor":47}],"player_experience":122064,"relics_obtained":[{"floor":9.0,"key":"Prayer Wheel"},{"floor":12.0,"key":"Odd Mushroom"},{"floor":13.0,"key":"FossilizedHelix"},{"floor":20.0,"key":"Bronze Scales"},{"floor":26.0,"key":"Juzu Bracelet"},{"floor":29.0,"key":"Kunai"},{"floor":43.0,"key":"Regal Pillow"},{"floor":44,"key":"Potion Belt"}],"event_choices":[{"damage_healed":0.0,"max_hp_gain":0.0,"max_hp_loss":0.0,"gold_gain":0.0,"event_name":"Golden Idol","player_choice":"Take Wound","floor":2.0,"gold_loss":0.0,"damage_taken":0.0,"relics_obtained":["Golden Idol"],"cards_obtained":["Injury"]},{"damage_healed":0.0,"max_hp_gain":0.0,"max_hp_loss":0.0,"gold_gain":0.0,"event_name":"Accursed Blacksmith","player_choice":"Forge","floor":3.0,"gold_loss":0.0,"damage_taken":0.0,"cards_upgraded":["Apotheosis"]},{"damage_healed":0.0,"max_hp_gain":0.0,"max_hp_loss":0.0,"gold_gain":0.0,"cards_transformed":["Strike_B"],"event_name":"Living Wall","player_choice":"Change","floor":11.0,"gold_loss":0.0,"damage_taken":0.0,"cards_obtained":["Electrodynamics"]},{"damage_healed":0.0,"max_hp_gain":0.0,"max_hp_loss":0.0,"gold_gain":0.0,"event_name":"Mushrooms","player_choice":"Fought Mushrooms","floor":12.0,"gold_loss":0.0,"damage_taken":0.0},{"damage_healed":0.0,"max_hp_gain":0.0,"max_hp_loss":0.0,"gold_gain":0.0,"event_name":"The Library","player_choice":"Read","floor":19.0,"gold_loss":0.0,"damage_taken":0.0,"cards_obtained":["Capacitor"]},{"damage_healed":0.0,"max_hp_gain":0.0,"max_hp_loss":0.0,"gold_gain":0.0,"event_name":"Ghosts","player_choice":"Ignored","floor":31.0,"gold_loss":0.0,"damage_taken":0.0},{"damage_healed":0.0,"max_hp_gain":0.0,"max_hp_loss":0.0,"gold_gain":0.0,"event_name":"WeMeetAgain","player_choice":"Ignored","floor":38.0,"gold_loss":0.0,"damage_taken":0.0},{"damage_healed":0.0,"max_hp_gain":0.0,"max_hp_loss":0.0,"gold_gain":0.0,"event_name":"Winding Halls","player_choice":"Embrace Madness","floor":39.0,"gold_loss":0.0,"damage_taken":10.0,"cards_obtained":["Madness","Madness"]},{"damage_healed":0.0,"max_hp_gain":0.0,"max_hp_loss":0.0,"gold_gain":0.0,"event_name":"Tomb of Lord Red Mask","player_choice":"Ignored","floor":40.0,"gold_loss":0.0,"damage_taken":0.0},{"damage_healed":0,"gold_gain":0,"player_choice":"Ignored","damage_taken":0,"max_hp_gain":0,"max_hp_loss":0,"event_name":"Mysterious Sphere","floor":45,"gold_loss":0}],"is_beta":false,"boss_relics":[{"not_picked":["Runic Pyramid","Philosopher\u0027s Stone"],"picked":"Tiny House"},{"not_picked":["SacredBark","Empty Cage"],"picked":"Astrolabe"}],"items_purged_floors":[21,46],"is_endless":false,"potions_floor_spawned":[7,12,22,24,30,37,44],"killed_by":"Awakened One","ascension_level":2}}