{"host":"7trwizmysqu3yl6m","time":1609797456,"event":{"mods":["Act Like it!","BaseMod","Downfall","Hallownest","Minty Spire (QoL Compilation)","StSLib","The Animator","The Bug Knight"],"gold_per_floor":[99,119,119,119,130,280,280,280,280,307,318,341,266,266,284,383,383,383,383,483,498,259,274,274,199,199,124,157,42,57,7,19,116,116,116,131,149,149,167,215,285,285,142,174,174,202,217,237,256,256,256],"floor_reached":50,"playtime":3405,"items_purged":["Slimebound:Icky","Pain","sneckomod:SnekBite"],"score":643,"play_id":"c646947b-75f1-4db0-9ae0-694c8c4890b9","local_time":"20210104225736","is_ascension_mode":false,"campfire_choices":[{"data":"sneckomod:Unknown","floor":1,"key":"SMITH"},{"data":"sneckomod:UnknownEthereal","floor":8,"key":"SMITH"},{"floor":13,"key":"REST"},{"data":"sneckomod:Unknown","floor":18,"key":"SMITH"},{"floor":25,"key":"RECALL"},{"data":"sneckomod:Nope","floor":27,"key":"SMITH"},{"data":"sneckomod:UnlimitedRolls","floor":35,"key":"SMITH"},{"data":"sneckomod:UnknownClassTHE_CHAMP_GRAY","floor":45,"key":"SMITH"}],"circlet_count":0,"master_deck":["sneckomod:TailWhip+1","sneckomod:Unknown+1","sneckomod:Unknown+1","sneckomod:DiceBoulder+1","sneckomod:UnknownEthereal+1","sneckomod:Restock+1","sneckomod:ImprovisedAttack","sneckomod:UnlimitedRolls+1","sneckomod:UnknownClassHEXA_GHOST_PURPLE+1","sneckomod:DiceCrush+1","sneckomod:Restock+1","sneckomod:DiceBlock","sneckomod:UnknownClassPURPLE+1","sneckomod:Nope+1","sneckomod:Nope+1","sneckomod:UnknownClassTHE_CHAMP_GRAY+1","sneckomod:UnknownRarePower"],"relics":["sneckomod:SneckoSoul","Singing Bowl","Orichalcum","Juzu Bracelet","downfall:HeartBlessingGreen","Astrolabe","Girya","Eternal Feather","Akabeko","downfall:HeartBlessingBlue","WarpedTongs","downfall:HeartBlessingRed","Dream Catcher","Sozu","Whetstone","Kunai","War Paint","Bronze Scales","Ornamental Fan"],"acts_visited":["Exordium","TheCity","TheBeyond"],"potions_floor_usage":[16,16,16,29,29,46],"damage_taken":[{"damage":5,"enemies":"2 Louse","floor":2,"turns":2},{"damage":1,"enemies":"Jaw Worm","floor":5,"turns":3},{"damage":0,"enemies":"Cultist","floor":9,"turns":1},{"damage":61,"enemies":"3 Sentries","floor":10,"turns":14},{"damage":28,"enemies":"Exordium Wildlife","floor":11,"turns":8},{"damage":0,"enemies":"3 Louse","floor":15,"turns":3},{"damage":4,"enemies":"downfall:Watcher","floor":16,"turns":5},{"damage":57,"enemies":"downfall:Ironclad","floor":20,"turns":8},{"damage":3,"enemies":"Chosen","floor":21,"turns":2},{"damage":0,"enemies":"downfall:FleeingMerchant","floor":22,"turns":4},{"damage":4,"enemies":"3 Byrds","floor":23,"turns":5},{"damage":13,"enemies":"HollowMod:Nosk","floor":28,"turns":4},{"damage":11,"enemies":"downfall:FleeingMerchant","floor":29,"turns":4},{"damage":6,"enemies":"Snake Plant","floor":30,"turns":4},{"damage":0,"enemies":"Shelled Parasite and Fungi","floor":32,"turns":2},{"damage":10,"enemies":"downfall:Defect","floor":33,"turns":6},{"damage":0,"enemies":"3 Darklings","floor":36,"turns":1},{"damage":12,"enemies":"Orb Walker","floor":37,"turns":3},{"damage":14,"enemies":"Sphere and 2 Shapes","floor":39,"turns":3},{"damage":0,"enemies":"downfall:FleeingMerchant","floor":40,"turns":2},{"damage":0,"enemies":"Giant Head","floor":44,"turns":5},{"damage":43,"enemies":"Reptomancer","floor":46,"turns":5},{"damage":14,"enemies":"Jaw Worm Horde","floor":47,"turns":4},{"damage":0,"enemies":"Spire Growth","floor":48,"turns":2},{"damage":0,"enemies":"3 Darklings","floor":49,"turns":2},{"damage":76,"enemies":"downfall:Silent","floor":50,"turns":9}],"seed_played":"-4561250779813061692","potions_obtained":[{"floor":2,"key":"FearPotion"},{"floor":10,"key":"BlessingOfTheForge"},{"floor":15,"key":"Slimebound:ThreeZeroPotion"},{"floor":21,"key":"FearPotion"},{"floor":28,"key":"ColorlessPotion"},{"floor":33,"key":"hexamod:EctoCoolerPotion"}],"is_trial":false,"path_per_floor":["R","M","?","?","M","?","T","R","M","E","M","T","R","?","M","B",null,"R","?","?","M","$","M","T","R","?","R","E","$","M","?","M","B",null,"R","M","M","?","M","$","T","?","$","E","R","E","M","M","M","B"],"character_chosen":"THE_SNECKO","items_purchased":["Akabeko","Whetstone","War Paint"],"campfire_rested":1,"item_purchase_floors":[22,40,43],"current_hp_per_floor":[99,94,94,94,94,94,94,94,96,35,9,9,40,74,74,70,105,105,106,49,46,47,45,45,64,64,73,62,53,49,90,92,83,128,128,130,120,120,108,110,110,110,110,112,121,80,68,70,72,0,0],"gold":256,"neow_bonus":"TEN_PERCENT_HP_BONUS","is_daily":false,"chose_seed":false,"campfire_upgraded":6,"win_rate":0.0,"timestamp":1609797456,"path_taken":["R","M","?","?","M","?","T","R","M","E","M","?","R","?","M","BOSS","R","?","?","M","$","M","T","R","?","R","E","$","M","?","M","BOSS","R","M","M","?","M","$","T","?","$","E","R","E","M","M","M","BOSS"],"items_purchased_type":["Relic","Relic","Relic"],"build_version":"2020-12-22","purchased_purges":3,"victory":false,"max_hp_per_floor":[99,99,99,99,100,100,100,100,102,102,104,104,104,104,104,104,105,105,106,106,106,107,109,109,119,119,119,121,123,125,125,127,128,128,128,130,132,132,134,136,136,136,136,138,138,140,142,144,146,146,146],"card_choices":[{"not_picked":["sneckomod:QuickMove","sneckomod:RainOfDice"],"picked":"sneckomod:DiceBoulder","floor":2},{"not_picked":["sneckomod:UnknownCommonAttack","sneckomod:WideSting"],"picked":"sneckomod:UnknownEthereal","floor":5},{"not_picked":["sneckomod:Unknown1Cost","sneckomod:DiceCrush","sneckomod:UnknownClassGUARDIAN"],"picked":"Singing Bowl","floor":9},{"not_picked":["sneckomod:UnknownClassTHE_ANIMATOR","sneckomod:TrashToTreasure"],"picked":"sneckomod:Restock","floor":10},{"not_picked":["sneckomod:UnknownClassSLIMEBOUND","sneckomod:UnknownClassBUGKNIGHT_GRAY_COLOR","sneckomod:UnknownX"],"picked":"Singing Bowl","floor":11},{"not_picked":["sneckomod:Unknown0Cost","sneckomod:UnknownClassRED"],"picked":"sneckomod:ImprovisedAttack","floor":15},{"not_picked":["sneckomod:SoulExchange","sneckomod:UnknownRareAttack"],"picked":"sneckomod:UnlimitedRolls","floor":16},{"not_picked":["sneckomod:MasterEye+1","sneckomod:RainOfDice+1"],"picked":"sneckomod:Nope+1","floor":20},{"not_picked":["sneckomod:UnknownBlock","sneckomod:Restock"],"picked":"sneckomod:Nope","floor":21},{"not_picked":["sneckomod:DiceBlock","sneckomod:RainOfDice"],"picked":"sneckomod:UnknownClassTHE_CHAMP_GRAY","floor":22},{"not_picked":["sneckomod:UnknownWeak","sneckomod:SnakeSap","sneckomod:UnknownCommonAttack"],"picked":"Singing Bowl","floor":23},{"not_picked":["sneckomod:UnknownClassGUARDIAN","sneckomod:UnknownBlock","sneckomod:Unknown1Cost"],"picked":"Singing Bowl","floor":28},{"not_picked":["sneckomod:UnknownClassGUARDIAN","sneckomod:UnknownStrike","sneckomod:SoulDraw+1"],"picked":"Singing Bowl","floor":29},{"not_picked":["sneckomod:UnknownClassTHE_CHAMP_GRAY","sneckomod:UnknownClassGUARDIAN","sneckomod:TrashToTreasure"],"picked":"Singing Bowl","floor":30},{"not_picked":["sneckomod:RainOfDice","sneckomod:UnknownVulnerable+1","sneckomod:Unknown1Cost+1"],"picked":"Singing Bowl","floor":32},{"not_picked":["sneckomod:Unknown3Cost","sneckomod:DangerNoodle"],"picked":"sneckomod:UnknownRarePower","floor":33},{"not_picked":["sneckomod:Unknown1Cost+1","sneckomod:UnknownUncommonSkill","sneckomod:DiceCrush"],"picked":"Singing Bowl","floor":36},{"not_picked":["sneckomod:UnknownVulnerable+1","sneckomod:DefensiveFlair+1","sneckomod:DiceCrush+1"],"picked":"Singing Bowl","floor":37},{"not_picked":["expansioncontent:PrepareCrush","expansioncontent:DarkVoid"],"picked":"expansioncontent:Sear","floor":38},{"not_picked":["sneckomod:UnknownClassRED+1","sneckomod:Unknown1Cost+1","sneckomod:DiceBlock+1"],"picked":"Singing Bowl","floor":39},{"not_picked":["sneckomod:UnknownClassBUGKNIGHT_GRAY_COLOR","sneckomod:QuickMove+1","sneckomod:UnknownBlock+1"],"picked":"Singing Bowl","floor":40},{"not_picked":["sneckomod:UnknownX","sneckomod:UnknownClassGUARDIAN","sneckomod:DiceBlock+1"],"picked":"Singing Bowl","floor":44},{"not_picked":["sneckomod:WideSting+1","sneckomod:DiceBoulder+1","sneckomod:UnknownVulnerable"],"picked":"Singing Bowl","floor":46},{"not_picked":["sneckomod:UnknownBlock+1","sneckomod:Mudshield","sneckomod:Unknown1Cost+1"],"picked":"Singing Bowl","floor":47},{"not_picked":["sneckomod:UnknownClassRED","sneckomod:UnknownClassHEXA_GHOST_PURPLE","sneckomod:UnknownBlock"],"picked":"Singing Bowl","floor":48},{"not_picked":["sneckomod:UnknownCommonAttack+1","sneckomod:DiceBlock","sneckomod:DiceCrush+1"],"picked":"Singing Bowl","floor":49}],"player_experience":392409,"relics_obtained":[{"floor":7,"key":"Singing Bowl"},{"floor":10,"key":"Orichalcum"},{"floor":12,"key":"Juzu Bracelet"},{"floor":20,"key":"Girya"},{"floor":20,"key":"Eternal Feather"},{"floor":28,"key":"Dream Catcher"},{"floor":41,"key":"Kunai"},{"floor":44,"key":"Bronze Scales"},{"floor":46,"key":"Ornamental Fan"}],"event_choices":[{"damage_healed":34,"gold_gain":0,"player_choice":"Banana","damage_taken":0,"max_hp_gain":0,"max_hp_loss":0,"event_name":"Big Fish","floor":14,"gold_loss":0},{"damage_healed":0,"gold_gain":0,"cards_transformed":["sneckomod:Defend","sneckomod:Defend"],"player_choice":"Became Test Subject","damage_taken":0,"max_hp_gain":0,"max_hp_loss":0,"event_name":"Drug Dealer","floor":19,"gold_loss":0,"cards_obtained":["sneckomod:DiceBlock","sneckomod:UnknownClassPURPLE"]},{"damage_healed":0,"gold_gain":0,"player_choice":"Rummage","damage_taken":0,"relics_obtained":["WarpedTongs"],"max_hp_gain":0,"max_hp_loss":0,"event_name":"Accursed Blacksmith","floor":26,"gold_loss":0,"cards_obtained":["Pain"]},{"cards_removed":["expansioncontent:Sear"],"damage_healed":0,"gold_gain":0,"player_choice":"Removed Attack","damage_taken":0,"max_hp_gain":0,"max_hp_loss":0,"event_name":"Falling","floor":42,"gold_loss":0}],"is_beta":false,"boss_relics":[{"not_picked":["Philosopher\u0027s Stone","Velvet Choker"],"picked":"Astrolabe"},{"not_picked":["Runic Pyramid","Pandora\u0027s Box"],"picked":"Sozu"}],"items_purged_floors":[22,29,40],"is_endless":false,"potions_floor_spawned":[2,10,15,21,28,33,37,44,47,49],"killed_by":"downfall:Silent","ascension_level":0}}