{"host":"dculp0u5sf459im8","time":1609766816,"event":{"mods":["BaseMod","Downfall","Infinite Spire","Jedi Mod","Minty Spire (QoL Compilation)","Replay The Spire","StSLib","The Bug Knight","The Construct","The Cursed","The Jungle"],"gold_per_floor":[99,117,133,146,160,85,85,85,99,99,99,99,115,25,38,38,38],"floor_reached":16,"playtime":2118,"items_purged":["sneckomod:Strike"],"score":94,"play_id":"014747d8-e988-46fe-aadf-f73ea19909ef","local_time":"20210104212656","is_ascension_mode":false,"campfire_choices":[{"floor":1,"key":"RECALL"},{"data":"sneckomod:TailWhip","floor":6,"key":"SMITH"},{"data":"sneckomod:QuickBite","floor":10,"key":"SMITH"},{"data":"sneckomod:UnknownUncommonPower","floor":12,"key":"SMITH"}],"circlet_count":0,"master_deck":["sneckomod:Strike","sneckomod:Defend","sneckomod:Defend","sneckomod:Defend","sneckomod:TailWhip+1","sneckomod:SnekBite","sneckomod:Unknown","sneckomod:Unknown","sneckomod:UnknownUncommonPower+1","sneckomod:UnknownCommonAttack","sneckomod:TrashToTreasure","sneckomod:ImprovisedGuard","Parasite","sneckomod:QuickBite+1","sneckomod:SnekBeam","sneckomod:UnknownWeak","sneckomod:SoulRoll"],"relics":["sneckomod:SneckoSoul","downfall:HeartBlessingRed","Kunai"],"acts_visited":["Exordium"],"potions_floor_usage":[5,16,16],"damage_taken":[{"damage":5,"enemies":"Cultist","floor":2,"turns":4},{"damage":8,"enemies":"Jaw Worm","floor":3,"turns":2},{"damage":0,"enemies":"2 Louse","floor":4,"turns":2},{"damage":16,"enemies":"Large Slime","floor":5,"turns":6},{"damage":2,"enemies":"Red Slaver","floor":9,"turns":2},{"damage":10,"enemies":"Gremlin Gang","floor":13,"turns":5},{"damage":2,"enemies":"downfall:FleeingMerchant","floor":14,"turns":4},{"damage":6,"enemies":"2 Fungi Beasts","floor":15,"turns":3},{"damage":89,"enemies":"downfall:Defect","floor":16,"turns":9}],"seed_played":"-111165949927273212","potions_obtained":[{"floor":2,"key":"LiquidMemories"},{"floor":13,"key":"Toxic Potion"},{"floor":15,"key":"Venom Potion"}],"is_trial":false,"path_per_floor":["R","M","M","M","M","R","T","?","M","R","?","R","M","$","M","B"],"character_chosen":"THE_SNECKO","items_purchased":[],"campfire_rested":0,"item_purchase_floors":[],"current_hp_per_floor":[99,95,88,88,72,72,72,97,95,95,95,95,95,94,88,0,0],"gold":38,"neow_bonus":"TEN_PERCENT_HP_BONUS","is_daily":false,"chose_seed":false,"campfire_upgraded":3,"win_rate":0.0,"timestamp":1609766816,"path_taken":["R","M","?","M","M","R","T","?","M","R","?","R","M","$","M","BOSS"],"items_purchased_type":[],"build_version":"2020-12-22","purchased_purges":1,"victory":false,"max_hp_per_floor":[99,100,101,101,101,101,101,101,101,101,101,101,101,102,102,102,102],"card_choices":[{"not_picked":["sneckomod:SoulDraw","sneckomod:Nope"],"picked":"sneckomod:UnknownUncommonPower","floor":2},{"not_picked":["sneckomod:SoulDraw","sneckomod:RainOfDice"],"picked":"sneckomod:UnknownCommonAttack","floor":3},{"not_picked":["sneckomod:RainOfDice","sneckomod:Unknown2Cost"],"picked":"sneckomod:TrashToTreasure","floor":4},{"not_picked":["sneckomod:UnknownWeak","sneckomod:UnknownClassBLUE"],"picked":"sneckomod:ImprovisedGuard","floor":5},{"not_picked":["sneckomod:UnknownClassGREEN","sneckomod:SoulRoll"],"picked":"sneckomod:QuickBite","floor":9},{"not_picked":["sneckomod:UnknownClassPURPLE","sneckomod:SerpentIdol"],"picked":"sneckomod:SnekBeam","floor":13},{"not_picked":["sneckomod:DangerNoodle","sneckomod:SoulRoll"],"picked":"sneckomod:UnknownWeak","floor":14},{"not_picked":["sneckomod:DiceCrush","sneckomod:SoulCleanse"],"picked":"sneckomod:SoulRoll","floor":15}],"player_experience":278230,"relics_obtained":[{"floor":7,"key":"Kunai"}],"event_choices":[{"damage_healed":25,"gold_gain":0,"player_choice":"Healed and dodged fight","damage_taken":0,"max_hp_gain":0,"max_hp_loss":0,"event_name":"Mushrooms","floor":8,"gold_loss":0,"cards_obtained":["Parasite"]}],"is_beta":false,"boss_relics":[],"items_purged_floors":[14],"is_endless":false,"potions_floor_spawned":[2,13,15],"killed_by":"downfall:Defect","ascension_level":0}}