{"host":"0fmi5fguj5lvt8pf","time":1609740010,"event":{"mods":["BaseMod","Colored Map","Curses Come First","Downfall","Minty Spire (QoL Compilation)","Permanent Neow","StSLib","Waifu the Spire"],"gold_per_floor":[99,119,119,119,29,29,74,59,69,86,86,86,86,105,122,225,225,225,239,249,266,266,266,266,266],"floor_reached":23,"playtime":1261,"items_purged":["Regret"],"score":181,"play_id":"631d0496-b409-4c60-b9a4-d882a9018326","local_time":"20210103220010","is_ascension_mode":false,"campfire_choices":[{"data":"champ:Taunt","floor":1,"key":"SMITH"},{"data":"champ:Circumvent","floor":11,"key":"SMITH"},{"floor":18,"key":"RECALL"}],"circlet_count":0,"master_deck":["champ:Strike+1","champ:Strike+1","champ:Defend","champ:Defend+1","champ:Execute","champ:Taunt+1","champ:TornadoPunch","champ:Circumvent+1","champ:ShieldSigil","champ:EnchantSword","champ:EnGarde","champ:Riposte","champ:Aggression"],"relics":["champ:ChampionCrown","Oddly Smooth Stone","Art of War","SlaversCollar"],"acts_visited":["Exordium","TheCity"],"potions_floor_usage":[23],"damage_taken":[{"damage":11,"enemies":"Jaw Worm","floor":2,"turns":4},{"damage":6,"enemies":"downfall:FleeingMerchant","floor":5,"turns":4},{"damage":10,"enemies":"downfall:FleeingMerchant","floor":8,"turns":4},{"damage":0,"enemies":"2 Louse","floor":9,"turns":2},{"damage":0,"enemies":"Cultist","floor":10,"turns":4},{"damage":5,"enemies":"Blue Slaver","floor":14,"turns":5},{"damage":5,"enemies":"Large Slime","floor":15,"turns":6},{"damage":39,"enemies":"downfall:Ironclad","floor":16,"turns":11},{"damage":24,"enemies":"3 Byrds","floor":19,"turns":7},{"damage":25,"enemies":"Centurion and Healer","floor":20,"turns":11},{"damage":23,"enemies":"Snake Plant","floor":21,"turns":5},{"damage":14,"enemies":"Snecko","floor":23,"turns":3}],"seed_played":"-4517955096407539993","potions_obtained":[{"floor":2,"key":"EssenceOfSteel"},{"floor":9,"key":"Ancient Potion"},{"floor":10,"key":"FearPotion"}],"is_trial":false,"path_per_floor":["R","M","?","?","$","?","T","$","M","M","R","?","?","M","M","B",null,"R","M","M","M","?","M"],"character_chosen":"THE_CHAMP","items_purchased":[],"campfire_rested":0,"item_purchase_floors":[],"current_hp_per_floor":[90,84,66,66,60,45,45,45,45,45,45,55,55,55,55,16,100,100,86,61,43,43,29,29,29],"gold":266,"neow_bonus":"TRANSFORM_CARD","is_daily":false,"chose_seed":false,"campfire_upgraded":2,"win_rate":0.0,"timestamp":1609740010,"path_taken":["R","M","?","?","$","?","T","$","M","?","R","?","?","M","M","BOSS","R","M","M","M","?","M"],"items_purchased_type":[],"build_version":"2020-12-22","purchased_purges":1,"victory":false,"max_hp_per_floor":[90,90,90,90,90,90,90,90,90,90,90,100,100,100,100,100,100,100,100,100,100,100,100,100,100],"card_choices":[{"not_picked":["champ:PerfectedStrike","champ:DeathBlow","champ:SwordSigil"],"picked":"SKIP","floor":2},{"not_picked":["champ:FlashCut","champ:SwordSigil"],"picked":"champ:Circumvent","floor":5},{"not_picked":["champ:DeathBlow","champ:GladiatorsShout","champ:ArenaPreparation"],"picked":"SKIP","floor":8},{"not_picked":["champ:Circumvent","champ:Backstep","champ:BerserkersShout"],"picked":"SKIP","floor":9},{"not_picked":["champ:Backstep","champ:CrookedStrike"],"picked":"champ:ShieldSigil","floor":10},{"not_picked":["champ:GutPunch","champ:Shatter","champ:FocusedBerserking"],"picked":"SKIP","floor":14},{"not_picked":["champ:Backstep","champ:ArenaPreparation","champ:TornadoPunch"],"picked":"SKIP","floor":15},{"not_picked":["champ:CheapShot","champ:IgnorePain"],"picked":"champ:EnchantSword","floor":16},{"not_picked":["champ:FlashCut","champ:BringItOn+1"],"picked":"champ:EnGarde","floor":19},{"not_picked":["champ:DeathBlow","champ:BerserkersShout","champ:ShieldSigil"],"picked":"SKIP","floor":20},{"not_picked":["champ:BladeFlurry","champ:EnragedBash+1","champ:BerserkersShout+1"],"picked":"SKIP","floor":21}],"player_experience":1284137,"relics_obtained":[{"floor":7,"key":"Art of War"}],"event_choices":[{"damage_healed":0,"gold_gain":0,"player_choice":"Success","damage_taken":18,"relics_obtained":["Oddly Smooth Stone"],"max_hp_gain":0,"max_hp_loss":0,"event_name":"Scrap Ooze","floor":3,"gold_loss":0},{"cards_removed":["champ:Defend"],"damage_healed":0,"gold_gain":0,"player_choice":"Forget","damage_taken":0,"max_hp_gain":0,"max_hp_loss":0,"event_name":"Living Wall","floor":13,"gold_loss":0},{"damage_healed":0,"gold_gain":0,"cards_transformed":["champ:Defend","champ:Strike"],"player_choice":"Became Test Subject","damage_taken":0,"max_hp_gain":0,"max_hp_loss":0,"event_name":"Drug Dealer","floor":22,"gold_loss":0,"cards_obtained":["champ:Riposte","champ:Aggression"]}],"is_beta":false,"boss_relics":[{"not_picked":["Pandora\u0027s Box","Coffee Dripper"],"picked":"SlaversCollar"}],"items_purged_floors":[5],"is_endless":false,"potions_floor_spawned":[2,9,10,15,20],"killed_by":"Snecko","ascension_level":0}}