{"host":"6z83uzbynvfpq20b","time":1609795169,"event":{"mods":["2.2 Compatiblity","Act Like it!","Aspiration","BaseMod","Beaked The Cultist","Better Note","BetterRewards","Clawfect","Conjunction","Conspire","Downfall","Energized Spire","Friendly Minions","GifTheSpireLib","Googly Eyes","Halation","Hallownest","Highlight Path","HololiveMod","Hubris","Hyrulean Relics","Infinite Spire","Ironclad Rager","Jedi Mod","LagranYue(???·?)","Lobotomy","Marisa????????","Marked Mod","Minty Spire (QoL Compilation)","Permanent Neow","Quarter Circle Forward PUNCH!","Quick Restart","READ ME - Snecko Mod","Rare Cards Sparkle","RatMod","Replay The Spire","Shop Mod","Small Relic Pack","Somnambulant","Spikes Relics","Spire Birthday Party","StSLib","Stuff the Spire","The Animator","The Construct","The Cursed","The Disciple","The Factory","The Hierophant","The Jungle","The Runesmith","The Servant 0.9.4","TheBandit","Trackpad","Unceasing Turn Reminder","Yuri Mod","[JumpMod]????","everything is the same but u backflip on backflip","slay the spire mod where everything is the same but ironclad has a cowboy hat","vexMod"],"gold_per_floor":[116,116,131,144,156,156,175,175,175,175,32,47,47,47,47,146,146,146],"floor_reached":17,"playtime":996,"items_purged":[],"score":147,"play_id":"98a7c3ff-00be-4b78-8863-016223d08ec8","local_time":"20210104221929","is_ascension_mode":false,"campfire_choices":[{"data":"Anger","floor":6,"key":"SMITH"},{"data":"Bash","floor":8,"key":"SMITH"},{"floor":15,"key":"DIG"}],"circlet_count":0,"master_deck":["Strike_R","Strike_R","Strike_R","Strike_R","Strike_R","Defend_R","Defend_R","Defend_R","Defend_R","Bash+1","Impervious","Impervious","BodiesMountain","Bloodbath","Havoc","Wellcheers","Anger+1","Variant","VoidDream","Havoc+1","WallGazer"],"relics":["Burning Blood","HowToJump","LagranYue:RandomDrawCardRelic","CogitoBucket","BrokenLever","Toxic Egg 2","relicPack:DSword","Juzu Bracelet","BackwardClock","hubris:Towel","trackpad:PetRock","Ring of Chaos"],"acts_visited":["Exordium","TheCity"],"potions_floor_usage":[5],"damage_taken":[{"damage":5,"enemies":"Cultist","floor":1,"turns":4},{"damage":5,"enemies":"Small Slimes","floor":3,"turns":4},{"damage":3,"enemies":"2 Louse","floor":4,"turns":3},{"damage":8,"enemies":"Large Slime","floor":5,"turns":9},{"damage":0,"enemies":"3 Louse","floor":7,"turns":4},{"damage":27,"enemies":"Blue Slaver","floor":12,"turns":6},{"damage":36,"enemies":"Hexaghost","floor":16,"turns":8}],"seed_played":"-6313833608903725134","potions_obtained":[{"floor":1,"key":"jedi:StrikingPotion"},{"floor":7,"key":"FearPotion"},{"floor":12,"key":"Elixir"},{"floor":16,"key":"jedi:StrikingPotion"}],"is_trial":false,"path_per_floor":["M","T","M","M","M","R","M","R","T","?","$","M","$","?","R","B",null],"character_chosen":"IRONCLAD","items_purchased":["Juzu Bracelet"],"campfire_rested":0,"item_purchase_floors":[11],"current_hp_per_floor":[80,80,80,80,79,79,80,80,80,45,45,31,31,31,31,10,80,80],"gold":146,"neow_bonus":"","is_daily":false,"chose_seed":false,"campfire_upgraded":2,"win_rate":0.0,"timestamp":1609795169,"path_taken":["M","?","M","M","M","R","M","R","T","?","$","M","$","?","R","BOSS"],"items_purchased_type":["Relic"],"build_version":"2020-12-22","purchased_purges":0,"victory":false,"max_hp_per_floor":[80,80,80,80,80,80,80,80,80,80,80,80,80,80,80,80,80,80],"card_choices":[{"not_picked":["Flex","Second Wind"],"picked":"Impervious","floor":1},{"not_picked":["Flex","Second Wind"],"picked":"Impervious","floor":1},{"not_picked":["ShyLook","PunishingBird"],"picked":"BodiesMountain","floor":1},{"not_picked":["MeatLantern","PunishingBird"],"picked":"Bloodbath","floor":3},{"not_picked":["Replay:Undeath\u0027s Touch","Reckless Charge"],"picked":"Havoc","floor":3},{"not_picked":["OldLady","OSAHOGD"],"picked":"Wellcheers","floor":4},{"not_picked":["StuffTheSpire:Resist","Thunderclap"],"picked":"Anger","floor":4},{"not_picked":["FairyFestival","SpiderBud"],"picked":"Variant","floor":5},{"not_picked":["Ghostly Armor","Clash","Wild Strike"],"picked":"SKIP","floor":5},{"not_picked":["GalaxyChild","MeatLantern"],"picked":"VoidDream","floor":7},{"not_picked":["StuffTheSpire:RockThrow","Twin Strike","Run Through"],"picked":"SKIP","floor":7},{"not_picked":["Warcry+1","Sword Boomerang"],"picked":"Havoc+1","floor":12},{"not_picked":["FairyFestival","ShyLook"],"picked":"WallGazer","floor":12}],"player_experience":328518,"relics_obtained":[{"floor":2,"key":"BrokenLever"},{"floor":9,"key":"Toxic Egg 2"},{"floor":15,"key":"trackpad:PetRock"}],"event_choices":[],"is_beta":false,"boss_relics":[{"not_picked":["Calling Bell","trackpad:StolenKidneys"],"picked":"Ring of Chaos"}],"items_purged_floors":[],"is_endless":false,"potions_floor_spawned":[1,7,12,16],"ascension_level":0}}