{"host":"15dd7v8o90xso62x","time":1609765918,"event":{"mods":["BaseMod","Minty Spire (QoL Compilation)","Quick Restart","StSLib","SuperFastMode"],"gold_per_floor":[119,130,140,159,159,193,193,193,193],"floor_reached":8,"playtime":323,"items_purged":[],"score":116,"play_id":"051b4f71-c8a9-4a49-b433-92b8e6895e11","local_time":"20210104221158","is_ascension_mode":true,"campfire_choices":[{"data":"Crippling Poison","floor":7,"key":"SMITH"}],"circlet_count":0,"master_deck":["AscendersBane","Strike_G","Strike_G","Strike_G","Strike_G","Defend_G","Defend_G","Defend_G","Defend_G","Defend_G","Survivor","Neutralize","Caltrops","Calculated Gamble","Dagger Spray+1","Riddle With Holes","Crippling Poison+1"],"relics":["Ring of the Snake","Centennial Puzzle"],"acts_visited":["Exordium"],"potions_floor_usage":[6,6,8],"damage_taken":[{"damage":3,"enemies":"Small Slimes","floor":1,"turns":6},{"damage":11,"enemies":"Cultist","floor":2,"turns":4},{"damage":1,"enemies":"2 Louse","floor":3,"turns":4},{"damage":4,"enemies":"Lots of Slimes","floor":4,"turns":3},{"damage":4,"enemies":"Lagavulin","floor":6,"turns":7},{"damage":52,"enemies":"Gremlin Nob","floor":8,"turns":4}],"seed_played":"6448431022443503802","potions_obtained":[{"floor":1,"key":"Poison Potion"},{"floor":4,"key":"Poison Potion"},{"floor":6,"key":"Weak Potion"}],"is_trial":false,"path_per_floor":["M","M","M","M","?","E","R","E"],"character_chosen":"THE_SILENT","items_purchased":[],"campfire_rested":0,"item_purchase_floors":[],"current_hp_per_floor":[56,45,44,40,40,36,36,0,0],"gold":193,"neow_bonus":"TRANSFORM_CARD","is_daily":false,"chose_seed":false,"campfire_upgraded":1,"win_rate":0.0,"timestamp":1609765918,"path_taken":["M","M","M","M","?","E","R","E"],"items_purchased_type":[],"build_version":"2020-12-22","purchased_purges":0,"victory":false,"max_hp_per_floor":[66,66,66,66,66,66,66,66,66],"card_choices":[{"not_picked":["Outmaneuver","Sucker Punch"],"picked":"Calculated Gamble","floor":1},{"not_picked":["Eviscerate","Distraction","Prepared"],"picked":"SKIP","floor":2},{"not_picked":["Terror","Cloak And Dagger"],"picked":"Dagger Spray","floor":3},{"not_picked":["Concentrate","Noxious Fumes"],"picked":"Riddle With Holes","floor":4},{"not_picked":["Quick Slash","Cloak And Dagger"],"picked":"Crippling Poison","floor":6}],"player_experience":1002212,"relics_obtained":[{"floor":6,"key":"Centennial Puzzle"}],"event_choices":[{"damage_healed":0,"gold_gain":0,"player_choice":"Forge","damage_taken":0,"max_hp_gain":0,"max_hp_loss":0,"event_name":"Accursed Blacksmith","floor":5,"gold_loss":0,"cards_upgraded":["Dagger Spray"]}],"is_beta":false,"boss_relics":[],"items_purged_floors":[],"is_endless":false,"potions_floor_spawned":[1,4,6],"killed_by":"Gremlin Nob","ascension_level":20}}