{"host":"g75gtovmj0ine2rf","time":1609761824,"event":{"mods":["2.2 Compatiblity","AchievementEnabler","Act Like it!","Aspiration","Astrologer","Bard","BaseMod","Better Match","BetterRewards","CapriCore","Challenge The Spire","ChefMod","Colored Map","Conspire","Elementarium","Energized Spire","Friendly Minions","Gensokyo","Halation","Hallownest","Hermit","HexUI Lib","Highlight Path","Hubris","Infinite Spire","Jedi Mod","Lobotomy","Menagerie","Minty Spire (QoL Compilation)","Puzzle Mod","Quick Restart","Rare Cards Sparkle","Relic Stats","Replay The Spire","Robot Space Explorer","Shade Mod","Shop Mod","Spicy Shops","StSLib","SuperFastMode","The Construct","The Cursed","The Dragon Tamer","The Factory","The Jungle","The Marked","The Runesmith","TheBandit","TheFirefly","TheSwordswoman","TheVacant","Transform Curses","Wandering Minibosses","thorton","vexMod"],"gold_per_floor":[111,111,131,56,73,101,116,140,163,214,214,231,231,250,250,359,359,379,379,399,474,483,483,507,526,526,526,526],"floor_reached":27,"playtime":1254,"items_purged":["Pain","theMarked:Strike"],"score":217,"play_id":"b7df1301-89e1-4700-ace0-ac37ee3020d5","local_time":"20210104230344","is_ascension_mode":false,"campfire_choices":[{"floor":11,"key":"REST"},{"data":"theMarked:Defy","floor":13,"key":"SMITH"},{"floor":23,"key":"REST"}],"circlet_count":0,"master_deck":["theMarked:Strike","theMarked:Strike","theMarked:Strike","theMarked:Strike","theMarked:Defend","theMarked:Defend","theMarked:Defend","theMarked:Defend+1","theMarked:SoldierOfQuellstein+1","theMarked:Panic+1","theMarked:Defy+1","theMarked:HeritageOfTheMarked+1","theMarked:SummonStrength+1","theMarked:Overcharge+1","infinitespire:Fortify","theMarked:MysticalArsenal","theMarked:StartUp+1"],"relics":["theMarked:ArtifactOfAir","NeowsBlessing","WarpedTongs","CeramicFish","hubris:TenFootPole","theMarked:Eyepatch","aspiration:RitualStick","vexMod:ImprovementManual","halation:PenCase","Replay:Bottled Snecko"],"acts_visited":["Exordium","TheCity"],"potions_floor_usage":[6,8,16,25,27],"damage_taken":[{"damage":0,"enemies":"2 Louse","floor":1,"turns":1},{"damage":0,"enemies":"Cultist","floor":3,"turns":1},{"damage":0,"enemies":"Small Slimes","floor":5,"turns":1},{"damage":8,"enemies":"Gremlin Nob","floor":6,"turns":3},{"damage":23,"enemies":"Blue Slaver","floor":7,"turns":5},{"damage":4,"enemies":"Exordium Thugs","floor":8,"turns":5},{"damage":7,"enemies":"Large Slime","floor":12,"turns":6},{"damage":0,"enemies":"Looter","floor":14,"turns":1},{"damage":19,"enemies":"Fading Forest","floor":16,"turns":11},{"damage":15,"enemies":"3 Byrds","floor":18,"turns":6},{"damage":17,"enemies":"Shell Parasite","floor":20,"turns":6},{"damage":19,"enemies":"Sentry and Sphere","floor":24,"turns":5},{"damage":13,"enemies":"Centurion and Healer","floor":25,"turns":4},{"damage":24,"enemies":"Snake Plant","floor":27,"turns":5}],"seed_played":"488175052734279455","potions_obtained":[{"floor":3,"key":"AttackPotion"},{"floor":5,"key":"LifebloodPotion"},{"floor":6,"key":"ColorlessPotion"},{"floor":8,"key":"BlessingOfTheForge"},{"floor":14,"key":"jedi:tentaclejuice"},{"floor":24,"key":"AttackPotion"}],"is_trial":false,"path_per_floor":["M","?","M","$","M","E","M","M","T","T","R","M","R","M","R_BF","B",null,"M","?","M","?","AVR","R","M","M","T","M"],"character_chosen":"THE_DEFAULT","items_purchased":[],"campfire_rested":2,"item_purchase_floors":[],"current_hp_per_floor":[70,70,70,70,70,62,39,35,35,35,56,49,49,49,70,51,70,55,48,31,28,28,49,30,17,17,0,0],"gold":526,"neow_bonus":"THREE_ENEMY_KILL","is_daily":false,"chose_seed":false,"campfire_upgraded":1,"win_rate":0.0,"timestamp":1609761824,"path_taken":["M","?","?","?","M","E","M","M","T","?","R","?","R","M","R_BF","BOSS","M","?","M","?","AVR","R","?","?","T","M"],"items_purchased_type":[],"build_version":"2020-12-22","purchased_purges":2,"victory":false,"max_hp_per_floor":[70,70,70,70,70,70,70,70,70,70,70,70,70,70,70,70,70,70,70,70,70,70,70,70,70,70,70,70],"relic_stats":{"counters":[14,59],"CeramicFish":63,"obtain_stats":[{"theMarked:ArtifactOfAir":0,"NeowsBlessing":0,"CeramicFish":6,"halation:PenCase":22,"hubris:TenFootPole":9,"Replay:Bottled Snecko":26,"aspiration:RitualStick":19,"vexMod:ImprovementManual":22,"WarpedTongs":2,"theMarked:Eyepatch":17},{"theMarked:ArtifactOfAir":0,"NeowsBlessing":0,"CeramicFish":4,"halation:PenCase":11,"hubris:TenFootPole":6,"Replay:Bottled Snecko":13,"aspiration:RitualStick":10,"vexMod:ImprovementManual":11,"WarpedTongs":1,"theMarked:Eyepatch":9},{"theMarked:ArtifactOfAir":0,"NeowsBlessing":0,"CeramicFish":6,"halation:PenCase":46,"hubris:TenFootPole":16,"Replay:Bottled Snecko":54,"aspiration:RitualStick":40,"vexMod:ImprovementManual":46,"WarpedTongs":1,"theMarked:Eyepatch":34}],"aspiration:RitualStick":[0],"WarpedTongs":[56]},"card_choices":[{"not_picked":["theMarked:Aftermath","theMarked:TunnelVision","theMarked:ResourceFulStrike"],"picked":"SKIP","floor":1},{"not_picked":["theMarked:TwofoldDefense","theMarked:KeepCalmAndFightOn"],"picked":"theMarked:Panic","floor":3},{"not_picked":["theMarked:EmpowerWeapon","theMarked:Frustration","theMarked:KeepCalmAndFightOn"],"picked":"SKIP","floor":5},{"not_picked":["theMarked:HeightenedSenses","theMarked:Aftermath","theMarked:SwordAndMagic"],"picked":"SKIP","floor":6},{"not_picked":["theMarked:RepellingDischarge","theMarked:Parkour","theMarked:WastefulDefense"],"picked":"SKIP","floor":7},{"not_picked":["theMarked:Indomitable","theMarked:ChainLightning"],"picked":"theMarked:Defy","floor":8},{"not_picked":["theMarked:Parkour","theMarked:WastefulAttack","theMarked:ChainLightning"],"picked":"SKIP","floor":12},{"not_picked":["theMarked:BanishingStrike","theMarked:Polarize"],"picked":"theMarked:HeritageOfTheMarked","floor":14},{"not_picked":["theMarked:ChannelForce","theMarked:UnarmedFury"],"picked":"theMarked:SummonStrength","floor":16},{"not_picked":["theMarked:Aftermath","theMarked:Static","theMarked:ElementalBlade"],"picked":"SKIP","floor":18},{"not_picked":["theMarked:MysticalArsenal","theMarked:Seal"],"picked":"theMarked:Overcharge","floor":20},{"not_picked":["theMarked:Parkour","theMarked:Reabsorb"],"picked":"theMarked:MysticalArsenal","floor":24},{"not_picked":["theMarked:CreepingChasm","theMarked:ElectricStrings+1"],"picked":"theMarked:StartUp+1","floor":25}],"player_experience":1378990,"relics_obtained":[{"floor":6,"key":"CeramicFish"},{"floor":9,"key":"hubris:TenFootPole"},{"floor":26,"key":"Replay:Bottled Snecko"}],"event_choices":[{"damage_healed":0,"gold_gain":0,"player_choice":"Rummage","damage_taken":0,"relics_obtained":["WarpedTongs"],"max_hp_gain":0,"max_hp_loss":0,"event_name":"Accursed Blacksmith","floor":2,"gold_loss":0,"cards_obtained":["Pain"]},{"damage_healed":0,"gold_gain":75,"player_choice":"Touch","damage_taken":7,"max_hp_gain":0,"max_hp_loss":0,"event_name":"FaceTrader","floor":21,"gold_loss":0}],"is_beta":false,"boss_relics":[{"not_picked":["thethorton:BottledFunds","vexMod:RockOfEvil"],"picked":"theMarked:Eyepatch"}],"items_purged_floors":[4,22],"is_endless":false,"potions_floor_spawned":[3,5,6,8,14,24],"killed_by":"Snake Plant","ascension_level":0}}