{"host":"mcdusr64esz012l0","time":1609721280,"event":{"mods":["BaseMod","Minty Spire (QoL Compilation)","Relic Stats"],"gold_per_floor":[118,133,133,133,133,133,164,164,164,164,198,216,216,241,241,360,360,380,380,224,249,264,297,297,332,332,366,366,366],"floor_reached":28,"playtime":897,"items_purged":["Strike_P"],"score":568,"play_id":"f9e7e65f-6129-4ca7-b5ee-c35c243a065e","local_time":"20210103194800","is_ascension_mode":true,"campfire_choices":[{"data":"Eruption","floor":6,"key":"SMITH"},{"floor":8,"key":"REST"},{"floor":10,"key":"REST"},{"data":"TalkToTheHand","floor":13,"key":"SMITH"},{"floor":15,"key":"REST"},{"floor":24,"key":"REST"}],"circlet_count":0,"master_deck":["AscendersBane","Strike_P","Strike_P","Strike_P","Defend_P","Defend_P","Defend_P","Defend_P","Eruption+1","Vigilance","FearNoEvil","WindmillStrike","TalkToTheHand+1","EmptyBody","CurseOfTheBell","CutThroughFate","FlyingSleeves","BattleHymn+1","ClearTheMind+1","DeceiveReality"],"relics":["Busted Crown","Letter Opener","Golden Idol","Nunchaku","Mummified Hand","Ice Cream","Calling Bell","Pen Nib","InkBottle","Ginger","Bird Faced Urn","Potion Belt","Shuriken","CaptainsWheel"],"acts_visited":["Exordium","TheCity"],"potions_floor_usage":[11,16,23],"damage_taken":[{"damage":0,"enemies":"Jaw Worm","floor":1,"turns":2},{"damage":2,"enemies":"2 Louse","floor":2,"turns":4},{"damage":50,"enemies":"Lagavulin","floor":7,"turns":6},{"damage":22,"enemies":"3 Sentries","floor":11,"turns":10},{"damage":0,"enemies":"Small Slimes","floor":12,"turns":1},{"damage":0,"enemies":"Exordium Wildlife","floor":14,"turns":2},{"damage":1,"enemies":"Slime Boss","floor":16,"turns":6},{"damage":32,"enemies":"2 Thieves","floor":18,"turns":4},{"damage":7,"enemies":"Spheric Guardian","floor":21,"turns":3},{"damage":0,"enemies":"Snake Plant","floor":22,"turns":2},{"damage":34,"enemies":"Slavers","floor":23,"turns":5},{"damage":23,"enemies":"Gremlin Leader","floor":25,"turns":4},{"damage":16,"enemies":"Book of Stabbing","floor":27,"turns":4},{"damage":5,"enemies":"Masked Bandits","floor":28,"turns":2}],"seed_played":"3285497496735275558","potions_obtained":[{"floor":7,"key":"DuplicationPotion"},{"floor":12,"key":"ColorlessPotion"},{"floor":16,"key":"CultistPotion"},{"floor":18,"key":"FairyPotion"}],"is_trial":false,"path_per_floor":["M","M","?","?","?","R","E","R","T","R","E","M","R","M","R","B",null,"M","?","$","M","M","E","R","E","T","E","?"],"character_chosen":"WATCHER","items_purchased":["CutThroughFate","FlyingSleeves"],"campfire_rested":4,"item_purchase_floors":[20,20],"current_hp_per_floor":[61,59,54,59,59,59,9,28,28,47,25,25,25,25,44,43,60,28,28,28,21,21,19,38,17,17,3,0,0],"gold":366,"neow_bonus":"BOSS_RELIC","is_daily":false,"chose_seed":false,"campfire_upgraded":2,"win_rate":0.0,"timestamp":1609721280,"path_taken":["M","M","?","?","?","R","E","R","T","R","E","?","R","?","R","BOSS","M","?","$","M","M","E","R","E","T","E","?"],"items_purchased_type":["Card","Card"],"build_version":"2020-12-22","purchased_purges":1,"victory":false,"max_hp_per_floor":[68,68,68,73,66,66,66,66,66,66,66,66,66,66,66,66,66,66,66,66,66,66,66,66,66,66,66,66,66],"relic_stats":{"Nunchaku":[10],"Busted Crown":28,"counters":[14,55],"Golden Idol":82,"Mummified Hand":[7],"Shuriken":[5],"Bird Faced Urn":[6],"Pen Nib":[6],"Letter Opener":[50],"Ginger":[5],"obtain_stats":[{"Ice Cream":11,"Potion Belt":25,"Golden Idol":5,"Pen Nib":17,"Letter Opener":3,"Ginger":17,"Calling Bell":17,"Nunchaku":7,"CaptainsWheel":27,"Busted Crown":0,"Mummified Hand":9,"Shuriken":26,"Bird Faced Urn":23,"PureWater":0,"InkBottle":17},{"Ice Cream":4,"Potion Belt":12,"Golden Idol":2,"Pen Nib":7,"Letter Opener":2,"Ginger":7,"Calling Bell":7,"Nunchaku":3,"CaptainsWheel":13,"Busted Crown":0,"Mummified Hand":3,"Shuriken":12,"Bird Faced Urn":11,"PureWater":0,"InkBottle":7},{"Ice Cream":22,"Potion Belt":49,"Golden Idol":6,"Pen Nib":31,"Letter Opener":6,"Ginger":31,"Calling Bell":31,"Nunchaku":12,"CaptainsWheel":53,"Busted Crown":0,"Mummified Hand":12,"Shuriken":49,"Bird Faced Urn":45,"PureWater":0,"InkBottle":31}],"InkBottle":[9]},"card_choices":[{"not_picked":["ThirdEye"],"picked":"SKIP","floor":1},{"not_picked":["Halt"],"picked":"SKIP","floor":2},{"not_picked":[],"picked":"FearNoEvil","floor":7},{"not_picked":[],"picked":"WindmillStrike","floor":11},{"not_picked":[],"picked":"TalkToTheHand","floor":12},{"not_picked":[],"picked":"EmptyBody","floor":14},{"not_picked":["Collect"],"picked":"SKIP","floor":18},{"not_picked":[],"picked":"BattleHymn+1","floor":21},{"not_picked":["Evaluate"],"picked":"SKIP","floor":22},{"not_picked":["SignatureMove+1"],"picked":"SKIP","floor":23},{"not_picked":[],"picked":"ClearTheMind+1","floor":25},{"not_picked":[],"picked":"DeceiveReality","floor":27}],"player_experience":1033698,"relics_obtained":[{"floor":7,"key":"Nunchaku"},{"floor":9,"key":"Mummified Hand"},{"floor":11,"key":"Ice Cream"},{"floor":17,"key":"Pen Nib"},{"floor":17,"key":"InkBottle"},{"floor":17,"key":"Ginger"},{"floor":23,"key":"Bird Faced Urn"},{"floor":25,"key":"Potion Belt"},{"floor":26,"key":"Shuriken"},{"floor":27,"key":"CaptainsWheel"}],"event_choices":[{"damage_healed":0,"gold_gain":0,"player_choice":"Success","damage_taken":5,"relics_obtained":["Letter Opener"],"max_hp_gain":0,"max_hp_loss":0,"event_name":"Scrap Ooze","floor":3,"gold_loss":0},{"damage_healed":0,"gold_gain":0,"player_choice":"Donut","damage_taken":0,"max_hp_gain":5,"max_hp_loss":0,"event_name":"Big Fish","floor":4,"gold_loss":0},{"damage_healed":0,"gold_gain":0,"player_choice":"Lose Max HP","damage_taken":0,"relics_obtained":["Golden Idol"],"max_hp_gain":0,"max_hp_loss":7,"event_name":"Golden Idol","floor":5,"gold_loss":0},{"damage_healed":0,"gold_gain":0,"player_choice":"Ignored","damage_taken":0,"max_hp_gain":0,"max_hp_loss":0,"event_name":"The Mausoleum","floor":19,"gold_loss":0},{"damage_healed":0,"gold_gain":0,"player_choice":"Fought Bandits","damage_taken":0,"max_hp_gain":0,"max_hp_loss":0,"event_name":"Masked Bandits","floor":28,"gold_loss":0}],"is_beta":false,"boss_relics":[{"not_picked":["Coffee Dripper","SlaversCollar"],"picked":"Calling Bell"}],"items_purged_floors":[20],"is_endless":false,"potions_floor_spawned":[7,12,16,18,21],"killed_by":"Masked Bandits","ascension_level":20}}