{"host":"dw8ij7emqco3quom","time":1609801201,"event":{"mods":["BaseMod","Minty Spire (QoL Compilation)"],"gold_per_floor":[114,138,138,138,155,181,195,195,195,213,288,301,315,166,166,269,269,254,267,267,277,289,289,315,315,315,315,315,341,99,24,24,24,24],"floor_reached":33,"playtime":2589,"items_purged":["Defend_R"],"score":371,"play_id":"893ea1fd-d1ad-43bd-88d0-75883308d51d","local_time":"20210105000001","is_ascension_mode":true,"campfire_choices":[{"floor":8,"key":"REST"},{"data":"Armaments","floor":15,"key":"SMITH"},{"floor":23,"key":"REST"},{"floor":25,"key":"REST"},{"floor":27,"key":"REST"},{"floor":32,"key":"REST"}],"circlet_count":0,"master_deck":["Strike_R","Strike_R","Defend_R","Defend_R","Bash","Metallicize","Sever Soul","Flame Barrier","Bloodletting","Armaments+1","Shockwave","Feel No Pain","Demon Form","Heavy Blade","Shrug It Off","Twin Strike+1","Body Slam+1","Berserk","Sever Soul+1","Rage"],"relics":["Burning Blood","Oddly Smooth Stone","Art of War","Philosopher\u0027s Stone","FaceOfCleric","Calipers","Molten Egg 2","Regal Pillow","Shuriken"],"acts_visited":["Exordium","TheCity"],"potions_floor_usage":[5,16,21,24,33],"damage_taken":[{"damage":6,"enemies":"Cultist","floor":1,"turns":3},{"damage":0,"enemies":"Small Slimes","floor":5,"turns":2},{"damage":53,"enemies":"3 Sentries","floor":6,"turns":10},{"damage":2,"enemies":"Jaw Worm","floor":7,"turns":5},{"damage":5,"enemies":"Blue Slaver","floor":10,"turns":4},{"damage":5,"enemies":"Looter","floor":12,"turns":4},{"damage":8,"enemies":"Red Slaver","floor":13,"turns":6},{"damage":20,"enemies":"The Guardian","floor":16,"turns":15},{"damage":24,"enemies":"2 Thieves","floor":18,"turns":4},{"damage":9,"enemies":"Shell Parasite","floor":19,"turns":5},{"damage":33,"enemies":"Centurion and Healer","floor":21,"turns":6},{"damage":33,"enemies":"Sentry and Sphere","floor":22,"turns":5},{"damage":43,"enemies":"Book of Stabbing","floor":24,"turns":5},{"damage":41,"enemies":"Slavers","floor":29,"turns":7},{"damage":84,"enemies":"Automaton","floor":33,"turns":6}],"seed_played":"-5925958070750605214","potions_obtained":[{"floor":1,"key":"Explosive Potion"},{"floor":6,"key":"DistilledChaos"},{"floor":16,"key":"BloodPotion"},{"floor":22,"key":"ColorlessPotion"},{"floor":24,"key":"DuplicationPotion"}],"is_trial":false,"path_per_floor":["M","T","?","?","M","E","M","R","T","M","?","M","M","$","R","B",null,"M","M","?","M","M","R","E","R","T","R","?","E","$","?","R","B"],"character_chosen":"IRONCLAD","items_purchased":["Feel No Pain","Shuriken"],"campfire_rested":5,"item_purchase_floors":[14,30],"current_hp_per_floor":[72,72,77,77,83,36,40,65,65,66,55,56,54,54,54,40,74,56,53,53,44,18,44,8,34,34,60,60,26,26,26,67,0,0],"gold":24,"neow_bonus":"REMOVE_CARD","is_daily":false,"chose_seed":false,"campfire_upgraded":1,"win_rate":0.0,"timestamp":1609801201,"path_taken":["M","?","?","?","M","E","?","R","T","M","?","M","M","$","R","BOSS","M","M","?","?","?","R","E","R","T","R","?","E","$","?","R","BOSS"],"items_purchased_type":["Card","Relic"],"build_version":"2020-12-22","purchased_purges":1,"victory":false,"max_hp_per_floor":[80,80,85,85,85,85,85,85,85,85,85,85,85,85,85,85,85,85,85,85,86,87,87,88,88,88,88,88,89,89,89,89,89,89],"card_choices":[{"not_picked":["Dark Embrace","Heavy Blade"],"picked":"Metallicize","floor":1},{"not_picked":["Iron Wave","Clothesline"],"picked":"Sever Soul","floor":5},{"not_picked":["Cleave","Second Wind"],"picked":"Flame Barrier","floor":6},{"not_picked":["True Grit","Sword Boomerang"],"picked":"Bloodletting","floor":7},{"not_picked":["Burning Pact","Whirlwind"],"picked":"Armaments","floor":10},{"not_picked":["Heavy Blade","Wild Strike","Clash"],"picked":"SKIP","floor":12},{"not_picked":["Warcry","Carnage"],"picked":"Shockwave","floor":13},{"not_picked":["Feed","Bludgeon"],"picked":"Demon Form","floor":16},{"not_picked":["Perfected Strike+1","Warcry"],"picked":"Heavy Blade","floor":18},{"not_picked":["Warcry","Infernal Blade"],"picked":"Shrug It Off","floor":19},{"not_picked":["True Grit","Warcry"],"picked":"Twin Strike+1","floor":21},{"not_picked":["Perfected Strike+1","Heavy Blade+1"],"picked":"Body Slam+1","floor":22},{"not_picked":["Shockwave","Wild Strike","Juggernaut"],"picked":"SKIP","floor":24},{"not_picked":["Burning Pact","True Grit+1"],"picked":"Rage","floor":29}],"player_experience":608653,"relics_obtained":[{"floor":6,"key":"Oddly Smooth Stone"},{"floor":9,"key":"Art of War"},{"floor":24,"key":"Calipers"},{"floor":26,"key":"Molten Egg 2"},{"floor":29,"key":"Regal Pillow"}],"event_choices":[{"damage_healed":0,"gold_gain":0,"player_choice":"Donut","damage_taken":0,"max_hp_gain":5,"max_hp_loss":0,"event_name":"Big Fish","floor":3,"gold_loss":0},{"damage_healed":0,"gold_gain":0,"player_choice":"Ignored","damage_taken":0,"max_hp_gain":0,"max_hp_loss":0,"event_name":"Shining Light","floor":4,"gold_loss":0},{"damage_healed":0,"gold_gain":75,"player_choice":"Gather Gold","damage_taken":11,"max_hp_gain":0,"max_hp_loss":0,"event_name":"World of Goop","floor":11,"gold_loss":0},{"damage_healed":0,"gold_gain":0,"player_choice":"Trade","damage_taken":0,"relics_obtained":["FaceOfCleric"],"max_hp_gain":0,"max_hp_loss":0,"event_name":"FaceTrader","floor":20,"gold_loss":0},{"damage_healed":0,"gold_gain":0,"cards_transformed":["Strike_R","Defend_R"],"player_choice":"Became Test Subject","damage_taken":0,"max_hp_gain":0,"max_hp_loss":0,"event_name":"Drug Dealer","floor":28,"gold_loss":0,"cards_obtained":["Berserk","Sever Soul"]},{"cards_removed":["Strike_R"],"damage_healed":0,"gold_gain":0,"player_choice":"Gave Gold","damage_taken":0,"max_hp_gain":0,"max_hp_loss":0,"event_name":"Beggar","floor":31,"gold_loss":75}],"is_beta":false,"boss_relics":[{"not_picked":["Black Blood","Busted Crown"],"picked":"Philosopher\u0027s Stone"}],"items_purged_floors":[14],"is_endless":false,"potions_floor_spawned":[1,6,16,22,24],"killed_by":"Automaton","ascension_level":6}}