{"host":"m3rs92yjkwi06hli","time":1609776639,"event":{"mods":["Act Like it!","Aspiration","BaseMod","Colored Map","Conspire","Defuse TimeMaze Blight","Duelist Mod","Energized Spire","Hubris","Infinite Spire","Minty Spire (QoL Compilation)","Relic Stats","Replay The Spire","Spicy Shops","StSLib"],"gold_per_floor":[138,63,74,74,74,109,109,109,109,126,126,126,139,166,166,265,215,233,233,247,247,322,348,348,363,440,473,473,473,485,520,520,520,520],"floor_reached":33,"playtime":926,"items_purged":["theDuelist:Sparks"],"score":542,"play_id":"7194186e-3e69-4ad4-bb2f-ef34d99f52df","local_time":"20210104101039","is_ascension_mode":true,"campfire_choices":[{"data":"theDuelist:Nameless:Power:Beatraptor","floor":11,"key":"SMITH"},{"data":"theDuelist:YamataDragon","floor":15,"key":"SMITH"},{"floor":24,"key":"REST"},{"floor":28,"key":"REST"},{"floor":32,"key":"REST"}],"circlet_count":0,"master_deck":["AscendersBane","theDuelist:BabyDragon","theDuelist:CastleWalls","theDuelist:CastleWalls","theDuelist:CaveDragon","theDuelist:CaveDragon","theDuelist:LesserDragon","theDuelist:LesserDragon","theDuelist:YamataDragon+1","theDuelist:MirageDragon","theDuelist:DragonZombie","theDuelist:Nameless:Power:Beatraptor+1","theDuelist:MirageDragon+1","theDuelist:TwinHeadedFire+1","theDuelist:BeserkDragon+1","theDuelist:DragonMastery","Strike_R+1","theDuelist:DragonRavine","theDuelist:TwinBarrelDragon+1","theDuelist:TwinHeadedFire+1","theDuelist:ChimeratechOverdragon+1","theDuelist:Kabazauls+1","theDuelist:TwinBarrelDragon+1","infinitespire:SevenWalls+1","theDuelist:SmashingGround+1","theDuelist:RedRisingDragon"],"relics":["theDuelist:MillenniumPuzzle","theDuelist:CardPoolRelic","theDuelist:CardPoolBasicRelic","theDuelist:BoosterPackPoolRelic","theDuelist:CardPoolAddRelic","theDuelist:CardPoolMinusRelic","theDuelist:CardPoolSaveRelic","theDuelist:CardPoolOptionsRelic","NeowsBlessing","hubris:Towel","infinitespire:Beetle Shell","Molten Egg 2","Orichalcum","energizedSpire:HugeHouse","hubris:Icosahedron","Counterbalance","Paper Frog","hubris:TenFootPole","theDuelist:TributeEggRelic"],"acts_visited":["Exordium","TheCity"],"potions_floor_usage":[14],"damage_taken":[{"damage":0,"enemies":"Jaw Worm","floor":1,"turns":1},{"damage":0,"enemies":"conspire:RoseBush","floor":3,"turns":1},{"damage":0,"enemies":"Replay:BlueRogue","floor":6,"turns":1},{"damage":3,"enemies":"Small Slimes","floor":10,"turns":2},{"damage":8,"enemies":"Exordium Thugs","floor":13,"turns":3},{"damage":8,"enemies":"Lagavulin","floor":14,"turns":3},{"damage":41,"enemies":"Fading Forest","floor":16,"turns":11},{"damage":0,"enemies":"Spheric Guardian","floor":18,"turns":3},{"damage":22,"enemies":"conspire:FuzzyDice","floor":20,"turns":5},{"damage":27,"enemies":"Slavers","floor":23,"turns":4},{"damage":3,"enemies":"3 Cultists","floor":25,"turns":4},{"damage":0,"enemies":"theDuelist:KaibaA2","floor":27,"turns":2},{"damage":17,"enemies":"Snake Plant","floor":30,"turns":3},{"damage":24,"enemies":"conspire:Head Lice","floor":31,"turns":6},{"damage":27,"enemies":"Collector","floor":33,"turns":5}],"seed_played":"-8430890648382728051","potions_obtained":[{"floor":6,"key":"Strength Potion"},{"floor":10,"key":"theDuelist:BigTributeBottle"},{"floor":16,"key":"theDuelist:SummonArmorPotion"},{"floor":18,"key":"theDuelist:TributeBottle"},{"floor":23,"key":"GamblersBrew"},{"floor":25,"key":"theDuelist:ElectricPotion"}],"is_trial":false,"path_per_floor":["M","$","M","?","$","E","?","?","T","M","R","?","M","E","R","B",null,"M","?","M","?","?","E","R","M","T","E","R","?","M","E","R","B"],"character_chosen":"THE_DUELIST","items_purchased":[],"campfire_rested":3,"item_purchase_floors":[],"current_hp_per_floor":[72,72,72,72,72,72,65,71,71,68,68,77,69,61,61,20,66,66,66,44,44,36,9,33,30,30,30,54,44,27,3,27,0,0],"gold":520,"neow_bonus":"THREE_ENEMY_KILL","is_daily":false,"chose_seed":false,"campfire_upgraded":2,"win_rate":0.0,"timestamp":1609776639,"path_taken":["M","$","M","?","$","E","?","?","T","?","R","?","M","E","R","BOSS","M","?","?","?","?","E","R","?","T","E","R","?","M","E","R","BOSS"],"items_purchased_type":[],"build_version":"2020-12-22","purchased_purges":1,"victory":false,"max_hp_per_floor":[80,80,80,80,80,80,80,86,86,86,86,86,86,86,86,86,81,81,81,81,81,81,81,81,81,81,81,81,81,81,81,81,81,81],"relic_stats":{"counters":[15,54],"Orichalcum":[108],"obtain_stats":[{"theDuelist:TributeEggRelic":31,"NeowsBlessing":0,"Counterbalance":23,"infinitespire:Beetle Shell":6,"theDuelist:MillenniumPuzzle":0,"theDuelist:CardPoolSaveRelic":0,"hubris:Towel":4,"Orichalcum":14,"theDuelist:BoosterPackPoolRelic":0,"theDuelist:CardPoolMinusRelic":0,"hubris:Icosahedron":21,"theDuelist:CardPoolBasicRelic":0,"Molten Egg 2":9,"theDuelist:CardPoolAddRelic":0,"theDuelist:CardPoolOptionsRelic":0,"energizedSpire:HugeHouse":17,"hubris:TenFootPole":27,"theDuelist:CardPoolRelic":0,"Paper Frog":26},{"theDuelist:TributeEggRelic":14,"NeowsBlessing":0,"Counterbalance":10,"infinitespire:Beetle Shell":3,"theDuelist:MillenniumPuzzle":0,"theDuelist:CardPoolSaveRelic":0,"hubris:Towel":2,"Orichalcum":6,"theDuelist:BoosterPackPoolRelic":0,"theDuelist:CardPoolMinusRelic":0,"hubris:Icosahedron":9,"theDuelist:CardPoolBasicRelic":0,"Molten Egg 2":3,"theDuelist:CardPoolAddRelic":0,"theDuelist:CardPoolOptionsRelic":0,"energizedSpire:HugeHouse":7,"hubris:TenFootPole":12,"theDuelist:CardPoolRelic":0,"Paper Frog":11},{"theDuelist:TributeEggRelic":49,"NeowsBlessing":0,"Counterbalance":34,"infinitespire:Beetle Shell":3,"theDuelist:MillenniumPuzzle":0,"theDuelist:CardPoolSaveRelic":0,"hubris:Towel":2,"Orichalcum":11,"theDuelist:BoosterPackPoolRelic":0,"theDuelist:CardPoolMinusRelic":0,"hubris:Icosahedron":30,"theDuelist:CardPoolBasicRelic":0,"Molten Egg 2":3,"theDuelist:CardPoolAddRelic":0,"theDuelist:CardPoolOptionsRelic":0,"energizedSpire:HugeHouse":22,"hubris:TenFootPole":40,"theDuelist:CardPoolRelic":0,"Paper Frog":38}]},"card_choices":[{"not_picked":["theDuelist:HorusServant","theDuelist:GiantRex","theDuelist:FrozenFitzgerald","theDuelist:CastleDragonSouls"],"picked":"theDuelist:YamataDragon","floor":1},{"not_picked":["theDuelist:HazyFlameHydra","theDuelist:CyberDragonVier","theDuelist:TwinHeadedFire","theDuelist:CyberneticRevolution"],"picked":"theDuelist:MirageDragon","floor":3},{"not_picked":["theDuelist:GiantRex","theDuelist:WaterDragonCluster","theDuelist:RedDragonArchfiend","theDuelist:CyberDragonInfinity"],"picked":"theDuelist:DragonZombie","floor":6},{"not_picked":["theDuelist:BlackPtera+1","theDuelist:FrostflameDragon","theDuelist:Freezadon","theDuelist:BlueEyes+1"],"picked":"theDuelist:MirageDragon+1","floor":10},{"not_picked":["theDuelist:Kabazauls+1","theDuelist:CyberValley+1","theDuelist:BlackStego+1","theDuelist:AncientGearGadjiltron+1"],"picked":"theDuelist:TwinHeadedFire+1","floor":13},{"not_picked":["theDuelist:ViceDragon+1","theDuelist:MadSwordBeast+1","theDuelist:CyberValley+1","theDuelist:BlackBrutdrago+1"],"picked":"theDuelist:BeserkDragon+1","floor":14},{"not_picked":["theDuelist:SliferSky","theDuelist:ChimeratechOverdragon+1","theDuelist:BlueDuston","theDuelist:ArmedProtectorDragon"],"picked":"theDuelist:DragonMastery","floor":16},{"not_picked":["theDuelist:DarkHorus+1","theDuelist:Sabersaurus+1","theDuelist:FireDarts+1","theDuelist:CurseDragon+1"],"picked":"theDuelist:TwinBarrelDragon+1","floor":18},{"not_picked":["theDuelist:Hydrogeddon+1","theDuelist:DarkHorus+1","theDuelist:BlackBrutdrago+1","theDuelist:MadFlameKaiju+1"],"picked":"theDuelist:TwinHeadedFire+1","floor":20},{"not_picked":["theDuelist:ThunderDragon+1","theDuelist:RedEyesZombie+1"],"picked":"theDuelist:ChimeratechOverdragon+1","floor":23},{"not_picked":["theDuelist:CyberDinosaur+1","theDuelist:LordD+1","theDuelist:AncientPixieDragon","theDuelist:Berserking+1"],"picked":"theDuelist:Kabazauls+1","floor":25},{"not_picked":["theDuelist:LesserDragon+1","theDuelist:BusterBlader+1","theDuelist:BlackBrutdrago+1","theDuelist:FireDarts+1"],"picked":"theDuelist:TwinBarrelDragon+1","floor":27},{"not_picked":["infinitespire:FutureSight","ReplayTheSpireMod:Echoes of Time"],"picked":"infinitespire:SevenWalls","floor":29},{"not_picked":["theDuelist:BattleguardKing+1","theDuelist:Hinotama+1","theDuelist:LightningDarts+1","theDuelist:RainbowOverdragon+1"],"picked":"theDuelist:SmashingGround+1","floor":30},{"not_picked":["theDuelist:TwinHeadedBehemoth+1","theDuelist:GenesisDragon+1","theDuelist:ExploderDragon+1","theDuelist:DreadnoughtDreadnoid"],"picked":"theDuelist:RedRisingDragon","floor":31}],"player_experience":850957,"relics_obtained":[{"floor":6,"key":"infinitespire:Beetle Shell"},{"floor":9,"key":"Molten Egg 2"},{"floor":14,"key":"Orichalcum"},{"floor":23,"key":"Counterbalance"},{"floor":26,"key":"Paper Frog"},{"floor":27,"key":"hubris:TenFootPole"},{"floor":31,"key":"theDuelist:TributeEggRelic"}],"event_choices":[{"cards_removed":["theDuelist:Sparks"],"damage_healed":0,"gold_gain":0,"player_choice":"Card Removal","damage_taken":7,"max_hp_gain":0,"max_hp_loss":0,"event_name":"Golden Wing","floor":7,"gold_loss":0},{"power_reward":4,"total_magic_score":36,"gold_gain":0,"duelist":true,"damage_taken":0,"relics_obtained":[],"points":8,"max_hp_gain":6,"max_hp_loss":0,"spent_points":{"magic":0,"greed":0,"war":0,"power":4,"hunger":4},"event_name":"Nameless Tomb","hunger_reward":4,"floor":8,"gold_loss":0,"cards_obtained":["theDuelist:Nameless:Power:Beatraptor"]},{"damage_healed":0,"gold_gain":0,"player_choice":"Leave","duelist":true,"damage_taken":0,"max_hp_gain":0,"max_hp_loss":0,"event_name":"Tomb of the Nameless","floor":19,"gold_loss":0},{"damage_healed":0,"gold_gain":75,"player_choice":"Touch","damage_taken":8,"max_hp_gain":0,"max_hp_loss":0,"event_name":"FaceTrader","floor":22,"gold_loss":0}],"is_beta":false,"boss_relics":[{"not_picked":["Ectoplasm","Pandora\u0027s Box"],"picked":"energizedSpire:HugeHouse"}],"items_purged_floors":[2],"is_endless":false,"potions_floor_spawned":[6,10,16,18,23,25,31],"killed_by":"Collector","ascension_level":10}}