{"host":"pcbz64t4k17ey4z1","time":1609801793,"event":{"mods":["2.2 Compatiblity","AchievementEnabler","Act Like it!","Aspiration","BaseMod","Beaked The Cultist","Better Match","Better Third Choice","BetterRewards","Card Forge","Colored Map","Colored Powertips","Conspire","Disable Question Mark Monsters","Fireblade Mod","Friendly Minions","Gensokyo","GifTheSpireLib","Glutton Mod","Googly Eyes","Gremlin Mod","Hermit","Hubris","Infinite Spire","Koishi","Marisa????????","Minty Spire (QoL Compilation)","Permanent Neow","Potionbrewer","Quick Restart","Random Character Button","Rare Cards Sparkle","Relic Filter","Replay The Spire","Robot Space Explorer","Shade Mod","Shop Mod","Small Relic Pack","Spicy Shops","StSLib","Stuff the Spire","SuperFastMode","The Animator","The Cursed","The Druid","The Gatherer","The Hierophant","The IronCluck","The Jungle","The Marked","The Runesmith","Virulent Crown","Waifu the Spire","Wandering Minibosses","vexMod"],"gold_per_floor":[110,120,134,151,166,199,218,246,246,277,292,312,282,297,297,393,393,410,425,425,425],"floor_reached":20,"playtime":1444,"items_purged":[],"score":202,"play_id":"828a9922-15b2-4661-b49d-2e65869809fa","local_time":"20210104230953","is_ascension_mode":false,"campfire_choices":[{"floor":15,"key":"REST"}],"circlet_count":0,"master_deck":["RobotSpaceExplorer:Strike+1","RobotSpaceExplorer:Strike+1","RobotSpaceExplorer:Strike+1","RobotSpaceExplorer:Strike+1","RobotSpaceExplorer:Defend+1","RobotSpaceExplorer:Defend+1","RobotSpaceExplorer:Defend+1","RobotSpaceExplorer:Defend+1","RobotSpaceExplorer:Scan","RobotSpaceExplorer:MiniLasers","RobotSpaceExplorer:Electropulse","RobotSpaceExplorer:Fix","RobotSpaceExplorer:Smokescreen","RobotSpaceExplorer:SurgingShield","RobotSpaceExplorer:Fix","RobotSpaceExplorer:Electroshield","RobotSpaceExplorer:PlasmaMissile","RobotSpaceExplorer:HighVoltage","RobotSpaceExplorer:FreezeRay+1","RobotSpaceExplorer:StunGrenade","RobotSpaceExplorer:Ammunition","RobotSpaceExplorer:DroneSwarm","RobotSpaceExplorer:Fix+1","RobotSpaceExplorer:Discharger"],"relics":["RobotSpaceExplorer:RoboCore","Hammer of Thor","Seething Fire","Anvil of the Gods","Blood Vial","Pet Ghost","conspire:DecoderRing","StuffTheSpire:OldFever","aspiration:RandomNobGenerator"],"acts_visited":["Exordium","TheCity"],"potions_floor_usage":[6,6,8,14,16,16,20,20],"damage_taken":[{"damage":0,"enemies":"conspire:RoseBush","floor":1,"turns":3},{"damage":1,"enemies":"Cultist","floor":2,"turns":2},{"damage":0,"enemies":"Jaw Worm","floor":3,"turns":3},{"damage":1,"enemies":"Large Slime","floor":4,"turns":5},{"damage":0,"enemies":"3 Louse","floor":5,"turns":3},{"damage":1,"enemies":"Replay:BlueRogue","floor":6,"turns":7},{"damage":0,"enemies":"Gremlin Gang","floor":7,"turns":7},{"damage":42,"enemies":"Gremlin Nob","floor":8,"turns":6},{"damage":38,"enemies":"Replay:BlueRogue","floor":10,"turns":6},{"damage":19,"enemies":"Large Slime","floor":11,"turns":2},{"damage":3,"enemies":"Looter","floor":12,"turns":3},{"damage":11,"enemies":"Exordium Thugs","floor":14,"turns":5},{"damage":16,"enemies":"Slime Boss","floor":16,"turns":7},{"damage":0,"enemies":"2 Thieves","floor":18,"turns":3},{"damage":0,"enemies":"Chosen","floor":19,"turns":4},{"damage":102,"enemies":"Centurion and Healer","floor":20,"turns":5}],"seed_played":"8084103598559389940","potions_obtained":[{"floor":4,"key":"potionbrewer:NoxiousPotion"},{"floor":5,"key":"Swift Potion"},{"floor":7,"key":"DuplicationPotion"},{"floor":10,"key":"FairyPotion"},{"floor":12,"key":"potionbrewer:CleansingPotion"},{"floor":13,"key":"Adrenaline Potion"},{"floor":13,"key":"Fire Potion"},{"floor":16,"key":"RobotSpaceExplorer:RecyclePotion"},{"floor":19,"key":"BlessingOfTheForge"}],"is_trial":false,"path_per_floor":["M","M","M","M","M","E","M","E","T","E","M","M","?","M","R","B",null,"M","M","M"],"character_chosen":"RobotSpaceExplorer","items_purchased":[],"campfire_rested":1,"item_purchase_floors":[],"current_hp_per_floor":[82,81,81,81,81,81,82,40,40,12,26,29,29,28,52,46,82,82,82,0,0],"gold":425,"neow_bonus":"TEN_PERCENT_HP_BONUS","is_daily":false,"chose_seed":false,"campfire_upgraded":0,"win_rate":0.0,"timestamp":1609801793,"path_taken":["M","M","M","M","M","E","M","E","T","E","M","M","?","M","R","BOSS","M","M","M"],"items_purchased_type":[],"build_version":"2020-12-22","purchased_purges":0,"victory":false,"max_hp_per_floor":[82,82,82,82,82,82,82,82,82,82,82,82,82,82,82,82,82,82,82,82,82],"card_choices":[{"not_picked":["RobotSpaceExplorer:SlimeMissile","RobotSpaceExplorer:SwiftStep"],"picked":"RobotSpaceExplorer:Electropulse","floor":1},{"not_picked":["RobotSpaceExplorer:ToxicBomb","RobotSpaceExplorer:StarLightning"],"picked":"RobotSpaceExplorer:Fix","floor":2},{"not_picked":["RobotSpaceExplorer:SlimeMissile","RobotSpaceExplorer:JunkDive"],"picked":"RobotSpaceExplorer:Smokescreen","floor":3},{"not_picked":["RobotSpaceExplorer:Counterblock","RobotSpaceExplorer:FranticSearch"],"picked":"RobotSpaceExplorer:SurgingShield","floor":4},{"not_picked":["RobotSpaceExplorer:FrostMissile","RobotSpaceExplorer:ShovelStrike"],"picked":"RobotSpaceExplorer:Fix","floor":5},{"not_picked":["RobotSpaceExplorer:ScrapMissile","RobotSpaceExplorer:StarDust"],"picked":"RobotSpaceExplorer:Electroshield","floor":6},{"not_picked":["RobotSpaceExplorer:ShockKick","RobotSpaceExplorer:FrostMissile"],"picked":"RobotSpaceExplorer:PlasmaMissile","floor":7},{"not_picked":["RobotSpaceExplorer:RigExplosive","RobotSpaceExplorer:IronShell"],"picked":"RobotSpaceExplorer:HighVoltage","floor":8},{"not_picked":["RobotSpaceExplorer:ScrapMissile","RobotSpaceExplorer:Wormhole"],"picked":"RobotSpaceExplorer:FreezeRay","floor":10},{"not_picked":["RobotSpaceExplorer:ImprovisedAttack","RobotSpaceExplorer:DoubleFind"],"picked":"RobotSpaceExplorer:StunGrenade","floor":11},{"not_picked":["RobotSpaceExplorer:SlimeMissile","RobotSpaceExplorer:ShockKick","RobotSpaceExplorer:SurgingStrike"],"picked":"SKIP","floor":12},{"not_picked":["RobotSpaceExplorer:SlimeMissile","RobotSpaceExplorer:SurgingShield"],"picked":"RobotSpaceExplorer:Ammunition","floor":14},{"not_picked":["RobotSpaceExplorer:Scanner","RobotSpaceExplorer:Multitool"],"picked":"RobotSpaceExplorer:DroneSwarm","floor":16},{"not_picked":["RobotSpaceExplorer:Blitz","RobotSpaceExplorer:StunGrenade"],"picked":"RobotSpaceExplorer:Fix+1","floor":18},{"not_picked":["RobotSpaceExplorer:Electroshield","RobotSpaceExplorer:SwiftStep"],"picked":"RobotSpaceExplorer:Discharger","floor":19}],"player_experience":3862463,"relics_obtained":[{"floor":6,"key":"Blood Vial"},{"floor":8,"key":"Pet Ghost"},{"floor":9,"key":"conspire:DecoderRing"},{"floor":10,"key":"StuffTheSpire:OldFever"}],"event_choices":[{"damage_healed":0,"gold_gain":0,"player_choice":"Bought 2 Potions","damage_taken":0,"max_hp_gain":0,"max_hp_loss":0,"event_name":"The Woman in Blue","floor":13,"gold_loss":0}],"is_beta":false,"boss_relics":[{"not_picked":["conspire:SeveredTorchhead","RobotSpaceExplorer:TurboCore"],"picked":"aspiration:RandomNobGenerator"}],"items_purged_floors":[],"is_endless":false,"potions_floor_spawned":[4,5,7,10,12,16,19],"killed_by":"Centurion and Healer","ascension_level":0}}