{"host":"y89x8uui45kcjy42","time":1609743243,"event":{"mods":["2.2 Compatiblity","BaseMod","CapriCore","Colored Map","Colored Powertips","Custom Start","Friendly Minions","Keyboard Shortcuts","Lobotomy","Minty Spire (QoL Compilation)","Relic Stats","Slay the Relics Exporter","StSLib","SuperFastMode","Uncapped"],"gold_per_floor":[119,133,58,73,73,73,73,73],"floor_reached":7,"playtime":187,"items_purged":["Strike_B"],"score":82,"play_id":"10463446-4c53-4e55-91c0-e052e778187a","local_time":"20210104155403","is_ascension_mode":true,"campfire_choices":[{"data":"Zap","floor":6,"key":"SMITH"}],"circlet_count":0,"master_deck":["AscendersBane","Strike_B","Strike_B","Strike_B","Defend_B","Defend_B","Defend_B","Defend_B","Zap+1","Dualcast","OSAHOGD","Hologram","VoidDream","Undo","Self Repair"],"relics":["Cracked Core","CogitoBucket","DataDisk","ClockworkSouvenir","Inserter","Ring of the Serpent","DataDisk"],"acts_visited":["Exordium"],"potions_floor_usage":[],"damage_taken":[{"damage":6,"enemies":"Cultist","floor":1,"turns":3},{"damage":13,"enemies":"Small Slimes","floor":2,"turns":3},{"damage":12,"enemies":"Jaw Worm","floor":4,"turns":5},{"damage":46,"enemies":"Gremlin Nob","floor":7,"turns":4}],"seed_played":"-8741821409212333104","potions_obtained":[{"floor":2,"key":"Weak Potion"},{"floor":4,"key":"FearPotion"}],"is_trial":false,"path_per_floor":["M","M","$","M","$","R","E"],"character_chosen":"DEFECT","items_purchased":[],"campfire_rested":0,"item_purchase_floors":[],"current_hp_per_floor":[58,45,45,33,33,33,0,0],"gold":73,"neow_bonus":"","is_daily":false,"chose_seed":false,"campfire_upgraded":1,"win_rate":0.0,"timestamp":1609743243,"path_taken":["M","M","$","M","?","R","E"],"items_purchased_type":[],"build_version":"2020-12-22","purchased_purges":1,"victory":false,"max_hp_per_floor":[71,71,71,71,71,71,71,71],"relic_stats":{"Inserter":[6],"counters":[4,15],"obtain_stats":[{"CogitoBucket":0,"DataDisk":1,"Inserter":1,"Cracked Core":0,"Ring of the Serpent":1,"ClockworkSouvenir":1},{"CogitoBucket":0,"DataDisk":1,"Inserter":1,"Cracked Core":0,"Ring of the Serpent":1,"ClockworkSouvenir":1},{"CogitoBucket":0,"DataDisk":2,"Inserter":3,"Cracked Core":0,"Ring of the Serpent":3,"ClockworkSouvenir":3}]},"card_choices":[{"not_picked":["ShyLook","OldLady","SpiderBud"],"picked":"Singing Bowl","floor":1},{"not_picked":["WallGazer","GalaxyChild"],"picked":"OSAHOGD","floor":1},{"not_picked":["Leap","Steam"],"picked":"Hologram","floor":1},{"not_picked":["MHz","LongBird"],"picked":"VoidDream","floor":2},{"not_picked":["Hologram","Sweeping Beam"],"picked":"Undo","floor":2},{"not_picked":["UniverseFragment","Bloodbath","OldLady"],"picked":"Singing Bowl","floor":4},{"not_picked":["Barrage","Blizzard"],"picked":"Self Repair","floor":4}],"player_experience":559670,"relics_obtained":[],"event_choices":[],"is_beta":false,"boss_relics":[],"items_purged_floors":[3],"is_endless":false,"potions_floor_spawned":[2,4],"killed_by":"Gremlin Nob","ascension_level":20}}