{"host":"7pe9xwx78c6nlay8","time":1609760385,"event":{"mods":["BaseMod","Minty Spire (QoL Compilation)"],"gold_per_floor":[111,186,186,71,89,89,124,124,124,144,175,20,48,198,198,274,274,294,294,312,346,361,361,391,411,411,227,257,269,285,335,335,409,409,424,439,459,478,497,526,17,17,40,71,71,71,97,116,116,116],"floor_reached":51,"playtime":2519,"items_purged":["Defend_P","Parasite"],"score":1598,"play_id":"2a4d6385-913e-442e-943b-61bcdd8cf653","local_time":"20210104193945","is_ascension_mode":true,"campfire_choices":[{"data":"Eruption","floor":6.0,"key":"SMITH"},{"data":"WindmillStrike","floor":8.0,"key":"SMITH"},{"floor":15.0,"key":"REST"},{"floor":23.0,"key":"REST"},{"data":"Apotheosis","floor":32.0,"key":"SMITH"},{"floor":42.0,"key":"REST"},{"floor":49,"key":"REST"}],"circlet_count":0,"master_deck":["AscendersBane","Strike_P","Strike_P","Eruption+1","Vigilance","WindmillStrike+1","Weave","TalkToTheHand","Wireheading","JustLucky","CutThroughFate","Apotheosis+1","CutThroughFate","Judgement","JustLucky+1","CutThroughFate","ThirdEye+1","ThirdEye","Consecrate+1","CarveReality+1","Evaluate","JustLucky","WaveOfTheHand+1","Study","CutThroughFate+1"],"relics":["PureWater","NeowsBlessing","The Courier","Bottled Tornado","CloakClasp","Centennial Puzzle","Empty Cage","Enchiridion","Red Mask","Lizard Tail","StrikeDummy","HandDrill","PreservedInsect","Astrolabe","Boot","Strange Spoon","Lantern","Happy Flower","Nunchaku","Blood Vial","Potion Belt"],"acts_visited":["Exordium","TheCity","TheBeyond"],"potions_floor_usage":[48,48],"damage_taken":[{"damage":0.0,"enemies":"Small Slimes","floor":1.0,"turns":1.0},{"damage":0.0,"enemies":"2 Louse","floor":5.0,"turns":1.0},{"damage":0.0,"enemies":"3 Sentries","floor":7.0,"turns":1.0},{"damage":0.0,"enemies":"Cultist","floor":10.0,"turns":4.0},{"damage":25.0,"enemies":"Gremlin Nob","floor":11.0,"turns":4.0},{"damage":17.0,"enemies":"3 Sentries","floor":13.0,"turns":7.0},{"damage":20.0,"enemies":"Slime Boss","floor":16.0,"turns":4.0},{"damage":0.0,"enemies":"Shell Parasite","floor":18.0,"turns":3.0},{"damage":7.0,"enemies":"Chosen","floor":20.0,"turns":3.0},{"damage":0.0,"enemies":"Masked Bandits","floor":21.0,"turns":2.0},{"damage":13.0,"enemies":"Snake Plant","floor":22.0,"turns":3.0},{"damage":0.0,"enemies":"Gremlin Leader","floor":24.0,"turns":4.0},{"damage":0.0,"enemies":"Sentry and Sphere","floor":25.0,"turns":3.0},{"damage":15.0,"enemies":"Slavers","floor":28.0,"turns":4.0},{"damage":12.0,"enemies":"Cultist and Chosen","floor":29.0,"turns":5.0},{"damage":21.0,"enemies":"Snake Plant","floor":30.0,"turns":4.0},{"damage":3.0,"enemies":"Champ","floor":33.0,"turns":8.0},{"damage":0.0,"enemies":"Orb Walker","floor":35.0,"turns":2.0},{"damage":4.0,"enemies":"3 Shapes","floor":36.0,"turns":2.0},{"damage":0.0,"enemies":"Writhing Mass","floor":37.0,"turns":4.0},{"damage":0.0,"enemies":"Jaw Worm Horde","floor":38.0,"turns":2.0},{"damage":0.0,"enemies":"Transient","floor":39.0,"turns":5.0},{"damage":32.0,"enemies":"Nemesis","floor":40.0,"turns":5.0},{"damage":0,"enemies":"Giant Head","floor":44,"turns":5},{"damage":0,"enemies":"Reptomancer","floor":47,"turns":3},{"damage":0,"enemies":"Spire Growth","floor":48,"turns":4},{"damage":77,"enemies":"Time Eater","floor":50,"turns":13}],"seed_played":"3581288341998110187","potions_obtained":[{"floor":1.0,"key":"Fruit Juice"},{"floor":10.0,"key":"Weak Potion"},{"floor":11.0,"key":"SmokeBomb"},{"floor":13.0,"key":"Energy Potion"},{"floor":20.0,"key":"Explosive Potion"},{"floor":21.0,"key":"GamblersBrew"},{"floor":29.0,"key":"Ambrosia"},{"floor":33.0,"key":"BottledMiracle"},{"floor":39.0,"key":"Weak Potion"},{"floor":40.0,"key":"FairyPotion"},{"floor":44,"key":"DistilledChaos"},{"floor":47,"key":"SneckoOil"}],"is_trial":false,"path_per_floor":["M","?","?","$","M","R","E","R","T","M","E","$","E","?","R","B",null,"M","?","M","?","M","R","E","M","T","$","E","M","M","?","R","B",null,"M","M","M","M","M","E","$","R","T","E","$","?","E","M","R","B",null],"character_chosen":"WATCHER","items_purchased":["Weave","TalkToTheHand","Apotheosis","HandDrill","Strange Spoon","Lantern","Happy Flower","Study"],"campfire_rested":4,"item_purchase_floors":[4,4,12,27,41,41,41,41],"current_hp_per_floor":[66,55,48,48,48,48,48,48,48,48,23,23,6,6,27,7,57,57,36,29,29,16,37,37,37,37,37,22,10,31,31,31,28,62,62,58,58,58,58,26,26,47,47,47,47,47,49,51,70,21],"gold":116,"neow_bonus":"THREE_ENEMY_KILL","is_daily":false,"chose_seed":false,"campfire_upgraded":3,"win_rate":0.0,"timestamp":1609760385,"path_taken":["M","?","?","$","M","R","E","R","T","M","E","$","E","?","R","BOSS","M","?","M","?","M","R","E","M","T","$","E","M","M","?","R","BOSS","M","M","?","M","M","E","$","R","T","E","?","?","E","M","R","BOSS"],"items_purchased_type":["Card","Card","Card","Relic","Relic","Relic","Relic","Card"],"build_version":"2020-12-22","purchased_purges":2,"victory":true,"max_hp_per_floor":[73,73,73,73,73,73,73,73,73,73,73,73,73,73,73,73,73,73,73,73,73,73,73,73,73,73,73,73,73,73,73,73,73,73,73,73,73,73,73,73,70,70,70,70,70,70,70,70,70,70],"card_choices":[{"not_picked":["SignatureMove","SashWhip"],"picked":"WindmillStrike","floor":1.0},{"not_picked":["WaveOfTheHand","WheelKick"],"picked":"Wireheading","floor":5.0},{"not_picked":["Conclude","Evaluate","Vengeance"],"picked":"SKIP","floor":7.0},{"not_picked":["Consecrate","FlurryOfBlows"],"picked":"JustLucky","floor":10.0},{"not_picked":["FlyingSleeves","Establishment"],"picked":"CutThroughFate","floor":11.0},{"not_picked":["WreathOfFlame","ReachHeaven"],"picked":"CutThroughFate","floor":13.0},{"not_picked":["Ragnarok","Vault"],"picked":"Judgement","floor":16.0},{"not_picked":["Fasting2+1","ForeignInfluence"],"picked":"JustLucky+1","floor":18.0},{"not_picked":["WreathOfFlame+1","Evaluate","ClearTheMind"],"picked":"SKIP","floor":20.0},{"not_picked":["Vengeance","FlurryOfBlows","EmptyBody"],"picked":"SKIP","floor":22.0},{"not_picked":["Fasting2","FollowUp"],"picked":"CutThroughFate","floor":24.0},{"not_picked":["WheelKick+1","Protect"],"picked":"ThirdEye+1","floor":25.0},{"not_picked":["SashWhip","Evaluate","Consecrate"],"picked":"SKIP","floor":28.0},{"not_picked":["Swivel","Pray","CrushJoints"],"picked":"SKIP","floor":29.0},{"not_picked":["BattleHymn","Consecrate"],"picked":"ThirdEye","floor":30.0},{"not_picked":["Indignation","ForeignInfluence","Halt"],"picked":"SKIP","floor":35.0},{"not_picked":["ThirdEye","Consecrate"],"picked":"Evaluate","floor":36.0},{"not_picked":["Meditate","Wireheading","Collect"],"picked":"SKIP","floor":37.0},{"not_picked":["ClearTheMind+1","Protect"],"picked":"JustLucky","floor":38.0},{"not_picked":["ClearTheMind","Evaluate+1","Halt"],"picked":"SKIP","floor":39.0},{"not_picked":["Worship","MasterReality"],"picked":"WaveOfTheHand+1","floor":40.0},{"not_picked":["Halt","Blasphemy","SandsOfTime+1"],"picked":"SKIP","floor":44},{"not_picked":["ThirdEye","EmptyFist","LikeWater"],"picked":"SKIP","floor":47},{"not_picked":["Protect","ClearTheMind"],"picked":"CutThroughFate+1","floor":48}],"player_experience":1601395,"relics_obtained":[{"floor":7.0,"key":"The Courier"},{"floor":9.0,"key":"Bottled Tornado"},{"floor":11.0,"key":"CloakClasp"},{"floor":13.0,"key":"Centennial Puzzle"},{"floor":19.0,"key":"Enchiridion"},{"floor":21.0,"key":"Red Mask"},{"floor":24.0,"key":"Lizard Tail"},{"floor":26.0,"key":"StrikeDummy"},{"floor":28.0,"key":"PreservedInsect"},{"floor":40.0,"key":"Boot"},{"floor":43.0,"key":"Nunchaku"},{"floor":44,"key":"Blood Vial"},{"floor":47,"key":"Potion Belt"}],"event_choices":[{"damage_healed":0.0,"max_hp_gain":0.0,"max_hp_loss":0.0,"gold_gain":75.0,"event_name":"World of Goop","player_choice":"Gather Gold","floor":2.0,"gold_loss":0.0,"damage_taken":11.0},{"cards_removed":["Defend_P"],"damage_healed":0.0,"max_hp_gain":0.0,"max_hp_loss":0.0,"gold_gain":0.0,"event_name":"Golden Wing","player_choice":"Card Removal","floor":3.0,"gold_loss":0.0,"damage_taken":7.0},{"damage_healed":0.0,"max_hp_gain":0.0,"max_hp_loss":0.0,"gold_gain":150.0,"event_name":"Liars Game","player_choice":"AGREE","floor":14.0,"gold_loss":0.0,"damage_taken":0.0,"cards_obtained":["Doubt"]},{"damage_healed":0.0,"max_hp_gain":0.0,"max_hp_loss":0.0,"gold_gain":0.0,"event_name":"Cursed Tome","player_choice":"Obtained Book","floor":19.0,"gold_loss":0.0,"damage_taken":21.0},{"damage_healed":0.0,"max_hp_gain":0.0,"max_hp_loss":0.0,"gold_gain":0.0,"event_name":"Masked Bandits","player_choice":"Fought Bandits","floor":21.0,"gold_loss":0.0,"damage_taken":0.0},{"damage_healed":0.0,"max_hp_gain":0.0,"max_hp_loss":0.0,"gold_gain":50.0,"event_name":"Golden Shrine","player_choice":"Pray","floor":31.0,"gold_loss":0.0,"damage_taken":0.0},{"cards_removed":["Devotion"],"damage_healed":0,"gold_gain":0,"player_choice":"Removed Power","damage_taken":0,"max_hp_gain":0,"max_hp_loss":0,"event_name":"Falling","floor":46,"gold_loss":0}],"is_beta":false,"boss_relics":[{"not_picked":["Velvet Choker","SlaversCollar"],"picked":"Empty Cage"},{"not_picked":["VioletLotus","Tiny House"],"picked":"Astrolabe"}],"items_purged_floors":[27,41],"is_endless":false,"potions_floor_spawned":[1,10,11,13,20,21,29,33,36,39,40,44,47],"ascension_level":15}}