{"host":"06rryluxft509x3v","time":1609718753,"event":{"mods":["Act Like it!","Aspiration","BaseMod","Better Match","Conspire","Energized Spire","Friendly Minions","GifTheSpireLib","Halation","Hubris","Infinite Spire","Lobotomy","LobotomyExtend","Minty Spire (QoL Compilation)","Random Character Button","Replay The Spire","Spikes Relics","StSLib","Stuff the Spire"],"gold_per_floor":[113,63,63,23,36,63,81,109,160,160,160,160,185,214,226,333,345,369,30,55,67,67,67,78,108,132,132,132,32,32,66,78,94,94,201,201,227,257,287,287,322,322,361,361,361],"floor_reached":44,"playtime":4000,"items_purged":["Regret","infinitespire:Pacifist"],"score":711,"play_id":"941f333e-c063-4840-8c65-92552703ba5f","local_time":"20210103200553","is_ascension_mode":true,"campfire_choices":[{"data":"Bash","floor":11,"key":"SMITH"},{"floor":15,"key":"REST"},{"data":"Heavy Blade","floor":23,"key":"SMITH"},{"floor":30,"key":"REST"},{"floor":34,"key":"REST"},{"data":"ReplayTheSpireMod:LeadingStrike","floor":42,"key":"SMITH"}],"circlet_count":0,"master_deck":["Strike_R","Strike_R","Strike_R","Defend_R","Defend_R","Defend_R","Bash+1","Sword Boomerang","Shrug It Off","Shrug It Off","Spot Weakness","Shockwave","Rampage+1","Run Through","Twin Strike","Heavy Blade+1","Double Tap","Anger","Enlightenment","Violence","Armaments+1","Massacre+1","Cleave","ReplayTheSpireMod:LeadingStrike+1","Seeing Red+1","Juggernaut","hubris:SharpeningStone+1","Heavy Blade+1","Flame Barrier+1","Dropkick"],"relics":["Burning Blood","LetterFromLob","StuffTheSpire:RedRose","StuffTheSpire:Barrel","halation:Pancakes","Oddly Smooth Stone","MawBank","Cursed Key","Garlic","Kunai","Bronze Scales","halation:SelfBoilingWater","infinitespire:EvilPickle","Ooze Armor"],"acts_visited":["Exordium","TheCity","TheBeyond"],"potions_floor_usage":[6,14,20,24,35,43,44,44],"damage_taken":[{"damage":2,"enemies":"2 Louse","floor":1,"turns":3},{"damage":9,"enemies":"Jaw Worm","floor":5,"turns":4},{"damage":56,"enemies":"Gremlin Nob","floor":6,"turns":4},{"damage":3,"enemies":"Cultist","floor":7,"turns":3},{"damage":30,"enemies":"Replay:BlueRogue","floor":8,"turns":7},{"damage":27,"enemies":"3 Sentries","floor":13,"turns":6},{"damage":0,"enemies":"Large Slime","floor":14,"turns":3},{"damage":41,"enemies":"Hexaghost","floor":16,"turns":7},{"damage":8,"enemies":"3 Byrds","floor":18,"turns":5},{"damage":42,"enemies":"conspire:MimicChest","floor":20,"turns":4},{"damage":9,"enemies":"2 Thieves","floor":21,"turns":3},{"damage":8,"enemies":"Snake Plant","floor":24,"turns":5},{"damage":28,"enemies":"Nightmare","floor":25,"turns":6},{"damage":21,"enemies":"Book of Stabbing","floor":31,"turns":5},{"damage":14,"enemies":"Centurion and Healer","floor":32,"turns":4},{"damage":6,"enemies":"conspire:HollyBat","floor":33,"turns":6},{"damage":19,"enemies":"Pondfish","floor":35,"turns":9},{"damage":10,"enemies":"Orb Walker","floor":37,"turns":3},{"damage":8,"enemies":"3 Shapes","floor":38,"turns":1},{"damage":22,"enemies":"Maw","floor":39,"turns":7},{"damage":5,"enemies":"Jaw Worm Horde","floor":41,"turns":3},{"damage":14,"enemies":"3 Darklings","floor":43,"turns":3},{"damage":54,"enemies":"Reptomancer","floor":44,"turns":5}],"seed_played":"-7935461917540207156","potions_obtained":[{"floor":5,"key":"Regen Potion"},{"floor":13,"key":"SteroidPotion"},{"floor":18,"key":"Energy Potion"},{"floor":21,"key":"Weak Potion"},{"floor":31,"key":"Doom Potion"},{"floor":33,"key":"Milkshake"},{"floor":37,"key":"Dexterity Potion"},{"floor":41,"key":"Energy Potion"}],"is_trial":false,"path_per_floor":["M","?","?","$","M","E","M","E","T","M","R","?","E","M","R","B",null,"M","$","?","M","?","R","M","NM","T","PTL","PTL","$","R","E","M","M","R","B",null,"M","M","M","$","M","R","M","E"],"character_chosen":"IRONCLAD","items_purchased":["Shrug It Off","Enlightenment","Violence"],"campfire_rested":3,"item_purchase_floors":[4,19,19],"current_hp_per_floor":[80,80,80,80,77,39,42,64,64,64,64,64,43,49,73,38,80,78,78,50,55,55,55,53,31,31,31,31,31,55,48,40,40,64,51,80,76,74,58,58,59,59,51,0,0],"gold":361,"neow_bonus":"REMOVE_CARD","is_daily":false,"chose_seed":false,"campfire_upgraded":3,"win_rate":0.0,"timestamp":1609718753,"path_taken":["M","?","?","?","M","E","M","E","T","?","R","?","E","?","R","BOSS","M","$","?","M","?","R","?","NM","T","PTL","PTL","$","R","E","M","M","R","BOSS","M","M","M","$","M","R","M","E"],"items_purchased_type":["Card","Card","Card"],"build_version":"2020-12-22","purchased_purges":2,"victory":false,"max_hp_per_floor":[80,80,80,80,80,80,80,80,80,80,80,80,80,80,80,80,80,80,80,80,80,80,80,80,80,80,80,80,80,80,80,80,80,80,80,80,80,80,80,80,80,80,80,80,80],"card_choices":[{"not_picked":["Replay:Undeath\u0027s Touch","Armaments"],"picked":"Sword Boomerang","floor":1},{"not_picked":["Thunderclap","Dark Embrace"],"picked":"Spot Weakness","floor":5},{"not_picked":["conspire:Purge","Clash"],"picked":"Shockwave","floor":6},{"not_picked":["Power Through","Hemokinesis"],"picked":"Rampage","floor":7},{"not_picked":["hubris:ReadiedAction","Spot Weakness"],"picked":"Run Through","floor":8},{"not_picked":["Armaments","hubris:ReadiedAction"],"picked":"Twin Strike","floor":13},{"not_picked":["Massacre","Havoc"],"picked":"Heavy Blade","floor":14},{"not_picked":["Demon Form","Berserk"],"picked":"Double Tap","floor":16},{"not_picked":["Warcry","StuffTheSpire:Pyroclast"],"picked":"Anger","floor":18},{"not_picked":["Sword Boomerang","Corruption"],"picked":"Armaments+1","floor":21},{"not_picked":["Rage","Disarm"],"picked":"Massacre+1","floor":24},{"not_picked":["Thunderclap","Sever Soul"],"picked":"Cleave","floor":25},{"not_picked":["Warcry+1","StuffTheSpire:RockThrow+1"],"picked":"ReplayTheSpireMod:LeadingStrike","floor":31},{"not_picked":["Thunderclap+1","Anger","Wild Strike"],"picked":"SKIP","floor":32},{"not_picked":["Heavy Blade","True Grit+1"],"picked":"Seeing Red+1","floor":33},{"not_picked":["Impervious","conspire:Purge"],"picked":"Juggernaut","floor":35},{"not_picked":["StuffTheSpire:RockThrow","StuffTheSpire:Resist+1"],"picked":"hubris:SharpeningStone+1","floor":37},{"not_picked":["StuffTheSpire:Incineration+1","Offering"],"picked":"Heavy Blade+1","floor":38},{"not_picked":["Heavy Blade","Perfected Strike+1"],"picked":"Flame Barrier+1","floor":39},{"not_picked":["Pommel Strike+1","Clothesline"],"picked":"Dropkick","floor":41},{"not_picked":["Feel No Pain","ReplayReversal","Pommel Strike"],"picked":"SKIP","floor":43}],"player_experience":194350,"relics_obtained":[{"floor":1,"key":"LetterFromLob"},{"floor":6,"key":"StuffTheSpire:Barrel"},{"floor":8,"key":"halation:Pancakes"},{"floor":9,"key":"Oddly Smooth Stone"},{"floor":13,"key":"MawBank"},{"floor":20,"key":"Garlic"},{"floor":25,"key":"Kunai"},{"floor":26,"key":"Bronze Scales"},{"floor":31,"key":"halation:SelfBoilingWater"}],"event_choices":[{"cards_removed":["Strike_R"],"damage_healed":0,"gold_gain":0,"player_choice":"Card Removal","damage_taken":0,"max_hp_gain":0,"max_hp_loss":0,"event_name":"The Cleric","floor":2,"gold_loss":50},{"damage_healed":0,"gold_gain":0,"player_choice":"Upgraded","damage_taken":0,"max_hp_gain":0,"max_hp_loss":0,"event_name":"Upgrade Shrine","floor":12,"gold_loss":0,"cards_upgraded":["Rampage"]},{"cards_removed":["Strike_R"],"damage_healed":0,"gold_gain":0,"player_choice":"Card Removal","damage_taken":0,"max_hp_gain":0,"max_hp_loss":0,"event_name":"Wheel of Change","floor":22,"gold_loss":0}],"is_beta":false,"boss_relics":[{"not_picked":["hubris:TerracottaHorce","halation:PlatinumPhoenix"],"picked":"Cursed Key"},{"not_picked":["hubris:Stopwatch","energizedSpire:DecayingSkull"],"picked":"Ooze Armor"}],"items_purged_floors":[19,29],"is_endless":true,"potions_floor_spawned":[5,13,18,21,31,33,37,41],"killed_by":"Reptomancer","ascension_level":3}}