{"host":"f5n4tidiz2n5sooh","time":1609757053,"event":{"mods":["BaseMod","Bestiary","Colored Map","Minty Spire (QoL Compilation)","Relic Stats","StSLib"],"gold_per_floor":[14,26,41,52,17,43,43,68,68,68,68,79,113,123,123,202,202,221,221,50,50,50,50,63,92,92,106,106,106,126,145,145,145,145],"floor_reached":33,"playtime":2575,"items_purged":[],"score":574,"play_id":"2a37940e-5006-41f9-a4da-833b908b026f","local_time":"20210104044413","is_ascension_mode":true,"campfire_choices":[{"data":"Defragment","floor":7.0,"key":"SMITH"},{"data":"Sunder","floor":11.0,"key":"SMITH"},{"data":"Coolheaded","floor":15,"key":"SMITH"},{"data":"Ghostly","floor":23,"key":"SMITH"},{"data":"Ghostly","floor":29,"key":"SMITH"},{"floor":32,"key":"REST"}],"circlet_count":0,"master_deck":["AscendersBane","Strike_B+1","Defend_B+1","Defend_B+1","Defend_B+1","Defend_B+1","Zap","Dualcast","Sunder+1","Chill","Static Discharge","Defragment+1","Coolheaded+1","Sweeping Beam","Melter","Hologram","Seek","Go for the Eyes","Ghostly+1","Ghostly+1","Ghostly","Ball Lightning","Buffer","Hologram+1","Darkness+1","Darkness+1","Stack+1"],"relics":["Cracked Core","CaptainsWheel","Happy Flower","Gremlin Horn","Letter Opener","Shuriken","Inserter","Nilry\u0027s Codex","ClockworkSouvenir","Toxic Egg 2","Molten Egg 2"],"acts_visited":["Exordium","TheCity"],"potions_floor_usage":[14,25,25],"damage_taken":[{"damage":1.0,"enemies":"Small Slimes","floor":1.0,"turns":3.0},{"damage":7.0,"enemies":"Jaw Worm","floor":2.0,"turns":3.0},{"damage":0.0,"enemies":"2 Louse","floor":3.0,"turns":1.0},{"damage":0.0,"enemies":"Exordium Wildlife","floor":4.0,"turns":2.0},{"damage":14.0,"enemies":"3 Sentries","floor":6.0,"turns":8.0},{"damage":13.0,"enemies":"Gremlin Nob","floor":8.0,"turns":3.0},{"damage":0.0,"enemies":"Gremlin Gang","floor":12.0,"turns":1.0},{"damage":3,"enemies":"3 Sentries","floor":13,"turns":6},{"damage":1,"enemies":"Large Slime","floor":14,"turns":4},{"damage":12,"enemies":"The Guardian","floor":16,"turns":10},{"damage":12,"enemies":"3 Byrds","floor":18,"turns":2},{"damage":0,"enemies":"Spheric Guardian","floor":24,"turns":2},{"damage":22,"enemies":"Book of Stabbing","floor":25,"turns":5},{"damage":0,"enemies":"Snecko","floor":27,"turns":8},{"damage":0,"enemies":"Sentry and Sphere","floor":30,"turns":3},{"damage":0,"enemies":"Cultist and Chosen","floor":31,"turns":7},{"damage":23,"enemies":"Collector","floor":33,"turns":9}],"seed_played":"9101251034807085169","potions_obtained":[{"floor":4.0,"key":"AttackPotion"},{"floor":6.0,"key":"EntropicBrew"},{"floor":12.0,"key":"SkillPotion"},{"floor":13,"key":"EssenceOfDarkness"},{"floor":24,"key":"Block Potion"}],"is_trial":false,"path_per_floor":["M","M","M","M","?","E","R","E","T","?","R","M","E","M","R","B",null,"M","?","$","?","?","R","M","E","T","M","?","R","M","M","R","B"],"character_chosen":"DEFECT","items_purchased":["ClockworkSouvenir"],"campfire_rested":1,"item_purchase_floors":[20],"current_hp_per_floor":[63,56,56,56,71,57,57,44,44,44,44,44,41,40,40,28,60,48,27,27,27,27,27,27,5,5,5,5,5,5,5,15,0,0],"gold":145,"neow_bonus":"ONE_RARE_RELIC","is_daily":false,"chose_seed":false,"campfire_upgraded":5,"win_rate":0.0,"timestamp":1609757053,"path_taken":["M","M","M","M","?","E","R","E","T","?","R","M","E","M","R","BOSS","M","?","$","?","?","R","M","E","T","M","?","R","?","?","R","BOSS"],"items_purchased_type":["Relic"],"build_version":"2020-12-22","purchased_purges":0,"victory":false,"max_hp_per_floor":[71,71,71,71,71,71,71,71,71,71,71,71,71,71,71,71,71,71,71,71,35,35,35,35,35,35,35,35,35,35,35,35,35,35],"relic_stats":{"Inserter":[18],"Happy Flower":[20],"Gremlin Horn":[12,12],"counters":[17,77],"Shuriken":[1],"Letter Opener":[87],"obtain_stats":[{"CaptainsWheel":0,"Inserter":17,"Happy Flower":6,"Gremlin Horn":8,"Shuriken":13,"Nilry\u0027s Codex":19,"Molten Egg 2":26,"Letter Opener":9,"Toxic Egg 2":25,"Cracked Core":0,"ClockworkSouvenir":20},{"CaptainsWheel":0,"Inserter":10,"Happy Flower":5,"Gremlin Horn":6,"Shuriken":8,"Nilry\u0027s Codex":11,"Molten Egg 2":13,"Letter Opener":6,"Toxic Egg 2":13,"Cracked Core":0,"ClockworkSouvenir":11},{"CaptainsWheel":0,"Inserter":41,"Happy Flower":17,"Gremlin Horn":20,"Shuriken":27,"Nilry\u0027s Codex":43,"Molten Egg 2":50,"Letter Opener":20,"Toxic Egg 2":50,"Cracked Core":0,"ClockworkSouvenir":43}]},"card_choices":[{"not_picked":["Gash","Beam Cell"],"picked":"Sunder","floor":1.0},{"not_picked":["Sunder","Skim"],"picked":"Chill","floor":2.0},{"not_picked":["Sweeping Beam","Steam","Undo"],"picked":"SKIP","floor":3.0},{"not_picked":["Conserve Battery","Steam"],"picked":"Static Discharge","floor":4.0},{"not_picked":["Steam Power","Beam Cell"],"picked":"Defragment","floor":6.0},{"not_picked":["Skim","Stack"],"picked":"Coolheaded","floor":8.0},{"not_picked":["Steam","Barrage"],"picked":"Melter","floor":12.0},{"not_picked":["Double Energy","Rip and Tear"],"picked":"Hologram","floor":13},{"not_picked":["Sweeping Beam","Hello World","BootSequence"],"picked":"SKIP","floor":14},{"not_picked":["Buffer","Reboot"],"picked":"Seek","floor":16},{"not_picked":["Streamline","Leap"],"picked":"Go for the Eyes","floor":18},{"not_picked":["Static Discharge","Barrage","Leap"],"picked":"SKIP","floor":24},{"not_picked":["Double Energy+1","Heatsinks"],"picked":"Hologram+1","floor":25},{"not_picked":["Beam Cell+1","Doom and Gloom+1"],"picked":"Darkness+1","floor":27},{"not_picked":["Lockon+1","Turbo+1"],"picked":"Darkness+1","floor":30},{"not_picked":["Storm","Conserve Battery+1"],"picked":"Stack+1","floor":31}],"player_experience":1971543,"relics_obtained":[{"floor":6.0,"key":"Happy Flower"},{"floor":8.0,"key":"Gremlin Horn"},{"floor":9.0,"key":"Letter Opener"},{"floor":13,"key":"Shuriken"},{"floor":19,"key":"Nilry\u0027s Codex"},{"floor":25,"key":"Toxic Egg 2"},{"floor":26,"key":"Molten Egg 2"}],"event_choices":[{"damage_healed":17.0,"max_hp_gain":0.0,"max_hp_loss":0.0,"gold_gain":0.0,"event_name":"The Cleric","player_choice":"Healed","floor":5.0,"gold_loss":35.0,"damage_taken":0.0},{"damage_healed":0.0,"max_hp_gain":0.0,"max_hp_loss":0.0,"gold_gain":0.0,"cards_transformed":["Strike_B"],"event_name":"Living Wall","player_choice":"Change","floor":10.0,"gold_loss":0.0,"damage_taken":0.0,"cards_obtained":["Sweeping Beam"]},{"damage_healed":0,"gold_gain":0,"player_choice":"Obtained Book","damage_taken":21,"max_hp_gain":0,"max_hp_loss":0,"event_name":"Cursed Tome","floor":19,"gold_loss":0},{"damage_healed":0,"gold_gain":0,"player_choice":"Became a Ghost","damage_taken":0,"max_hp_gain":0,"max_hp_loss":36,"event_name":"Ghosts","floor":21,"gold_loss":0,"cards_obtained":["Ghostly","Ghostly","Ghostly"]},{"damage_healed":0,"gold_gain":0,"cards_transformed":["Strike_B","Strike_B"],"player_choice":"Became Test Subject","damage_taken":0,"max_hp_gain":0,"max_hp_loss":0,"event_name":"Drug Dealer","floor":22,"gold_loss":0,"cards_obtained":["Ball Lightning","Buffer"]},{"damage_healed":0,"gold_gain":0,"player_choice":"Simplicity","damage_taken":0,"max_hp_gain":0,"max_hp_loss":0,"event_name":"Back to Basics","floor":28,"gold_loss":0,"cards_upgraded":["Strike_B","Defend_B","Defend_B","Defend_B","Defend_B"]}],"is_beta":false,"boss_relics":[{"not_picked":["SlaversCollar","Runic Pyramid"],"picked":"Inserter"}],"items_purged_floors":[],"is_endless":false,"potions_floor_spawned":[4,6,12,13,24],"killed_by":"Collector","ascension_level":20}}