{"host":"6pfj0wha12yu6wq3","time":1609772279,"event":{"mods":["BaseMod","Colored Map","Colored Powertips","Curses Come First","DeckTracker","Minty Spire (QoL Compilation)","RNG Fix","Relic Sorter","Relic Stats","StSLib","ojb\u0027s Better Paths Mod","ojb\u0027s Info Mod"],"gold_per_floor":[13,13,29,29,42,76,76,112,186,186,146,111,131,150,150,248,248,148,148,148,148,148,148,148],"floor_reached":23,"playtime":1313,"items_purged":[],"score":398,"play_id":"2a64d81b-b16f-4c49-8f2d-20278ce13063","local_time":"20210104095759","is_ascension_mode":true,"campfire_choices":[{"data":"Noxious Fumes","floor":7,"key":"SMITH"},{"floor":10,"key":"REST"},{"data":"Corpse Explosion","floor":15,"key":"SMITH"}],"circlet_count":0,"master_deck":["AscendersBane","Strike_G","Strike_G","Strike_G","Defend_G","Defend_G","Defend_G","Defend_G","Defend_G","Survivor","Neutralize","Night Terror","Corpse Explosion+1","Outmaneuver","Noxious Fumes+1","Poisoned Stab","Backflip","Poisoned Stab","Malaise","Backflip","Malaise","Sucker Punch+1","Ghostly","Ghostly","Ghostly"],"relics":["Ring of the Snake","Golden Idol","Darkstone Periapt","Pen Nib","Sundial","Ectoplasm"],"acts_visited":["Exordium","TheCity"],"potions_floor_usage":[6,8,23],"damage_taken":[{"damage":0.0,"enemies":"Jaw Worm","floor":1.0,"turns":5.0},{"damage":0.0,"enemies":"Small Slimes","floor":3.0,"turns":3.0},{"damage":3.0,"enemies":"2 Louse","floor":5.0,"turns":5.0},{"damage":12,"enemies":"Lagavulin","floor":6,"turns":8},{"damage":45,"enemies":"Gremlin Nob","floor":8,"turns":5},{"damage":1,"enemies":"Looter","floor":11,"turns":4},{"damage":0,"enemies":"Blue Slaver","floor":13,"turns":5},{"damage":0,"enemies":"2 Fungi Beasts","floor":14,"turns":2},{"damage":19,"enemies":"The Guardian","floor":16,"turns":10},{"damage":12,"enemies":"2 Thieves","floor":18,"turns":5},{"damage":3,"enemies":"Spheric Guardian","floor":21,"turns":3},{"damage":41,"enemies":"Gremlin Leader","floor":23,"turns":8}],"seed_played":"8485712463184938344","potions_obtained":[{"floor":3.0,"key":"Ancient Potion"},{"floor":5.0,"key":"GamblersBrew"},{"floor":13,"key":"Dexterity Potion"},{"floor":21,"key":"Weak Potion"}],"is_trial":false,"path_per_floor":["M","?","M","?","M","E","R","E","T","R","M","?","M","M","R","B",null,"M","?","?","M","?","E"],"character_chosen":"THE_SILENT","items_purchased":[],"campfire_rested":1,"item_purchase_floors":[],"current_hp_per_floor":[59,59,59,64,61,49,49,4,4,23,22,38,38,38,38,19,54,42,42,42,39,32,0,0],"gold":148,"neow_bonus":"TRANSFORM_TWO_CARDS","is_daily":false,"chose_seed":false,"campfire_upgraded":2,"win_rate":0.0,"timestamp":1609772279,"path_taken":["M","?","M","?","M","E","R","E","T","R","?","?","M","M","R","BOSS","M","?","?","M","?","E"],"items_purchased_type":[],"build_version":"2020-12-22","purchased_purges":0,"victory":false,"max_hp_per_floor":[66,60,60,65,65,65,65,65,65,65,65,65,65,65,65,65,65,65,65,65,65,32,32,32],"relic_stats":{"Darkstone Periapt":0,"counters":[12,63],"Golden Idol":57,"Sundial":[6],"Pen Nib":[3],"Ectoplasm":102,"obtain_stats":[{"Darkstone Periapt":6,"Golden Idol":2,"Sundial":9,"Pen Nib":8,"Ectoplasm":17,"Ring of the Snake":0},{"Darkstone Periapt":4,"Golden Idol":1,"Sundial":5,"Pen Nib":5,"Ectoplasm":9,"Ring of the Snake":0},{"Darkstone Periapt":21,"Golden Idol":5,"Sundial":26,"Pen Nib":26,"Ectoplasm":47,"Ring of the Snake":0}],"Ring of the Snake":[24]},"card_choices":[{"not_picked":["Deflect","Accuracy","Outmaneuver"],"picked":"SKIP","floor":1.0},{"not_picked":["Acrobatics","Underhanded Strike"],"picked":"Outmaneuver","floor":3.0},{"not_picked":["Deadly Poison","Backflip"],"picked":"Noxious Fumes","floor":5.0},{"not_picked":["Blur","Bane"],"picked":"Poisoned Stab","floor":6},{"not_picked":["Blur","Outmaneuver"],"picked":"Backflip","floor":8},{"not_picked":["All Out Attack","Infinite Blades","Flying Knee"],"picked":"SKIP","floor":11},{"not_picked":["All Out Attack","Infinite Blades","Flying Knee"],"picked":"SKIP","floor":11},{"not_picked":["Dodge and Roll","Cloak And Dagger"],"picked":"Poisoned Stab","floor":13},{"not_picked":["Dodge and Roll","Infinite Blades","Cloak And Dagger"],"picked":"SKIP","floor":14},{"not_picked":["Grand Finale","Tools of the Trade"],"picked":"Malaise","floor":16},{"not_picked":["Prepared","Choke"],"picked":"Backflip","floor":18},{"not_picked":["Dash","Riddle With Holes"],"picked":"Sucker Punch+1","floor":21}],"player_experience":99967,"relics_obtained":[{"floor":6,"key":"Darkstone Periapt"},{"floor":8,"key":"Pen Nib"},{"floor":9,"key":"Sundial"}],"event_choices":[{"damage_healed":0.0,"max_hp_gain":0.0,"max_hp_loss":6.0,"gold_gain":0.0,"event_name":"Golden Idol","player_choice":"Lose Max HP","floor":2.0,"gold_loss":0.0,"damage_taken":0.0,"relics_obtained":["Golden Idol"]},{"damage_healed":0.0,"max_hp_gain":5.0,"max_hp_loss":0.0,"gold_gain":0.0,"event_name":"Big Fish","player_choice":"Donut","floor":4.0,"gold_loss":0.0,"damage_taken":0.0},{"damage_healed":16,"gold_gain":0,"player_choice":"Healed","damage_taken":0,"max_hp_gain":0,"max_hp_loss":0,"event_name":"The Cleric","floor":12,"gold_loss":35},{"damage_healed":0,"gold_gain":0,"player_choice":"Ignored","damage_taken":0,"max_hp_gain":0,"max_hp_loss":0,"event_name":"Vampires","floor":19,"gold_loss":0},{"damage_healed":0,"gold_gain":0,"player_choice":"Copied","damage_taken":0,"max_hp_gain":0,"max_hp_loss":0,"event_name":"Duplicator","floor":20,"gold_loss":0,"cards_obtained":["Malaise"]},{"damage_healed":0,"gold_gain":0,"player_choice":"Became a Ghost","damage_taken":0,"max_hp_gain":0,"max_hp_loss":33,"event_name":"Ghosts","floor":22,"gold_loss":0,"cards_obtained":["Ghostly","Ghostly","Ghostly"]}],"is_beta":false,"boss_relics":[{"not_picked":["HoveringKite","Black Star"],"picked":"Ectoplasm"}],"items_purged_floors":[],"is_endless":false,"potions_floor_spawned":[3,5,13,21],"killed_by":"Gremlin Leader","ascension_level":20}}