{"host":"dmdprxj8bosbz96f","time":1609767086,"event":{"mods":["AchievementEnabler","BaseMod","Colored Map","DeckTracker","Minty Spire (QoL Compilation)","Quick Restart","SuperFastMode","everything is the same but u backflip on backflip"],"gold_per_floor":[111,186,186,8,24,24,24,24,49,62,62,80,80,100,100,205,205,223,223,45,65,83,110,121,36,87,87,87,98,98,98],"floor_reached":30,"playtime":1446,"items_purged":["Strike_B","Defend_B"],"score":240,"play_id":"f204174e-5afa-4a1c-b5d1-26e3d4f954e2","local_time":"20210104223126","is_ascension_mode":false,"campfire_choices":[{"data":"Darkness","floor":6,"key":"SMITH"},{"floor":13,"key":"REST"},{"data":"Dualcast","floor":15,"key":"SMITH"},{"floor":28,"key":"REST"}],"circlet_count":0,"master_deck":["Strike_B","Strike_B","Defend_B+1","Defend_B","Zap+1","Dualcast+1","Darkness+1","Sweeping Beam","Redo","Machine Learning","Rebound+1","Darkness+1","Loop","Rebound+1","White Noise+1"],"relics":["Cracked Core","NeowsBlessing","MealTicket","Inserter","Regal Pillow","Akabeko","Bag of Preparation"],"acts_visited":["Exordium","TheCity"],"potions_floor_usage":[16,16,23,23,24,27],"damage_taken":[{"damage":0,"enemies":"Small Slimes","floor":1,"turns":1},{"damage":0,"enemies":"2 Louse","floor":5,"turns":1},{"damage":0,"enemies":"Cultist","floor":10,"turns":1},{"damage":16,"enemies":"Blue Slaver","floor":12,"turns":3},{"damage":3,"enemies":"Exordium Wildlife","floor":14,"turns":3},{"damage":23,"enemies":"The Guardian","floor":16,"turns":8},{"damage":20,"enemies":"2 Thieves","floor":18,"turns":4},{"damage":19,"enemies":"Shell Parasite","floor":21,"turns":4},{"damage":15,"enemies":"Snecko","floor":22,"turns":4},{"damage":31,"enemies":"Book of Stabbing","floor":23,"turns":4},{"damage":12,"enemies":"Chosen and Byrds","floor":24,"turns":4},{"damage":12,"enemies":"Colosseum Slavers","floor":27,"turns":2},{"damage":33,"enemies":"Snake Plant","floor":29,"turns":4},{"damage":9,"enemies":"Gremlin Leader","floor":30,"turns":3}],"seed_played":"-452063564779580642","potions_obtained":[{"floor":5,"key":"Weak Potion"},{"floor":12,"key":"BlessingOfTheForge"},{"floor":16,"key":"GamblersBrew"},{"floor":21,"key":"Weak Potion"},{"floor":23,"key":"BlessingOfTheForge"},{"floor":24,"key":"SmokeBomb"}],"is_trial":false,"path_per_floor":["M","?","?","$","M","R","$","?","T","M","?","M","R","M","R","B",null,"M","?","$","M","M","E","M","?","T","?","R","M","E"],"character_chosen":"DEFECT","items_purchased":["FairyPotion","Loop"],"campfire_rested":2,"item_purchase_floors":[4,20],"current_hp_per_floor":[75,64,57,57,57,57,57,57,57,57,42,26,48,45,45,22,75,55,55,70,51,36,5,15,15,15,3,40,7,0,0],"gold":98,"neow_bonus":"THREE_ENEMY_KILL","is_daily":false,"chose_seed":false,"campfire_upgraded":2,"win_rate":0.0,"timestamp":1609767086,"path_taken":["M","?","?","$","M","R","$","?","T","?","?","M","R","M","R","BOSS","M","?","$","M","?","E","M","?","T","?","R","M","E"],"items_purchased_type":["Potion","Card"],"build_version":"2020-12-22","purchased_purges":2,"victory":false,"max_hp_per_floor":[75,75,75,75,75,75,75,75,75,75,75,75,75,75,75,75,75,75,75,75,75,75,75,75,75,75,75,75,75,75,75],"card_choices":[{"not_picked":["Compile Driver","Chill"],"picked":"Darkness","floor":1},{"not_picked":["Beam Cell","Steam"],"picked":"Sweeping Beam","floor":5},{"not_picked":["Rebound","Sweeping Beam"],"picked":"Redo","floor":10},{"not_picked":["Stack","Compile Driver","Double Energy"],"picked":"SKIP","floor":12},{"not_picked":["Glacier","Conserve Battery","BootSequence"],"picked":"SKIP","floor":14},{"not_picked":["All For One","Buffer"],"picked":"Machine Learning","floor":16},{"not_picked":["Leap","Barrage"],"picked":"Rebound+1","floor":18},{"not_picked":["Go for the Eyes+1","Storm","Buffer"],"picked":"SKIP","floor":21},{"not_picked":["Cold Snap","Sweeping Beam"],"picked":"Rebound+1","floor":22},{"not_picked":["Rebound","Reinforced Body","Streamline+1"],"picked":"SKIP","floor":23},{"not_picked":["Biased Cognition","Steam"],"picked":"White Noise+1","floor":24},{"not_picked":["Double Energy","Stack+1","Fusion+1"],"picked":"SKIP","floor":29}],"player_experience":117701,"relics_obtained":[{"floor":9,"key":"MealTicket"},{"floor":23,"key":"Regal Pillow"},{"floor":26,"key":"Bag of Preparation"}],"event_choices":[{"damage_healed":0,"gold_gain":75,"player_choice":"Gather Gold","damage_taken":11,"max_hp_gain":0,"max_hp_loss":0,"event_name":"World of Goop","floor":2,"gold_loss":0},{"cards_removed":["Strike_B"],"damage_healed":0,"gold_gain":0,"player_choice":"Card Removal","damage_taken":7,"max_hp_gain":0,"max_hp_loss":0,"event_name":"Golden Wing","floor":3,"gold_loss":0},{"cards_removed":["Defend_B"],"damage_healed":0,"gold_gain":0,"player_choice":"Offered Basic","damage_taken":0,"max_hp_gain":0,"max_hp_loss":0,"event_name":"Bonfire Elementals","floor":8,"gold_loss":0},{"damage_healed":0,"gold_gain":0,"player_choice":"Entered Light","damage_taken":15,"max_hp_gain":0,"max_hp_loss":0,"event_name":"Shining Light","floor":11,"gold_loss":0,"cards_upgraded":["Zap","Defend_B"]},{"damage_healed":0,"gold_gain":0,"player_choice":"Copied","damage_taken":0,"max_hp_gain":0,"max_hp_loss":0,"event_name":"Duplicator","floor":19,"gold_loss":0,"cards_obtained":["Darkness"]},{"damage_healed":0,"gold_gain":0,"player_choice":"Obtained Relic","damage_taken":0,"relics_obtained":["Akabeko"],"max_hp_gain":0,"max_hp_loss":0,"event_name":"Addict","floor":25,"gold_loss":85},{"damage_healed":0,"gold_gain":0,"player_choice":"Fight","damage_taken":0,"max_hp_gain":0,"max_hp_loss":0,"event_name":"Colosseum","floor":27,"gold_loss":0},{"damage_healed":0,"gold_gain":0,"player_choice":"Fled From Nobs","damage_taken":0,"max_hp_gain":0,"max_hp_loss":0,"event_name":"Colosseum","floor":27,"gold_loss":0}],"is_beta":false,"boss_relics":[{"not_picked":["Busted Crown","Astrolabe"],"picked":"Inserter"}],"items_purged_floors":[4,20],"is_endless":false,"potions_floor_spawned":[5,12,14,16,21,23,24],"killed_by":"Gremlin Leader","ascension_level":0}}