{"host":"5gusigds1c3jyr99","time":1609731851,"event":{"mods":["AchievementEnabler","Arknights The Spire","Astrologer","BaseMod","CapriCore","ChefMod","GungeonMod","Hermit","Marisa£¨Ùöéë¡¡Øª×âÞÞ£©","Minty Spire (QoL Compilation)","Permanent Neow","Replay The Spire","StSLib","The Bug Knight","The Cursed","The Death Knight","The Disciple","The Dragon Tamer","The Gatherer","The Hierophant","The Immortal","The Jungle","The Poker Player","The Senshi","TheBandit","WarShipGirlsR/??á´Ò³R mod"],"gold_per_floor":[110,120,45,45,56,56,73,73,73,73,73,73,84,104,104,207,207,224,224,56,56,66,66,85,85,165,176,193,213,138,165,165,269,269,289,308,19,37,48,48,48,58,84,84,84,84,98,129,129,129],"floor_reached":51,"playtime":3290,"items_purged":["Regret","MokouMod:Strike"],"score":546,"play_id":"faba4942-f079-48b2-9e42-eb3e94d0a77e","local_time":"20210104124411","is_ascension_mode":false,"campfire_choices":[{"data":"MokouMod:HeatSpark","floor":6.0,"key":"SMITH"},{"data":"MokouMod:ResoluteFlare","floor":8.0,"key":"SMITH"},{"floor":10.0,"key":"REST"},{"data":"MokouMod:TemporalFireSeal","floor":15.0,"key":"SMITH"},{"data":"MokouMod:Refresh","floor":23.0,"key":"SMITH"},{"data":"MokouMod:SpontaneousHumanCombustion","floor":25.0,"key":"SMITH"},{"data":"MokouMod:InfernalWave","floor":32.0,"key":"SMITH"},{"data":"MokouMod:SacredFire","floor":40.0,"key":"SMITH"},{"floor":44.0,"key":"REST"}],"circlet_count":0,"master_deck":["MokouMod:Strike","MokouMod:Strike","MokouMod:Defend","MokouMod:Defend","MokouMod:Defend","MokouMod:HeatSpark+1","MokouMod:ResoluteFlare+1","MokouMod:TemporalFireSeal+1","MokouMod:Geothermal+1","MokouMod:Refresh+1","MokouMod:SpontaneousHumanCombustion+1","MokouMod:ScorchingColumn+1","MokouMod:Overheat+1","MokouMod:InfernalWave+1","MokouMod:Ember+1","MokouMod:SacredFire+1","MokouMod:HeatTransfer+1","MokouMod:Ember+1","MokouMod:DanceofFlames+1","MokouMod:ResonanceReactor+1","CommonCold"],"relics":["MokouMod:PhoenixFeather","Vajra","FossilizedHelix","DemoMod:RiddleOfLead","Replay:WaspNest","Incense Burner","Black Star","Replay:Towering Pillar of Hats","Blue Doll","ReplayTheSpireMod:Ring of Addiction","Potion Belt","Chameleon Ring","MealTicket","DemoMod:RingOfEthereal"],"acts_visited":["Exordium","TheCity","TheBeyond"],"potions_floor_usage":[48,50,50,50,50,50,50,50,50],"damage_taken":[{"damage":14.0,"enemies":"Cultist","floor":1.0,"turns":4.0},{"damage":5.0,"enemies":"Small Slimes","floor":2.0,"turns":4.0},{"damage":1.0,"enemies":"2 Louse","floor":5.0,"turns":2.0},{"damage":17.0,"enemies":"Large Slime","floor":7.0,"turns":6.0},{"damage":0.0,"enemies":"Exordium Thugs","floor":13.0,"turns":3.0},{"damage":0.0,"enemies":"Blue Slaver","floor":14.0,"turns":2.0},{"damage":35.0,"enemies":"Hexaghost","floor":16.0,"turns":11.0},{"damage":5.0,"enemies":"Spheric Guardian","floor":18.0,"turns":4.0},{"damage":0.0,"enemies":"2 Thieves","floor":22.0,"turns":3.0},{"damage":7.0,"enemies":"Snake Plant","floor":24.0,"turns":3.0},{"damage":0.0,"enemies":"Centurion and Healer","floor":27.0,"turns":5.0},{"damage":0.0,"enemies":"Snecko","floor":28.0,"turns":3.0},{"damage":0.0,"enemies":"Snake Plant","floor":29.0,"turns":2.0},{"damage":24.0,"enemies":"Champ","floor":33.0,"turns":8.0},{"damage":0.0,"enemies":"Orb Walker","floor":35.0,"turns":2.0},{"damage":0.0,"enemies":"3 Darklings","floor":36.0,"turns":5.0},{"damage":5.0,"enemies":"Maw","floor":38.0,"turns":6.0},{"damage":25.0,"enemies":"4 Shapes","floor":39.0,"turns":4.0},{"damage":15.0,"enemies":"Writhing Mass","floor":42.0,"turns":3.0},{"damage":0,"enemies":"Sphere and 2 Shapes","floor":47,"turns":4},{"damage":0,"enemies":"Nemesis","floor":48,"turns":5},{"damage":55,"enemies":"Replay:Hell Engine","floor":50,"turns":7}],"seed_played":"-2300446554069222550","potions_obtained":[{"floor":1.0,"key":"Elixir"},{"floor":16.0,"key":"FearPotion"},{"floor":24.0,"key":"LiquidBronze"},{"floor":29.0,"key":"DemoMod:LeadSkinPotion"},{"floor":35.0,"key":"AttackPotion"},{"floor":38.0,"key":"BlessingOfTheForge"},{"floor":45,"key":"Dexterity Potion"},{"floor":45,"key":"Dexterity Potion"},{"floor":45,"key":"ColorlessPotion"}],"is_trial":false,"path_per_floor":["M","M","$","?","M","R","M","R","T","R","?","?","M","M","R","B",null,"M","?","$","?","M","R","M","R","T","M","M","M","?","?","R","B",null,"M","M","$","M","M","R","?","M","T","R","?","$","M","E","R","B",null],"character_chosen":"MKU","items_purchased":["MokouMod:Refresh","Replay:Towering Pillar of Hats"],"campfire_rested":2,"item_purchase_floors":[20,37],"current_hp_per_floor":[61,56,56,56,55,55,38,38,38,60,53,53,53,53,53,18,85,80,64,64,64,64,64,57,57,57,57,57,57,57,21,21,22,90,90,90,90,85,60,60,33,18,18,45,45,45,45,45,72,17],"gold":129,"neow_bonus":"RANDOM_EVENT","is_daily":false,"chose_seed":false,"campfire_upgraded":7,"win_rate":0.0,"timestamp":1609731851,"path_taken":["M","?","$","?","M","R","M","R","T","R","?","?","?","M","R","BOSS","M","?","$","?","?","R","M","R","T","M","M","M","?","?","R","BOSS","M","M","$","M","M","R","?","M","T","R","?","$","M","E","R","BOSS"],"items_purchased_type":["Card","Relic"],"build_version":"2020-12-22","purchased_purges":2,"victory":true,"max_hp_per_floor":[75,75,75,75,75,75,75,75,75,75,75,75,75,75,75,75,85,85,90,90,90,90,90,90,90,90,90,90,90,90,90,90,90,90,90,90,90,90,90,90,90,90,90,90,90,90,90,90,90,90],"card_choices":[{"not_picked":["MokouMod:EternalBurstReactor","MokouMod:Scorch","MokouMod:FujiyamaVolcano"],"picked":"SKIP","floor":1.0},{"not_picked":["MokouMod:EternalBurstReactor","MokouMod:Meltdown"],"picked":"MokouMod:ResoluteFlare","floor":2.0},{"not_picked":["MokouMod:UncontrollableSolarReaction","MokouMod:RoaringFlare","MokouMod:ResoluteFlare"],"picked":"SKIP","floor":5.0},{"not_picked":["MokouMod:CrimsonFlare","MokouMod:Burn","MokouMod:InfernalWave"],"picked":"SKIP","floor":7.0},{"not_picked":["MokouMod:IgnitionBarrier","MokouMod:Meltdown","MokouMod:ScorchingColumn"],"picked":"SKIP","floor":13.0},{"not_picked":["MokouMod:Rebirth","MokouMod:UncontrollableSolarReaction"],"picked":"MokouMod:TemporalFireSeal","floor":14.0},{"not_picked":["MokouMod:ResonatingAura","MokouMod:PhoenixForm"],"picked":"MokouMod:Geothermal","floor":16.0},{"not_picked":["MokouMod:IgnitionBarrier","MokouMod:RoaringFlare","MokouMod:Firecracker"],"picked":"SKIP","floor":18.0},{"not_picked":["MokouMod:ScorchedEarth+1","MokouMod:Sear"],"picked":"MokouMod:Overheat","floor":22.0},{"not_picked":["MokouMod:PhoenixForm","MokouMod:IgnitionBlast","MokouMod:CrimsonFlare"],"picked":"SKIP","floor":24.0},{"not_picked":["MokouMod:IcarusDive+1","MokouMod:ResoluteFlare"],"picked":"MokouMod:InfernalWave","floor":27.0},{"not_picked":["MokouMod:IcarusDive+1","MokouMod:HeatCyclone","MokouMod:Singe+1"],"picked":"SKIP","floor":28.0},{"not_picked":["MokouMod:FlickeringFlame","MokouMod:ScorchingColumn+1"],"picked":"MokouMod:Ember+1","floor":29.0},{"not_picked":["MokouMod:Cataclysm+1","MokouMod:Trailblazer+1"],"picked":"MokouMod:SacredFire","floor":31.0},{"not_picked":["MokouMod:PhoenixFeathers+1","MokouMod:FlamingFireTalons","MokouMod:Firecracker"],"picked":"SKIP","floor":35.0},{"not_picked":["MokouMod:Firecracker+1","MokouMod:Fireball+1"],"picked":"MokouMod:HeatTransfer+1","floor":36.0},{"not_picked":["MokouMod:CrimsonFlare","MokouMod:ResoluteFlare"],"picked":"MokouMod:Ember+1","floor":38.0},{"not_picked":["MokouMod:WarmUp","MokouMod:Scorch"],"picked":"MokouMod:DanceofFlames","floor":39.0},{"not_picked":["MokouMod:FlareStarter","MokouMod:ShiftIgnition+1"],"picked":"MokouMod:ResonanceReactor+1","floor":42.0},{"not_picked":["MokouMod:Sear","MokouMod:Stoke","MokouMod:FlareStarter+1"],"picked":"SKIP","floor":47},{"not_picked":["MokouMod:FujiyamaVolcano+1","MokouMod:InfernalWave","MokouMod:GuidingSmoke+1"],"picked":"SKIP","floor":48}],"player_experience":610782,"relics_obtained":[{"floor":9.0,"key":"FossilizedHelix"},{"floor":26.0,"key":"Replay:WaspNest"},{"floor":31.0,"key":"Incense Burner"},{"floor":43.0,"key":"Blue Doll"},{"floor":45,"key":"ReplayTheSpireMod:Ring of Addiction"},{"floor":45,"key":"Potion Belt"},{"floor":45,"key":"Chameleon Ring"},{"floor":48,"key":"MealTicket"},{"floor":48,"key":"DemoMod:RingOfEthereal"}],"event_choices":[{"damage_healed":0.0,"max_hp_gain":0.0,"max_hp_loss":0.0,"gold_gain":0.0,"event_name":"Big Fish","player_choice":"Box","floor":0.0,"gold_loss":0.0,"damage_taken":0.0,"relics_obtained":["Vajra"],"cards_obtained":["Regret"]},{"cards_removed":["MokouMod:Strike"],"damage_healed":0.0,"max_hp_gain":0.0,"max_hp_loss":0.0,"gold_gain":0.0,"event_name":"Golden Wing","player_choice":"Card Removal","floor":11.0,"gold_loss":0.0,"damage_taken":7.0},{"damage_healed":0.0,"max_hp_gain":0.0,"max_hp_loss":0.0,"gold_gain":0.0,"event_name":"Liars Game","player_choice":"Ignored","floor":12.0,"gold_loss":0.0,"damage_taken":0.0},{"damage_healed":0.0,"max_hp_gain":5.0,"max_hp_loss":0.0,"gold_gain":0.0,"event_name":"Forgotten Altar","player_choice":"Shed Blood","floor":19.0,"gold_loss":0.0,"damage_taken":21.0},{"damage_healed":0.0,"max_hp_gain":0.0,"max_hp_loss":0.0,"gold_gain":0.0,"event_name":"Match and Keep!","player_choice":"2 cards matched","floor":21.0,"gold_loss":0.0,"damage_taken":0.0,"cards_obtained":["MokouMod:SpontaneousHumanCombustion","MokouMod:ScorchingColumn"]},{"damage_healed":0.0,"max_hp_gain":0.0,"max_hp_loss":0.0,"gold_gain":0.0,"event_name":"Match and Keep!","player_choice":"2 cards matched","floor":21.0,"gold_loss":0.0,"damage_taken":0.0,"cards_obtained":["MokouMod:SpontaneousHumanCombustion","MokouMod:ScorchingColumn"]},{"cards_removed":["MokouMod:Defend"],"damage_healed":0.0,"max_hp_gain":0.0,"max_hp_loss":0.0,"gold_gain":0.0,"event_name":"Beggar","player_choice":"Gave Gold","floor":30.0,"gold_loss":75.0,"damage_taken":0.0}],"is_beta":false,"boss_relics":[{"not_picked":["Replay:Bronze Core","Painkiller Herb"],"picked":"DemoMod:RiddleOfLead"},{"not_picked":["Fusion Hammer","Replay:Drink Me"],"picked":"Black Star"}],"items_purged_floors":[3,20],"is_endless":false,"potions_floor_spawned":[1,16,24,29,35,38,47],"ascension_level":0}}