{"host":"cr892wvdvh6p7gzy","time":1609772868,"event":{"mods":["A Magickal Journey","BaseMod","BetterRewards","Downfall","GifTheSpireLib","Hubris","Infinite Spire","Minty Spire (QoL Compilation)","READ ME - Guardian Mod","Replay The Spire","SOS???????","StSLib","The Bug Knight","The Dragon Tamer","The Necromancer","???Mod??????Boss"],"gold_per_floor":[109,150,165,183,201,228,228,228,255,255,272,129,147,159,159,264,264,274,274,274],"floor_reached":19,"playtime":1270,"items_purged":[],"score":188,"play_id":"75146b40-2d36-4e31-b3fe-e16692645f15","local_time":"20210104160748","is_ascension_mode":true,"campfire_choices":[{"data":"Flex","floor":7,"key":"SMITH"},{"data":"Bash","floor":10,"key":"SMITH"},{"data":"Demon Form","floor":15,"key":"SMITH"}],"circlet_count":0,"master_deck":["Strike_R","Strike_R","Strike_R","Strike_R","Strike_R","Defend_R","Defend_R","Defend_R","Defend_R","Bash+1","Flex+1","Perfected Strike","Demon Form+1","Bludgeon"],"relics":["Burning Blood","NeowsBlessing","Juzu Bracelet","hubris:ToyBattleship","hubris:Towel","Bag of Preparation","Replay:Bronze Core"],"acts_visited":["Exordium","TheCity"],"potions_floor_usage":[16],"damage_taken":[{"damage":0,"enemies":"2 Louse","floor":1,"turns":2},{"damage":0,"enemies":"Cultist","floor":3,"turns":1},{"damage":0,"enemies":"Jaw Worm","floor":4,"turns":1},{"damage":15,"enemies":"Large Slime","floor":5,"turns":7},{"damage":6,"enemies":"HollowMod:MossKnight","floor":6,"turns":8},{"damage":1,"enemies":"2 Fungi Beasts","floor":11,"turns":3},{"damage":9,"enemies":"Red Slaver","floor":13,"turns":3},{"damage":8,"enemies":"Exordium Wildlife","floor":14,"turns":6},{"damage":38,"enemies":"Hexaghost","floor":16,"turns":8},{"damage":46,"enemies":"Chosen","floor":18,"turns":8},{"damage":0,"enemies":"3 Byrds","floor":19,"turns":1}],"seed_played":"-5457852722309653501","potions_obtained":[{"floor":2,"key":"FairyPotion"},{"floor":5,"key":"Dexterity Potion"},{"floor":6,"key":"hexamod:EctoCoolerPotion"},{"floor":13,"key":"DistilledChaos"}],"is_trial":false,"path_per_floor":["M","?","M","M","M","E","R","?","T","R","M","$","M","M","R","B",null,"M","M"],"character_chosen":"IRONCLAD","items_purchased":["Bludgeon"],"campfire_rested":0,"item_purchase_floors":[12],"current_hp_per_floor":[80,60,66,72,63,63,63,63,63,63,68,68,65,63,63,31,80,40,40,40],"gold":274,"neow_bonus":"THREE_ENEMY_KILL","is_daily":false,"chose_seed":false,"campfire_upgraded":3,"win_rate":0.0,"timestamp":1609772868,"path_taken":["M","?","M","M","M","E","R","?","T","R","M","$","M","M","R","BOSS","M","M"],"items_purchased_type":["Card"],"build_version":"2020-12-22","purchased_purges":0,"victory":false,"max_hp_per_floor":[80,80,80,80,80,80,80,80,80,80,80,80,80,80,80,80,80,80,80,80],"card_choices":[{"not_picked":["Clash","Replay:Undeath\u0027s Touch"],"picked":"Flex","floor":1},{"not_picked":["hubris:ReadiedAction","Shrug It Off"],"picked":"Perfected Strike","floor":2},{"not_picked":["Shrug It Off","Replay:Undeath\u0027s Touch"],"picked":"Demon Form","floor":3},{"not_picked":["Wild Strike","Sword Boomerang","Armaments"],"picked":"SKIP","floor":4},{"not_picked":["Cleave","Demonic Infusion","hubris:ReadiedAction"],"picked":"SKIP","floor":5},{"not_picked":["Sever Soul","Perfected Strike","Evolve"],"picked":"SKIP","floor":6},{"not_picked":["Power Through","Replay:Undeath\u0027s Touch","Dark Embrace"],"picked":"SKIP","floor":11},{"not_picked":["Warcry","hubris:SharpeningStone","Reckless Charge"],"picked":"SKIP","floor":13},{"not_picked":["Uppercut","Corruption","Clash"],"picked":"SKIP","floor":14},{"not_picked":["Pummel","Perfected Strike","Sword Boomerang"],"picked":"SKIP","floor":18}],"player_experience":444932,"relics_obtained":[{"floor":2,"key":"Juzu Bracelet"},{"floor":6,"key":"hubris:ToyBattleship"},{"floor":9,"key":"Bag of Preparation"}],"event_choices":[],"is_beta":false,"boss_relics":[{"not_picked":["Philosopher\u0027s Stone","Replay:Grab Bag"],"picked":"Replay:Bronze Core"}],"items_purged_floors":[],"is_endless":false,"potions_floor_spawned":[5,6,13],"killed_by":"3 Byrds","ascension_level":2}}