{"host":"dntw6kil9p09eemm","time":1609794051,"event":{"mods":["Alarm Clock","Aspiration","BaseMod","Colored Powertips","Downfall","Hermit","Hubris","Keyboard Shortcuts","Minty Spire (QoL Compilation)","Permanent Neow","Replay The Spire","Shop Mod","StSLib","The Runesmith"],"gold_per_floor":[110,120,135,152,152,183,193,193,193,207,241,104,115,135,135,237,237,237,237,237],"floor_reached":18,"playtime":1095,"items_purged":["hexamod:Strike"],"score":176,"play_id":"a5db104a-68d3-4c07-a197-f2e7d582d833","local_time":"20210105060051","is_ascension_mode":false,"campfire_choices":[{"floor":8,"key":"REST"},{"floor":15,"key":"REST"}],"circlet_count":0,"master_deck":["hexamod:Strike","hexamod:Strike","hexamod:Strike","hexamod:Defend","hexamod:Defend","hexamod:Defend+1","hexamod:Sear","hexamod:Float+1","hexamod:ThermalTransfer","hexamod:DynamicBlow+1","hexamod:ExtraCrispy","hexamod:CrushingStance","hexamod:GhostOfSpireFuture","hexamod:GhostOfSpirePresent","hexamod:SearingWound","hexamod:TimeWarp"],"relics":["hexamod:SpiritBrand","Gremlin Food","The Courier","Toy Ornithopter","MerchantsRug","SlaversCollar"],"acts_visited":["Exordium","TheCity"],"potions_floor_usage":[6,18],"damage_taken":[{"damage":0,"enemies":"Cultist","floor":1,"turns":3},{"damage":0,"enemies":"2 Louse","floor":2,"turns":3},{"damage":0,"enemies":"Jaw Worm","floor":3,"turns":3},{"damage":0,"enemies":"Looter","floor":4,"turns":3},{"damage":20,"enemies":"Gremlin Nob","floor":6,"turns":4},{"damage":7,"enemies":"Exordium Wildlife","floor":7,"turns":4},{"damage":0,"enemies":"2 Fungi Beasts","floor":10,"turns":3},{"damage":20,"enemies":"3 Sentries","floor":11,"turns":7},{"damage":5,"enemies":"Large Slime","floor":13,"turns":5},{"damage":1,"enemies":"Blue Slaver","floor":14,"turns":3},{"damage":27,"enemies":"Fading Forest","floor":16,"turns":11},{"damage":12,"enemies":"3 Byrds","floor":18,"turns":7}],"seed_played":"4390758002715901825","potions_obtained":[{"floor":2,"key":"FearPotion"},{"floor":6,"key":"champ:CounterPotion"},{"floor":7,"key":"LifebloodPotion"},{"floor":11,"key":"Fire Potion"},{"floor":14,"key":"SkillPotion"},{"floor":16,"key":"Ancient Potion"}],"is_trial":false,"path_per_floor":["M","M","M","M","?","E","M","R","T","M","E","$","M","M","R","B",null,"M"],"character_chosen":"THE_SPIRIT","items_purchased":["MerchantsRug"],"campfire_rested":2,"item_purchase_floors":[12],"current_hp_per_floor":[70,70,70,70,70,50,43,64,64,64,44,44,39,38,59,42,70,58,58,58],"gold":237,"neow_bonus":"UPGRADE_CARD","is_daily":false,"chose_seed":false,"campfire_upgraded":0,"win_rate":0.0,"timestamp":1609794051,"path_taken":["M","?","M","M","?","E","M","R","T","M","E","$","M","M","R","BOSS","M"],"items_purchased_type":["Relic"],"build_version":"2020-12-22","purchased_purges":1,"victory":false,"max_hp_per_floor":[70,70,70,70,70,70,70,70,70,70,70,70,70,70,70,70,70,70,70,70],"card_choices":[{"not_picked":["hexamod:AdvancingGuard","hexamod:FourthSeal"],"picked":"hexamod:ThermalTransfer","floor":1},{"not_picked":["hexamod:ShieldOfDarkness","hexamod:HeatMetal","hexamod:NightmareGuise"],"picked":"SKIP","floor":2},{"not_picked":["hexamod:ShieldOfDarkness","hexamod:HeatMetal","hexamod:NightmareGuise"],"picked":"SKIP","floor":2},{"not_picked":["hexamod:Hexaguard","hexamod:ThirdSeal"],"picked":"hexamod:DynamicBlow","floor":3},{"not_picked":["hexamod:SwordOfDarkness","hexamod:RainOfEmbers"],"picked":"hexamod:ExtraCrispy","floor":4},{"not_picked":["hexamod:Incineration","hexamod:NightmareGuise"],"picked":"hexamod:GhostOfSpireFuture","floor":6},{"not_picked":["hexamod:UnleashSpirits","hexamod:DynamicBlow"],"picked":"hexamod:GhostOfSpirePresent","floor":7},{"not_picked":["hexamod:GhostLash","hexamod:NightmareStrike","hexamod:HauntingEcho"],"picked":"SKIP","floor":10},{"not_picked":["hexamod:ShieldOfDarkness","hexamod:NightmareStrike"],"picked":"hexamod:SearingWound","floor":11},{"not_picked":["hexamod:NightmareStrike","hexamod:SpectersWail","hexamod:AdvancingGuard"],"picked":"SKIP","floor":13},{"not_picked":["hexamod:GhostLash","hexamod:FlamesFromBeyond","hexamod:SpectersWail"],"picked":"SKIP","floor":14},{"not_picked":["hexamod:TimeOfNeed","hexamod:UnleashSpirits"],"picked":"hexamod:TimeWarp","floor":16}],"player_experience":557937,"relics_obtained":[{"floor":6,"key":"Gremlin Food"},{"floor":9,"key":"The Courier"},{"floor":11,"key":"Toy Ornithopter"}],"event_choices":[{"damage_healed":0,"gold_gain":0,"cards_transformed":["hexamod:Defend"],"player_choice":"Transformed","damage_taken":0,"max_hp_gain":0,"max_hp_loss":0,"event_name":"Transmorgrifier","floor":5,"gold_loss":0,"cards_obtained":["hexamod:CrushingStance"]}],"is_beta":false,"boss_relics":[{"not_picked":["aspiration:SecretTechniqueScroll","Snecko Eye"],"picked":"SlaversCollar"}],"items_purged_floors":[12],"is_endless":false,"potions_floor_spawned":[2,6,7,11,14,16],"killed_by":"3 Byrds","ascension_level":0}}