{"host":"e4hse1vg61zltgzv","time":1609733057,"event":{"mods":["AchievementEnabler","BaseMod","Block Reminder","Colored Map","DeckTracker","GifTheSpireLib","Minty Spire (QoL Compilation)","Rare Cards Sparkle","StSLib","SuperFastMode","everything is the same but u backflip on backflip"],"gold_per_floor":[116,191,191,191,206,233,233,244,244,258,289,5,23,34,34,108,108,118,43,53,85,85,85,104,120,120,120,120,154,165,1,1,80,80,92,109,134,134,134,166,181,215,215,227,187,221,221,237,237,237,237,237,237,64,93,93],"floor_reached":57,"playtime":2149,"items_purged":["Strike_R","Defend_R","Defend_R+1"],"score":2994,"play_id":"01a9c22d-42f3-4247-befd-85771b084f95","local_time":"20210104130417","is_ascension_mode":true,"campfire_choices":[{"data":"Battle Trance","floor":7.0,"key":"SMITH"},{"data":"Barricade","floor":15.0,"key":"SMITH"},{"floor":23.0,"key":"REST"},{"data":"Berserk","floor":28.0,"key":"SMITH"},{"data":"Disarm","floor":32.0,"key":"SMITH"},{"floor":49.0,"key":"RECALL"},{"data":"Evolve","floor":53.0,"key":"SMITH"}],"circlet_count":0,"master_deck":["AscendersBane","Second Wind","Battle Trance+1","Shrug It Off","Shockwave+1","Barricade+1","Flash of Steel","Sword Boomerang+1","Second Wind+1","Feel No Pain+1","Berserk+1","Disarm+1","Seeing Red+1","Finesse","Impervious+1","Evolve+1"],"relics":["Burning Blood","NeowsBlessing","Shuriken","Vajra","Juzu Bracelet","Astrolabe","Red Mask","Magic Flower","Mummified Hand","TheAbacus","Membership Card","Busted Crown","Incense Burner","CeramicFish","War Paint","Torii","Oddly Smooth Stone","Boot"],"acts_visited":["Exordium","TheCity","TheBeyond","TheEnding"],"potions_floor_usage":[56,56],"damage_taken":[{"damage":0.0,"enemies":"2 Louse","floor":1.0,"turns":1.0},{"damage":0.0,"enemies":"Jaw Worm","floor":5.0,"turns":1.0},{"damage":0.0,"enemies":"3 Sentries","floor":6.0,"turns":2.0},{"damage":0.0,"enemies":"Small Slimes","floor":8.0,"turns":4.0},{"damage":18.0,"enemies":"Exordium Thugs","floor":10.0,"turns":7.0},{"damage":24.0,"enemies":"Gremlin Nob","floor":11.0,"turns":4.0},{"damage":6.0,"enemies":"Large Slime","floor":13.0,"turns":7.0},{"damage":0.0,"enemies":"3 Louse","floor":14.0,"turns":4.0},{"damage":8.0,"enemies":"Slime Boss","floor":16.0,"turns":11.0},{"damage":0.0,"enemies":"Shell Parasite","floor":18.0,"turns":6.0},{"damage":0.0,"enemies":"3 Byrds","floor":20.0,"turns":6.0},{"damage":66.0,"enemies":"Masked Bandits","floor":21.0,"turns":5.0},{"damage":10.0,"enemies":"Centurion and Healer","floor":24.0,"turns":5.0},{"damage":18.0,"enemies":"Snake Plant","floor":25.0,"turns":4.0},{"damage":15.0,"enemies":"Book of Stabbing","floor":29.0,"turns":6.0},{"damage":15.0,"enemies":"Shelled Parasite and Fungi","floor":30.0,"turns":6.0},{"damage":6.0,"enemies":"Automaton","floor":33.0,"turns":7.0},{"damage":0.0,"enemies":"3 Darklings","floor":35.0,"turns":5.0},{"damage":0.0,"enemies":"Orb Walker","floor":36.0,"turns":5.0},{"damage":0.0,"enemies":"Mind Bloom Boss Battle","floor":37.0,"turns":6.0},{"damage":0.0,"enemies":"Giant Head","floor":40.0,"turns":6.0},{"damage":0.0,"enemies":"3 Darklings","floor":41.0,"turns":4.0},{"damage":3.0,"enemies":"Reptomancer","floor":42.0,"turns":6.0},{"damage":1.0,"enemies":"Writhing Mass","floor":44.0,"turns":5.0},{"damage":0.0,"enemies":"Giant Head","floor":46.0,"turns":6.0},{"damage":0.0,"enemies":"Sphere and 2 Shapes","floor":48.0,"turns":4.0},{"damage":1.0,"enemies":"Awakened One","floor":50.0,"turns":7.0},{"damage":25.0,"enemies":"Donu and Deca","floor":51.0,"turns":7.0},{"damage":36.0,"enemies":"Shield and Spear","floor":55.0,"turns":6.0},{"damage":0,"enemies":"The Heart","floor":56,"turns":6}],"seed_played":"-4378378955158031247","potions_obtained":[{"floor":4.0,"key":"CultistPotion"},{"floor":4.0,"key":"SkillPotion"},{"floor":6.0,"key":"GamblersBrew"},{"floor":14.0,"key":"PowerPotion"},{"floor":16.0,"key":"PowerPotion"},{"floor":20.0,"key":"ElixirPotion"},{"floor":21.0,"key":"ColorlessPotion"},{"floor":24.0,"key":"PowerPotion"},{"floor":30.0,"key":"EntropicBrew"},{"floor":42.0,"key":"CultistPotion"},{"floor":45.0,"key":"Dexterity Potion"}],"is_trial":false,"path_per_floor":["M","?","?","?","M","E","R","M","T","M","E","$","M","M","R","B",null,"M","?","M","?","$","R","M","M","T","?","R","E","M","$","R","B",null,"M","M","?","?","?","E","M","E","T","M","?","E","?","M","R","B","B",null,"R","$","E","B",null],"character_chosen":"IRONCLAD","items_purchased":["Flash of Steel","Fruit Juice","Membership Card","Finesse","Oddly Smooth Stone","SpeedPotion"],"campfire_rested":1,"item_purchase_floors":[12,12,31,31,54,54],"current_hp_per_floor":[74,63,40,40,46,52,52,58,58,46,28,33,33,39,39,37,69,75,75,80,20,20,44,40,28,28,28,28,22,16,16,16,19,65,74,80,80,80,80,80,80,80,80,80,80,80,70,79,79,80,64,76,76,76,49,58],"gold":93,"neow_bonus":"THREE_ENEMY_KILL","is_daily":false,"chose_seed":false,"campfire_upgraded":5,"win_rate":0.0,"timestamp":1609733057,"path_taken":["M","?","?","?","?","E","R","M","T","M","E","$","M","M","R","BOSS","M","?","M","?","?","R","M","M","T","?","R","E","M","$","R","BOSS","M","M","?","?","?","E","M","E","T","M","?","E","?","M","R","BOSS","BOSS","R","$","E","BOSS"],"items_purchased_type":["Card","Potion","Relic","Card","Relic","Potion"],"build_version":"2020-12-22","purchased_purges":3,"victory":true,"max_hp_per_floor":[75,75,75,75,75,75,75,75,75,75,75,80,80,80,80,80,80,80,80,80,80,80,80,80,80,80,80,80,80,80,80,80,80,80,80,80,80,80,80,80,80,80,80,80,80,80,80,80,80,80,80,80,80,80,80,80],"card_choices":[{"not_picked":["Heavy Blade","Dark Embrace"],"picked":"Second Wind","floor":1.0},{"not_picked":["Intimidate","Hemokinesis"],"picked":"Battle Trance","floor":5.0},{"not_picked":["Sword Boomerang","Fire Breathing"],"picked":"Shrug It Off","floor":6.0},{"not_picked":["Flex","Twin Strike","Thunderclap"],"picked":"SKIP","floor":8.0},{"not_picked":["Headbutt","Rupture"],"picked":"Shockwave","floor":10.0},{"not_picked":["Evolve","Anger"],"picked":"Barricade","floor":11.0},{"not_picked":["Uppercut","Armaments","Havoc"],"picked":"SKIP","floor":13.0},{"not_picked":["Havoc","Clash","Flex"],"picked":"SKIP","floor":14.0},{"not_picked":["Heavy Blade","Fire Breathing","Bloodletting+1"],"picked":"SKIP","floor":18.0},{"not_picked":["Inflame","Cleave","Thunderclap"],"picked":"SKIP","floor":20.0},{"not_picked":["Body Slam","Iron Wave+1"],"picked":"Berserk","floor":24.0},{"not_picked":["Shrug It Off","Bloodletting","Cleave"],"picked":"SKIP","floor":25.0},{"not_picked":["Fire Breathing","Bloodletting"],"picked":"Disarm","floor":29.0},{"not_picked":["Twin Strike","Havoc"],"picked":"Seeing Red+1","floor":30.0},{"not_picked":["Juggernaut","Bludgeon"],"picked":"Impervious","floor":33.0},{"not_picked":["Headbutt"],"picked":"SKIP","floor":35.0},{"not_picked":["Second Wind"],"picked":"SKIP","floor":36.0},{"not_picked":["Thunderclap"],"picked":"SKIP","floor":40.0},{"not_picked":["Whirlwind"],"picked":"SKIP","floor":41.0},{"not_picked":[],"picked":"Evolve","floor":42.0},{"not_picked":["Iron Wave"],"picked":"SKIP","floor":44.0},{"not_picked":["Pommel Strike+1"],"picked":"SKIP","floor":46.0},{"not_picked":["Metallicize"],"picked":"SKIP","floor":48.0},{"not_picked":["Perfected Strike+1"],"picked":"SKIP","floor":55.0}],"player_experience":773718,"relics_obtained":[{"floor":6.0,"key":"Shuriken"},{"floor":9.0,"key":"Vajra"},{"floor":11.0,"key":"Juzu Bracelet"},{"floor":21.0,"key":"Red Mask"},{"floor":26.0,"key":"Magic Flower"},{"floor":29.0,"key":"Mummified Hand"},{"floor":37.0,"key":"Incense Burner"},{"floor":40.0,"key":"CeramicFish"},{"floor":42.0,"key":"War Paint"},{"floor":46.0,"key":"Torii"},{"floor":55.0,"key":"Boot"}],"event_choices":[{"damage_healed":0.0,"max_hp_gain":0.0,"max_hp_loss":0.0,"gold_gain":75.0,"event_name":"World of Goop","player_choice":"Gather Gold","floor":2.0,"gold_loss":0.0,"damage_taken":11.0},{"damage_healed":0.0,"max_hp_gain":0.0,"max_hp_loss":0.0,"gold_gain":0.0,"event_name":"Shining Light","player_choice":"Entered Light","floor":3.0,"gold_loss":0.0,"damage_taken":23.0,"cards_upgraded":["Defend_R","Defend_R"]},{"damage_healed":0.0,"max_hp_gain":0.0,"max_hp_loss":0.0,"gold_gain":0.0,"event_name":"Lab","player_choice":"Got Potions","floor":4.0,"gold_loss":0.0,"damage_taken":0.0},{"cards_removed":["Strike_R"],"damage_healed":0.0,"max_hp_gain":0.0,"max_hp_loss":0.0,"gold_gain":0.0,"event_name":"Beggar","player_choice":"Gave Gold","floor":19.0,"gold_loss":75.0,"damage_taken":0.0},{"damage_healed":0.0,"max_hp_gain":0.0,"max_hp_loss":0.0,"gold_gain":0.0,"event_name":"Masked Bandits","player_choice":"Fought Bandits","floor":21.0,"gold_loss":0.0,"damage_taken":0.0},{"cards_removed":["Bash"],"damage_healed":0.0,"max_hp_gain":0.0,"max_hp_loss":0.0,"gold_gain":0.0,"event_name":"Back to Basics","player_choice":"Elegance","floor":27.0,"gold_loss":0.0,"damage_taken":0.0},{"damage_healed":0.0,"max_hp_gain":0.0,"max_hp_loss":0.0,"gold_gain":0.0,"event_name":"MindBloom","player_choice":"Fight","floor":37.0,"gold_loss":0.0,"damage_taken":0.0},{"cards_removed":["Defend_R"],"damage_healed":0.0,"max_hp_gain":0.0,"max_hp_loss":0.0,"gold_gain":0.0,"event_name":"Falling","player_choice":"Removed Skill","floor":38.0,"gold_loss":0.0,"damage_taken":0.0},{"cards_removed":["Defend_R"],"damage_healed":0.0,"max_hp_gain":0.0,"max_hp_loss":0.0,"gold_gain":0.0,"event_name":"Purifier","player_choice":"Purged","floor":39.0,"gold_loss":0.0,"damage_taken":0.0},{"damage_healed":0.0,"max_hp_gain":0.0,"max_hp_loss":0.0,"gold_gain":0.0,"event_name":"The Woman in Blue","player_choice":"Bought 3 Potions","floor":45.0,"gold_loss":0.0,"damage_taken":0.0},{"damage_healed":0.0,"max_hp_gain":0.0,"max_hp_loss":0.0,"gold_gain":0.0,"event_name":"SensoryStone","player_choice":"Memory 3","floor":47.0,"gold_loss":0.0,"damage_taken":10.0}],"is_beta":false,"boss_relics":[{"not_picked":["Empty Cage","Cursed Key"],"picked":"Astrolabe"},{"not_picked":["Fusion Hammer","Runic Dome"],"picked":"Busted Crown"}],"items_purged_floors":[12,31,54],"is_endless":false,"potions_floor_spawned":[5,6,10,14,16,20,21,24,30,37,41,42,48],"ascension_level":20}}