{"host":"di4lt8k77xrcnyak","time":1609735572,"event":{"mods":["AchievementEnabler","BaseMod","BetterRewards","Custom Start","DeckTracker","Grow up Mod","Minty Spire (QoL Compilation)","Replay The Spire","StSLib","The Death Knight","The Necromancer"],"gold_per_floor":[119,133,149,149,99,99,116,45,45,70,70,70,84,101,101,199,199,215,230,241,258,14,14,14,14,39,59,74,74,63,93,93,195,195,206,206,106,164,164,164,13,13,13,13,27,56,6,16,16,120,120,135,145,1,21,41,67,77,77,77,89,120,151,193,217,229,342,354,385,3,18,18,28,55,5,40,68,87,119,119,134,148,148,249,249,262,24,39,39,159,159,193,213,241,260,275,300,312,332,332,434,434,450,463,14,14,14,14,42,42,71,71,71,83,83,103,103,198,198,198],"floor_reached":119,"playtime":16662,"items_purged":["Injury","CommonCold","ReplayTheSpireMod:Restless Dread","Replay:Hysterical Blindness"],"score":3122,"play_id":"30efbcf5-578d-4f91-84ed-b98f84942273","local_time":"20210103224612","is_ascension_mode":false,"campfire_choices":[{"data":"Toxin Wave","floor":6.0,"key":"SMITH"},{"data":"Setup","floor":12.0,"key":"SMITH"},{"data":"Envenom","floor":15.0,"key":"SMITH"},{"data":"Endless Agony","floor":24.0,"key":"SMITH"},{"data":"Well Laid Plans","floor":29.0,"key":"SMITH"},{"data":"Venomology","floor":32.0,"key":"SMITH"},{"data":"Outmaneuver","floor":40.0,"key":"SMITH"},{"data":"Riddle With Holes","floor":42.0,"key":"SMITH"},{"data":"Quick Slash","floor":44.0,"key":"SMITH"},{"data":"Catalyst","floor":49.0,"key":"SMITH"},{"data":"Outmaneuver","floor":59.0,"key":"SMITH"},{"data":"Phantasmal Killer","floor":61.0,"key":"SMITH"},{"data":"Poisoned Stab","floor":66.0,"key":"SMITH"},{"data":"Draining Mist","floor":80.0,"key":"SMITH"},{"floor":83.0,"key":"REST"},{"data":"Replay:Poison Smokescreen","floor":91.0,"key":"SMITH"},{"data":"Crippling Poison","floor":100.0,"key":"SMITH"},{"data":"Survivor","floor":108,"key":"SMITH"},{"data":"Dagger Spray","floor":110,"key":"SMITH"},{"data":"Sucker Punch","floor":113,"key":"SMITH"},{"data":"Corpse Explosion","floor":115,"key":"SMITH"},{"data":"Poisoned Stab","floor":117,"key":"SMITH"}],"circlet_count":0,"master_deck":["Survivor+1","Neutralize+1","Outmaneuver+1","Riddle With Holes+1","Toxin Wave+1","Setup+1","Well Laid Plans+1","Envenom+1","Quick Slash+1","Poisoned Stab+1","Venomology+1","Endless Agony+1","Acrobatics","Acrobatics","Bouncing Flask+1","Backflip","ReplayTheSpireMod:Scrap Shanks+1","Flying Knee+1","Dagger Spray+1","PiercingWail+1","Poison Darts+1","Riddle With Holes+1","All Out Attack+1","Fluid Movement+1","Tactician+1","Footwork+1","Secret Technique","Secret Technique","Secret Technique","Corpse Explosion+1","Pot Of Greed","Pot Of Greed","Pot Of Greed","Pot Of Greed","Outmaneuver+1","Blade Dance+1","Catalyst+1","Phantasmal Killer+1","Outmaneuver+1","Setup","Sucker Punch+1","Well Laid Plans","Draining Mist+1","Pot Of Greed","Bane","Fluid Movement+1","Bane","Fluid Movement+1","Leg Sweep","Storm of Steel","Distraction","Deflect+1","Prepared","Prepared","A Thousand Cuts","Pot Of Greed","Deadly Poison","Blade Dance","Crippling Poison+1","Finisher","Flechettes","Poisoned Stab","Wraith Form v2","All Out Attack","Corpse Explosion","Blur","Dodge and Roll+1","Replay:Poison Smokescreen+1","Pot Of Greed","Underhanded Strike","Deadly Poison","Quick Slash+1","Prepared+1","Dagger Spray+1","Poisoned Stab+1","Footwork+1","Corpse Explosion","All Out Attack+1","Expertise","Backstab","Dagger Spray","Pot Of Greed","Poisoned Stab+1"],"relics":["Ring of the Snake","Darkstone Periapt","Onion Ring","ReplayTheSpireMod:Shallot","Bag of Preparation","SacredBark","Bottled Lightning","Ancient Tea Set","Art of War","ReplayTheSpireMod:CursedCoin","Replay:WaspNest","Replay:Grab Bag","Philosopher\u0027s Stone","Cursed Key","Astrolabe","Black Star","ReplayTheSpireMod:Ring of Exchange","ReplayTheSpireMod:Ring of Challenge","Grinning Jar","Smiling Mask","Happy Flower","HandDrill","Simple Rune","MawBank","Busted Crown","Replay:Bottled Eggs","Bronze Scales","Pandora\u0027s Box","Mummified Hand","Coffee Dripper","Basket Of Snakes","Potion Belt","WristBlade"],"acts_visited":["TheCity"],"potions_floor_usage":[103,109,109,116,118,118,118],"damage_taken":[{"damage":2.0,"enemies":"Jaw Worm","floor":1.0,"turns":8.0},{"damage":0.0,"enemies":"2 Louse","floor":2.0,"turns":3.0},{"damage":0.0,"enemies":"Cultist","floor":3.0,"turns":4.0},{"damage":5.0,"enemies":"Looter","floor":7.0,"turns":3.0},{"damage":43.0,"enemies":"Gremlin Nob","floor":10.0,"turns":5.0},{"damage":0.0,"enemies":"3 Louse","floor":13.0,"turns":2.0},{"damage":7.0,"enemies":"Exordium Wildlife","floor":14.0,"turns":2.0},{"damage":50.0,"enemies":"Slime Boss","floor":16.0,"turns":10.0},{"damage":22.0,"enemies":"Shell Parasite","floor":18.0,"turns":5.0},{"damage":14.0,"enemies":"2 Thieves","floor":19.0,"turns":4.0},{"damage":19.0,"enemies":"Snake Plant","floor":20.0,"turns":3.0},{"damage":22.0,"enemies":"Snecko","floor":21.0,"turns":5.0},{"damage":9.0,"enemies":"Centurion and Healer","floor":27.0,"turns":2.0},{"damage":39.0,"enemies":"Sentry and Sphere","floor":28.0,"turns":6.0},{"damage":43.0,"enemies":"Gremlin Leader","floor":31.0,"turns":7.0},{"damage":83.0,"enemies":"Champ","floor":33.0,"turns":11.0},{"damage":12.0,"enemies":"Orb Walker","floor":35.0,"turns":3.0},{"damage":9.0,"enemies":"3 Darklings","floor":38.0,"turns":6.0},{"damage":21.0,"enemies":"Spire Growth","floor":45.0,"turns":4.0},{"damage":22.0,"enemies":"Nemesis","floor":46.0,"turns":7.0},{"damage":33.0,"enemies":"Writhing Mass","floor":48.0,"turns":5.0},{"damage":112.0,"enemies":"Replay:Hell Engine","floor":50.0,"turns":10.0},{"damage":0.0,"enemies":"Small Slimes","floor":52.0,"turns":2.0},{"damage":9.0,"enemies":"Jaw Worm","floor":53.0,"turns":2.0},{"damage":0.0,"enemies":"Cultist","floor":55.0,"turns":2.0},{"damage":0.0,"enemies":"Exordium Thugs","floor":56.0,"turns":2.0},{"damage":0.0,"enemies":"Lagavulin","floor":57.0,"turns":1.0},{"damage":9.0,"enemies":"Large Slime","floor":58.0,"turns":3.0},{"damage":0.0,"enemies":"Blue Slaver","floor":62.0,"turns":1.0},{"damage":0.0,"enemies":"3 Louse","floor":63.0,"turns":1.0},{"damage":9.0,"enemies":"Replay:BlueRogue","floor":64.0,"turns":3.0},{"damage":0.0,"enemies":"Exordium Thugs","floor":65.0,"turns":2.0},{"damage":111.0,"enemies":"Fading Forest","floor":67.0,"turns":11.0},{"damage":0.0,"enemies":"Spheric Guardian","floor":69.0,"turns":2.0},{"damage":46.0,"enemies":"Shell Parasite","floor":71.0,"turns":5.0},{"damage":33.0,"enemies":"Centurion and Healer","floor":73.0,"turns":3.0},{"damage":53.0,"enemies":"Slavers","floor":74.0,"turns":3.0},{"damage":42.0,"enemies":"Book of Stabbing","floor":76.0,"turns":4.0},{"damage":22.0,"enemies":"Gremlin Leader","floor":77.0,"turns":4.0},{"damage":0.0,"enemies":"Snake Plant","floor":78.0,"turns":3.0},{"damage":6.0,"enemies":"Slavers","floor":79.0,"turns":2.0},{"damage":12.0,"enemies":"Snecko","floor":81.0,"turns":1.0},{"damage":0.0,"enemies":"3 Cultists","floor":82.0,"turns":2.0},{"damage":74.0,"enemies":"Pondfish","floor":84.0,"turns":10.0},{"damage":63.0,"enemies":"3 Shapes","floor":86.0,"turns":3.0},{"damage":0.0,"enemies":"3 Darklings","floor":88.0,"turns":2.0},{"damage":84.0,"enemies":"Nemesis","floor":92.0,"turns":5.0},{"damage":35.0,"enemies":"Transient","floor":93.0,"turns":5.0},{"damage":79.0,"enemies":"Giant Head","floor":94.0,"turns":6.0},{"damage":41.0,"enemies":"Writhing Mass","floor":95.0,"turns":3.0},{"damage":0.0,"enemies":"Sphere and 2 Shapes","floor":96.0,"turns":2.0},{"damage":12.0,"enemies":"Reptomancer","floor":97.0,"turns":3.0},{"damage":33.0,"enemies":"Spire Growth","floor":98.0,"turns":4.0},{"damage":11.0,"enemies":"3 Darklings","floor":99.0,"turns":2.0},{"damage":85.0,"enemies":"Donu and Deca","floor":101.0,"turns":4.0},{"damage":4,"enemies":"2 Louse","floor":103,"turns":2},{"damage":0,"enemies":"Jaw Worm","floor":104,"turns":1},{"damage":19,"enemies":"Lagavulin","floor":109,"turns":3},{"damage":0,"enemies":"3 Sentries","floor":111,"turns":1},{"damage":0,"enemies":"Small Slimes","floor":114,"turns":1},{"damage":0,"enemies":"Gremlin Gang","floor":116,"turns":3},{"damage":33,"enemies":"Fading Forest","floor":118,"turns":9}],"seed_played":"-1563033781019237855","potions_obtained":[{"floor":7.0,"key":"LiquidMemories"},{"floor":10.0,"key":"Strength Potion"},{"floor":14.0,"key":"Adrenaline Potion"},{"floor":20.0,"key":"PowerPotion"},{"floor":21.0,"key":"Block Potion"},{"floor":31.0,"key":"Venom Potion"},{"floor":33.0,"key":"Ancient Potion"},{"floor":45.0,"key":"DistilledChaos"},{"floor":50.0,"key":"Dexterity Potion"},{"floor":52.0,"key":"CunningPotion"},{"floor":53.0,"key":"Explosive Potion"},{"floor":55.0,"key":"SkillPotion"},{"floor":56.0,"key":"Strength Potion"},{"floor":67.0,"key":"Explosive Potion"},{"floor":71.0,"key":"ColorlessPotion"},{"floor":73.0,"key":"Dexterity Potion"},{"floor":79.0,"key":"Death Potion"},{"floor":81.0,"key":"Dexterity Potion"},{"floor":84.0,"key":"SkillPotion"},{"floor":86.0,"key":"CunningPotion"},{"floor":92.0,"key":"Ancient Potion"},{"floor":95.0,"key":"ColorlessPotion"},{"floor":96.0,"key":"Languid Potion"},{"floor":99.0,"key":"Swift Potion"},{"floor":101.0,"key":"FearPotion"},{"floor":104,"key":"AttackPotion"}],"is_trial":true,"path_per_floor":["M","M","M","?","?","R","M","$","T","E","T","R","M","M","R","B",null,"M","M","M","M","$","?","R","$","T","M","M","R","$","E","R","B",null,"M","?","$","M","?","R","$","R","T","R","M","E","$","M","R","B",null,"M","M","$","M","M","E","M","R","T","R","M","M","E","M","R","B",null,"M","$","M","?","M","E","$","E","E","M","E","R","M","M","R","B",null,"M","$","M","$","?","R","E","M","E","M","M","E","M","M","R","B",null,"M","M","$","?","?","R","E","R","E","$","R","M","R","M","R","B",null],"character_chosen":"THE_SILENT","items_purchased":["Well Laid Plans","Bottled Lightning","ReplayTheSpireMod:CursedCoin","Flying Knee+1","Dagger Spray","Corpse Explosion","Simple Rune","Replay:Bottled Eggs","Bronze Scales","Mummified Hand","Basket Of Snakes","Potion Belt"],"campfire_rested":1,"item_purchase_floors":[8,22,30,30,30,41,54,70,70,87,105,105],"current_hp_per_floor":[88,98,108,124,134,144,149,159,169,136,146,156,166,169,179,139,256,244,240,231,219,229,239,249,259,269,270,241,251,267,234,244,171,432,430,446,456,457,457,467,477,487,503,513,502,490,500,483,493,391,620,630,631,641,651,661,671,672,682,698,708,718,728,729,739,749,648,796,806,816,780,790,767,724,734,702,690,700,704,714,712,722,946,882,966,913,923,933,943,702,712,638,613,544,513,523,521,498,497,507,432,1136,1142,1152,1162,1165,1175,1185,1176,1186,1196,1206,1216,1226,1236,1246,1256,1233,1293,1293],"gold":198,"neow_bonus":"","is_daily":false,"chose_seed":false,"campfire_upgraded":21,"win_rate":0.0,"timestamp":1609735572,"path_taken":["M","M","M","?","?","R","M","?","T","E","?","R","M","M","R","BOSS","M","M","M","M","$","?","R","$","T","M","M","R","?","E","R","BOSS","M","?","$","M","?","R","?","R","T","R","M","E","$","M","R","BOSS","M","M","$","?","M","E","M","R","T","R","M","M","E","M","R","BOSS","M","$","M","?","?","E","?","E","E","M","E","R","?","M","R","BOSS","M","$","M","$","?","R","E","M","E","M","M","E","M","M","R","BOSS","M","M","$","?","?","R","E","R","E","$","R","M","R","M","R","BOSS"],"items_purchased_type":["Card","Relic","Relic","Card","Card","Card","Relic","Relic","Relic","Relic","Relic","Relic"],"build_version":"2020-12-22","purchased_purges":4,"victory":false,"max_hp_per_floor":[90,100,110,126,136,146,156,166,176,186,196,206,216,226,236,246,256,266,276,286,296,306,316,326,336,346,356,366,376,392,402,412,422,432,442,458,468,478,488,498,508,518,534,544,554,564,574,590,600,610,620,630,640,650,660,670,680,690,700,716,726,736,746,756,766,776,786,796,806,816,826,836,846,856,866,876,886,896,906,916,926,936,946,956,966,976,986,996,1006,1016,1026,1036,1046,1056,1066,1076,1086,1096,1106,1116,1126,1136,1146,1156,1166,1173,1183,1193,1203,1213,1223,1233,1243,1253,1263,1273,1283,1293,1293,1293],"card_choices":[{"not_picked":["Slice","Backflip"],"picked":"Outmaneuver","floor":1.0},{"not_picked":["Hidden Blade","Skewer"],"picked":"Riddle With Holes","floor":2.0},{"not_picked":["Outmaneuver","Slice"],"picked":"Toxin Wave","floor":3.0},{"not_picked":["Flying Knee","Terror"],"picked":"Setup","floor":7.0},{"not_picked":["Accuracy","Deadly Poison"],"picked":"Envenom","floor":10.0},{"not_picked":["Tactician","Hidden Blade"],"picked":"Quick Slash","floor":13.0},{"not_picked":["Prepared","Deadly Poison"],"picked":"Poisoned Stab","floor":14.0},{"not_picked":["Adrenaline","Grand Finale"],"picked":"Venomology","floor":16.0},{"not_picked":["Dagger Throw","Setup"],"picked":"Endless Agony","floor":18.0},{"not_picked":["All Out Attack","Dagger Throw"],"picked":"Acrobatics","floor":19.0},{"not_picked":["Hidden Blade","Finisher+1"],"picked":"Acrobatics","floor":20.0},{"not_picked":["Replay:Poison Smokescreen","Underhanded Strike"],"picked":"Bouncing Flask+1","floor":21.0},{"not_picked":["Sneak Up+1","Expertise"],"picked":"Backflip","floor":27.0},{"not_picked":["ReplayTheSpireMod:Shiv Toss","PiercingWail"],"picked":"ReplayTheSpireMod:Scrap Shanks+1","floor":28.0},{"not_picked":["Acrobatics","Flying Knee"],"picked":"PiercingWail+1","floor":31.0},{"not_picked":["Wraith Form v2","Burst"],"picked":"Poison Darts","floor":33.0},{"not_picked":["Dagger Throw","Blade Dance"],"picked":"Tactician+1","floor":35.0},{"not_picked":["Hidden Blade","Infinite Blades"],"picked":"Footwork+1","floor":38.0},{"not_picked":["Replay:Sssssssssstrike","Trip"],"picked":"Secret Technique","floor":39.0},{"not_picked":["Transmutation","Poisoned Strike"],"picked":"Secret Technique","floor":39.0},{"not_picked":["Discovery","Blind"],"picked":"Secret Technique","floor":39.0},{"not_picked":["Flying Knee","Hidden Blade"],"picked":"Outmaneuver+1","floor":45.0},{"not_picked":["Flying Knee","Bane+1"],"picked":"Blade Dance+1","floor":46.0},{"not_picked":["Poisoned Stab","Quick Slash+1"],"picked":"Catalyst","floor":48.0},{"not_picked":["Doppelganger","Adrenaline"],"picked":"Phantasmal Killer","floor":50.0},{"not_picked":["Heel Hook","Prepared"],"picked":"Outmaneuver","floor":52.0},{"not_picked":["Sucker Punch","PiercingWail"],"picked":"Setup","floor":53.0},{"not_picked":["Deadly Poison","Backflip"],"picked":"Sucker Punch","floor":55.0},{"not_picked":["Distraction","Acrobatics"],"picked":"Well Laid Plans","floor":56.0},{"not_picked":["Replay:Bag of Tricks","Cloak And Dagger"],"picked":"Draining Mist","floor":57.0},{"not_picked":["Underhanded Strike","Heel Hook"],"picked":"Bane","floor":58.0},{"not_picked":["Well Laid Plans","Prepared"],"picked":"Fluid Movement","floor":62.0},{"not_picked":["ReplayTheSpireMod:Scrap Shanks","Hidden Blade"],"picked":"Bane","floor":63.0},{"not_picked":["Reflex","Dodge and Roll"],"picked":"Fluid Movement","floor":64.0},{"not_picked":["Deadly Poison","Underhanded Strike"],"picked":"Leg Sweep","floor":65.0},{"not_picked":["Tools of the Trade","A Thousand Cuts"],"picked":"Storm of Steel","floor":67.0},{"not_picked":[],"picked":"Distraction","floor":69.0},{"not_picked":[],"picked":"Deflect+1","floor":71.0},{"not_picked":[],"picked":"Prepared","floor":73.0},{"not_picked":[],"picked":"Prepared","floor":74.0},{"not_picked":[],"picked":"A Thousand Cuts","floor":76.0},{"not_picked":[],"picked":"Deadly Poison","floor":77.0},{"not_picked":[],"picked":"Blade Dance","floor":78.0},{"not_picked":["Backflip"],"picked":"SKIP","floor":79.0},{"not_picked":["Acrobatics"],"picked":"SKIP","floor":81.0},{"not_picked":[],"picked":"Crippling Poison","floor":82.0},{"not_picked":[],"picked":"Dodge and Roll+1","floor":86.0},{"not_picked":[],"picked":"Replay:Poison Smokescreen","floor":88.0},{"not_picked":[],"picked":"Underhanded Strike","floor":90.0},{"not_picked":[],"picked":"Deadly Poison","floor":90.0},{"not_picked":[],"picked":"Quick Slash+1","floor":90.0},{"not_picked":[],"picked":"Prepared+1","floor":92.0},{"not_picked":[],"picked":"Dagger Spray+1","floor":93.0},{"not_picked":[],"picked":"Poisoned Stab+1","floor":94.0},{"not_picked":["Dagger Spray"],"picked":"SKIP","floor":95.0},{"not_picked":[],"picked":"Footwork+1","floor":96.0},{"not_picked":[],"picked":"Corpse Explosion","floor":97.0},{"not_picked":["Flying Knee"],"picked":"SKIP","floor":98.0},{"not_picked":[],"picked":"All Out Attack+1","floor":99.0},{"not_picked":["Hidden Blade"],"picked":"SKIP","floor":103},{"not_picked":["Choke"],"picked":"SKIP","floor":104},{"not_picked":[],"picked":"Expertise","floor":109},{"not_picked":[],"picked":"Backstab","floor":111},{"not_picked":[],"picked":"Dagger Spray","floor":114},{"not_picked":[],"picked":"Poisoned Stab","floor":116}],"player_experience":125557,"relics_obtained":[{"floor":9.0,"key":"Onion Ring"},{"floor":10.0,"key":"ReplayTheSpireMod:Shallot"},{"floor":11.0,"key":"Bag of Preparation"},{"floor":26.0,"key":"Art of War"},{"floor":31.0,"key":"Replay:WaspNest"},{"floor":36.0,"key":"ReplayTheSpireMod:Ring of Exchange"},{"floor":36.0,"key":"ReplayTheSpireMod:Ring of Challenge"},{"floor":43.0,"key":"Grinning Jar"},{"floor":46.0,"key":"Smiling Mask"},{"floor":46.0,"key":"Happy Flower"},{"floor":60.0,"key":"MawBank"}],"event_choices":[{"damage_healed":0.0,"max_hp_gain":0.0,"max_hp_loss":0.0,"gold_gain":0.0,"event_name":"Big Fish","player_choice":"Box","floor":4.0,"gold_loss":0.0,"damage_taken":0.0,"relics_obtained":["Darkstone Periapt"],"cards_obtained":["Regret"]},{"cards_removed":["Regret"],"damage_healed":0.0,"max_hp_gain":0.0,"max_hp_loss":0.0,"gold_gain":0.0,"event_name":"The Cleric","player_choice":"Card Removal","floor":5.0,"gold_loss":50.0,"damage_taken":0.0},{"damage_healed":0.0,"max_hp_gain":0.0,"max_hp_loss":0.0,"gold_gain":0.0,"event_name":"WeMeetAgain","player_choice":"Gave Potion","floor":23.0,"gold_loss":0.0,"damage_taken":0.0,"relics_obtained":["Ancient Tea Set"]},{"damage_healed":0.0,"max_hp_gain":0.0,"max_hp_loss":0.0,"gold_gain":0.0,"event_name":"SensoryStone","player_choice":"Memory 3","floor":39.0,"gold_loss":0.0,"damage_taken":10.0},{"damage_healed":0.0,"max_hp_gain":0.0,"max_hp_loss":0.0,"gold_gain":0.0,"event_name":"Upgrade Shrine","player_choice":"Upgraded","floor":72.0,"gold_loss":0.0,"damage_taken":0.0,"cards_upgraded":["Poison Darts"]},{"cards_removed":["Parasite"],"damage_healed":0,"gold_gain":0,"player_choice":"Card Removal","damage_taken":7,"max_hp_gain":0,"max_hp_loss":0,"event_name":"Golden Wing","floor":106,"gold_loss":0},{"damage_healed":0,"gold_gain":0,"player_choice":"Grow","damage_taken":0,"max_hp_gain":0,"max_hp_loss":0,"event_name":"Living Wall","floor":107,"gold_loss":0,"cards_upgraded":["Neutralize"]}],"is_beta":false,"boss_relics":[{"not_picked":["Runic Dome","HoveringKite"],"picked":"SacredBark"},{"not_picked":["Snecko Eye","Calling Bell"],"picked":"Replay:Grab Bag"},{"not_picked":["Velvet Choker","Fusion Hammer"],"picked":"Philosopher\u0027s Stone"},{"not_picked":["Busted Crown","ChewingGum"],"picked":"Cursed Key"},{"not_picked":["Kintsugi","Empty Cage"],"picked":"Astrolabe"},{"not_picked":["WristBlade","Replay:Drink Me"],"picked":"Black Star"},{"not_picked":["ReplayTheSpireMod:EnergyBall","ReplayTheSpireMod:ShopPack"],"picked":"HandDrill"},{"not_picked":["Snecko Heart","Snecko Eye"],"picked":"Busted Crown"},{"not_picked":["Runic Pyramid","Sozu"],"picked":"Pandora\u0027s Box"},{"not_picked":["Replay:Wanted Poster","Fusion Hammer"],"picked":"Coffee Dripper"},{"not_picked":["Snecko Scales","SlaversCollar"],"picked":"WristBlade"}],"items_purged_floors":[30,37,47,75],"is_endless":true,"potions_floor_spawned":[7,10,14,20,21,31,33,45,50,52,53,55,56,67,71,73,74,79,81,84,86,92,95,96,99,101,103,104],"ascension_level":0}}