{"host":"sav7uxregyirlf69","time":1609769739,"event":{"mods":["AchievementEnabler","BaseMod","Colored Map","DeckTracker","Keyboard Shortcuts","Minty Spire (QoL Compilation)","READ ME - Guardian Mod","StSLib","SuperFastMode"],"gold_per_floor":[117,117,127,146,20,20,33,45,70,99,99,130,130,147,147,221,221,235,235,249,265,282,282,282,282],"floor_reached":24,"playtime":490,"items_purged":["Strike_G"],"score":520,"play_id":"874091f7-b234-4f20-8d62-e980d18ca332","local_time":"20210104231539","is_ascension_mode":true,"campfire_choices":[{"data":"Deadly Poison","floor":6,"key":"SMITH"},{"floor":11,"key":"REST"},{"floor":13,"key":"REST"},{"data":"Catalyst","floor":15,"key":"SMITH"},{"data":"Catalyst","floor":23,"key":"SMITH"}],"circlet_count":0,"master_deck":["AscendersBane","Strike_G","Strike_G","Strike_G","Defend_G","Defend_G","Defend_G","Defend_G","Defend_G","Survivor","Neutralize","Die Die Die","Deadly Poison+1","Backflip","Dagger Throw","Escape Plan","Blade Dance","Catalyst+1","Crippling Poison","Malaise","Prepared","Pain","Catalyst+1","Noxious Fumes"],"relics":["Ring of the Snake","Dream Catcher","Akabeko","Oddly Smooth Stone","Coffee Dripper","WarpedTongs"],"acts_visited":["Exordium","TheCity"],"potions_floor_usage":[10,12,16,24],"damage_taken":[{"damage":0,"enemies":"2 Louse","floor":1,"turns":1},{"damage":6,"enemies":"Cultist","floor":3,"turns":4},{"damage":1,"enemies":"Small Slimes","floor":4,"turns":5},{"damage":7,"enemies":"Exordium Wildlife","floor":7,"turns":5},{"damage":1,"enemies":"Looter","floor":8,"turns":4},{"damage":28,"enemies":"Lagavulin","floor":10,"turns":9},{"damage":7,"enemies":"3 Sentries","floor":12,"turns":5},{"damage":0,"enemies":"Red Slaver","floor":14,"turns":2},{"damage":0,"enemies":"Slime Boss","floor":16,"turns":6},{"damage":4,"enemies":"2 Thieves","floor":18,"turns":3},{"damage":2,"enemies":"3 Byrds","floor":20,"turns":4},{"damage":14,"enemies":"Centurion and Healer","floor":21,"turns":8},{"damage":31,"enemies":"Sentry and Sphere","floor":22,"turns":6},{"damage":15,"enemies":"Gremlin Leader","floor":24,"turns":3}],"seed_played":"4479775814273529695","potions_obtained":[{"floor":7,"key":"Dexterity Potion"},{"floor":10,"key":"AttackPotion"},{"floor":12,"key":"Fire Potion"},{"floor":22,"key":"ColorlessPotion"}],"is_trial":false,"path_per_floor":["M","?","M","M","$","R","M","M","T","E","R","E","R","M","R","B",null,"M","?","M","M","M","R","E"],"character_chosen":"THE_SILENT","items_purchased":["Deadly Poison"],"campfire_rested":2,"item_purchase_floors":[5],"current_hp_per_floor":[44,44,38,37,37,37,30,29,29,1,20,13,32,32,32,32,58,54,54,52,38,7,7,0,0],"gold":282,"neow_bonus":"THREE_RARE_CARDS","is_daily":false,"chose_seed":false,"campfire_upgraded":3,"win_rate":0.0,"timestamp":1609769739,"path_taken":["M","?","M","?","?","R","M","M","T","E","R","E","R","M","R","BOSS","M","?","?","M","M","R","E"],"items_purchased_type":["Card"],"build_version":"2020-12-22","purchased_purges":1,"victory":false,"max_hp_per_floor":[66,66,66,66,66,66,66,66,66,66,66,66,66,66,66,66,66,66,66,66,66,66,66,66,66],"card_choices":[{"not_picked":["Night Terror","Tools of the Trade"],"picked":"Die Die Die","floor":0},{"not_picked":["Flying Knee","Sucker Punch","Blade Dance"],"picked":"SKIP","floor":1},{"not_picked":["Blur","Expertise","Deflect"],"picked":"SKIP","floor":3},{"not_picked":["Concentrate","Flying Knee","Blade Dance"],"picked":"SKIP","floor":4},{"not_picked":["Endless Agony","Concentrate"],"picked":"Backflip","floor":7},{"not_picked":["Outmaneuver","Deflect"],"picked":"Dagger Throw","floor":8},{"not_picked":["Bane","Setup","Acrobatics"],"picked":"SKIP","floor":10},{"not_picked":["Prepared","Deflect"],"picked":"Escape Plan","floor":11},{"not_picked":["Prepared","Poisoned Stab"],"picked":"Blade Dance","floor":12},{"not_picked":["Leg Sweep","Quick Slash"],"picked":"Catalyst","floor":13},{"not_picked":["PiercingWail","Deadly Poison"],"picked":"Crippling Poison","floor":14},{"not_picked":["Wraith Form v2","Venomology"],"picked":"Malaise","floor":16},{"not_picked":["Skewer","Dagger Spray"],"picked":"Prepared","floor":18},{"not_picked":["Dash","Quick Slash"],"picked":"Catalyst","floor":20},{"not_picked":["Escape Plan","Endless Agony"],"picked":"Noxious Fumes","floor":21},{"not_picked":["Bouncing Flask","Eviscerate","Deflect"],"picked":"SKIP","floor":22}],"player_experience":1137441,"relics_obtained":[{"floor":9,"key":"Dream Catcher"},{"floor":10,"key":"Akabeko"},{"floor":12,"key":"Oddly Smooth Stone"}],"event_choices":[{"cards_removed":["Strike_G"],"damage_healed":0,"gold_gain":0,"player_choice":"Purged","damage_taken":0,"max_hp_gain":0,"max_hp_loss":0,"event_name":"Purifier","floor":2,"gold_loss":0},{"damage_healed":0,"gold_gain":0,"player_choice":"Rummage","damage_taken":0,"relics_obtained":["WarpedTongs"],"max_hp_gain":0,"max_hp_loss":0,"event_name":"Accursed Blacksmith","floor":19,"gold_loss":0,"cards_obtained":["Pain"]}],"is_beta":false,"boss_relics":[{"not_picked":["Calling Bell","Velvet Choker"],"picked":"Coffee Dripper"}],"items_purged_floors":[5],"is_endless":false,"potions_floor_spawned":[7,10,12,22],"killed_by":"Gremlin Leader","ascension_level":20}}