{"host":"kabf61oc9jgfwufg","time":1609778513,"event":{"mods":["AchievementEnabler","Act Like it!","Aspiration","BaseMod","Conspire","GifTheSpireLib","Halation","HexUI Lib","Hubris","Infinite Spire","Minty Spire (QoL Compilation)","Pale of the Ancients","Rare Cards Sparkle","Replay The Spire","StSLib","The Jungle"],"gold_per_floor":[110,110,110,122,47,47,47,47,47,47,62,8,8,18,18,122,122,136,136,136],"floor_reached":19,"playtime":412,"items_purged":["Strike_P"],"score":230,"play_id":"fa0591cb-82f7-485a-8a5b-3c68dc86600a","local_time":"20210104164153","is_ascension_mode":false,"campfire_choices":[{"data":"FlurryOfBlows","floor":6,"key":"SMITH"},{"data":"Eruption","floor":8,"key":"SMITH"},{"data":"Vigilance","floor":10,"key":"SMITH"},{"floor":15,"key":"REST"}],"circlet_count":0,"master_deck":["Defend_P","Defend_P","Eruption+1","Vigilance+1","FlurryOfBlows+1","SandsOfTime+1","Devotion","Spreading Infection","conspire:NecroticWound","Crescendo"],"relics":["PureWater","NeowsBlessing","halation:KoshaPiece","hubris:MysteriousPyramids","halation:Toothbrush","conspire:DeflatedDodgeball","Kintsugi"],"acts_visited":["Exordium","TheCity"],"potions_floor_usage":[16,18],"damage_taken":[{"damage":0,"enemies":"Cultist","floor":1,"turns":1},{"damage":0,"enemies":"Small Slimes","floor":4,"turns":1},{"damage":0,"enemies":"2 Louse","floor":11,"turns":1},{"damage":0,"enemies":"Looter","floor":14,"turns":2},{"damage":0,"enemies":"Slime Boss","floor":16,"turns":7},{"damage":53,"enemies":"Shell Parasite","floor":18,"turns":6},{"damage":40,"enemies":"conspire:MimicChest","floor":19,"turns":2}],"seed_played":"8885238760023620716","potions_obtained":[{"floor":4,"key":"Regen Potion"},{"floor":11,"key":"Venom Potion"}],"is_trial":false,"path_per_floor":["M","?","?","M","$","R","?","R","T","R","M","$","T","M","R","B",null,"M","?"],"character_chosen":"WATCHER","items_purchased":["SandsOfTime+1"],"campfire_rested":1,"item_purchase_floors":[12],"current_hp_per_floor":[72,72,72,72,72,72,65,65,65,65,65,65,65,65,72,72,87,39,0,0],"gold":136,"neow_bonus":"THREE_ENEMY_KILL","is_daily":false,"chose_seed":false,"campfire_upgraded":3,"win_rate":0.0,"timestamp":1609778513,"path_taken":["M","?","?","M","$","R","?","R","T","R","M","?","?","M","R","BOSS","M","?"],"items_purchased_type":["Card"],"build_version":"2020-12-22","purchased_purges":1,"victory":false,"max_hp_per_floor":[72,72,72,72,72,72,72,72,72,72,72,72,72,72,72,72,87,87,87,87],"card_choices":[{"not_picked":["SashWhip","JustLucky"],"picked":"FlurryOfBlows","floor":1},{"not_picked":["PathToVictory","Replay:BluntJabs","Replay:DivineShield"],"picked":"SKIP","floor":4},{"not_picked":["ThirdEye","DevaForm","ForeignInfluence"],"picked":"SKIP","floor":11},{"not_picked":["Worship","Protect","Fasting2"],"picked":"SKIP","floor":14},{"not_picked":["Brilliance","ConjureBlade"],"picked":"Devotion","floor":16},{"not_picked":["Prostrate","Sanctity"],"picked":"Crescendo","floor":18}],"player_experience":33751,"relics_obtained":[{"floor":2,"key":"halation:KoshaPiece"},{"floor":9,"key":"halation:Toothbrush"},{"floor":13,"key":"conspire:DeflatedDodgeball"}],"event_choices":[{"damage_healed":0,"gold_gain":0,"player_choice":"Ignored","damage_taken":0,"max_hp_gain":0,"max_hp_loss":0,"event_name":"Liars Game","floor":3,"gold_loss":0},{"damage_healed":0,"gold_gain":0,"player_choice":"Success","damage_taken":7,"relics_obtained":["hubris:MysteriousPyramids"],"max_hp_gain":0,"max_hp_loss":0,"event_name":"Scrap Ooze","floor":7,"gold_loss":0}],"is_beta":false,"boss_relics":[{"not_picked":["Busted Crown","Painkiller Herb"],"picked":"Kintsugi"}],"items_purged_floors":[5],"is_endless":false,"potions_floor_spawned":[4,11],"killed_by":"conspire:MimicChest","ascension_level":0}}