{"host":"m9b9nkcj1hzhp9h6","time":1609773056,"event":{"mods":["AchievementEnabler","Act Like it!","AlwaysNeverKeys","Aspiration","BaseMod","Better Altar","Better Match","Better Note","Better Sensory Stone","Better Silent Start","Better Skull","Better Third Choice","Better Vampires","BetterRewards","Booster Modes","Colored Map","Colored Powertips","Colorless Booster Pack","Conspire","Custom Start","Defective Defect","Dio Mod","Displayed Cursed Tome","Dota2Spire","Downfall","Elementarium","Emptier Cage","Energized Spire","Friendly Minions","Gensokyo","GifTheSpireLib","Halation","HexUI Lib","Hubris","Infinite Spire","Ironclad Rager","Jedi Mod","Mari Mod (Legacy)","Mari\u0027s V1 Patch","Marked Mod","Menagerie","Mimic Mod","Minty Spire (QoL Compilation)","Pale of the Ancients","Permanent Neow","Prisma Mod","RRrroohrrRGHHhhh!!","Random Character Button","Random Character Mod","Relic Sorter","Relic Stats","Remilia??????","Replay The Spire","Reworked Bosses","Robot Space Explorer","RumiaBox-????????","SCP261 Mod","SacredBarkPlus","Small Relic Pack","Spikes Relics","StSLib","Stuff the Spire","The Animator","The Blue Laboratory","The Factory","The IronCluck","The Jungle","Trackpad","Transform Curses","Useless Jewels Mod","Virulent Crown","Waifu the Spire","Wandering Minibosses","Yohane!","Yuri Mod","egg","slay the spire mod where everything is the same but ironclad has a cowboy hat","thorton","vexMod"],"gold_per_floor":[11,11,11,21,39,71,14,42,75,91,107,107,32,143,143,244,244,263,263,275,83,83,205,205,205,325,325,380,399,511,544,561,561,561],"floor_reached":33,"playtime":905,"items_purged":["Limit Break"],"score":582,"play_id":"31cb832b-dd1b-4880-8a9a-7b0b01f52b4b","local_time":"20210104171056","is_ascension_mode":true,"campfire_choices":[{"data":"Replay:Undeath\u0027s Touch","floor":15,"key":"SMITH"},{"data":"Replay:Undeath\u0027s Touch","floor":27,"key":"SMITH"}],"circlet_count":0,"master_deck":["Twin Strike","Twin Strike","Twin Strike","Twin Strike","Twin Strike","Iron Wave","Iron Wave","Iron Wave","Iron Wave","Invigoration","Pummel+1","Sword Boomerang+1","Replay:Undeath\u0027s Touch+1","ReplayTheSpireMod:Limb From Limb","Uppercut+1","Replay:Undeath\u0027s Touch+1","Pain","Thunderclap","ICR:Frenzy","Clash","Cleave"],"relics":["Burning Blood","halation:RedSoulGem","Dota2Spire:PhaseBoots","rorgmod:Ceramic Fish","trackpad:Mousetrap","hubris:Towel","King of Hearts","hubris:BlackHole","wanderingMiniBosses:CarrionFlame","vexMod:PaidLearning","WarpedTongs","infinitespire:EmpoweringShard","Ginger","hubris:FunFungus","trackpad:ByrdCharm","The Courier"],"acts_visited":["Exordium","TheCity"],"potions_floor_usage":[9,33],"damage_taken":[{"damage":9,"enemies":"2 Louse","floor":1,"turns":3},{"damage":0,"enemies":"Small Slimes","floor":4,"turns":1},{"damage":0,"enemies":"Jaw Worm","floor":5,"turns":1},{"damage":0,"enemies":"3 Sentries","floor":6,"turns":3},{"damage":6,"enemies":"Replay:BlueRogue","floor":8,"turns":2},{"damage":2,"enemies":"Blue Slaver","floor":9,"turns":6},{"damage":0,"enemies":"Blue Slaver","floor":10,"turns":1},{"damage":0,"enemies":"3 Louse","floor":11,"turns":2},{"damage":0,"enemies":"3 Sentries","floor":14,"turns":2},{"damage":0,"enemies":"Slime Boss","floor":16,"turns":2},{"damage":2,"enemies":"Chosen","floor":18,"turns":2},{"damage":0,"enemies":"conspire:FuzzyDice","floor":20,"turns":2},{"damage":14,"enemies":"Book of Stabbing","floor":23,"turns":2},{"damage":1,"enemies":"conspire:Head Lice","floor":26,"turns":2},{"damage":5,"enemies":"Snecko","floor":29,"turns":2},{"damage":0,"enemies":"Slavers","floor":30,"turns":1},{"damage":1,"enemies":"Snake Plant","floor":31,"turns":3},{"damage":0,"enemies":"Snake Plant","floor":32,"turns":1},{"damage":2,"enemies":"conspire:HollyBat","floor":33,"turns":5}],"seed_played":"-353495652024905284","potions_obtained":[{"floor":1,"key":"blueLaboratory:IronCompound"},{"floor":5,"key":"GamblersBrew"},{"floor":8,"key":"blueLaboratory:RememoryPotion"},{"floor":11,"key":"blueLaboratory:BottledHope"},{"floor":18,"key":"jedi:StrikingPotion"},{"floor":23,"key":"blueLaboratory:BottleOfRum"}],"is_trial":false,"path_per_floor":["M","?","?","M","M","E","$","E","MIM","M","M","?","$","E","R","B",null,"M","?","M","$","?","E","PTL","PTL","E","R","T","M","E","MIM","M","M"],"character_chosen":"IRONCLAD","items_purchased":["Pummel+1","Replay:Undeath\u0027s Touch","vexMod:PaidLearning"],"campfire_rested":0,"item_purchase_floors":[7,21,21],"current_hp_per_floor":[48,48,48,54,60,66,66,66,70,72,72,72,72,72,72,72,72,72,72,72,72,72,64,64,64,69,69,69,70,72,72,72,72,72],"gold":561,"neow_bonus":"IRONCLAD_BERSERKER","is_daily":false,"chose_seed":false,"campfire_upgraded":2,"win_rate":0.0,"timestamp":1609773056,"path_taken":["M","?","?","M","M","E","?","E","MIM","M","?","?","$","E","R","BOSS","M","?","?","$","?","E","PTL","PTL","E","R","T","?","E","?","M","M"],"items_purchased_type":["Card","Card","Relic"],"build_version":"2020-12-22","purchased_purges":1,"victory":false,"max_hp_per_floor":[72,72,72,72,72,72,72,72,72,72,72,72,72,72,72,72,72,72,72,72,72,72,72,72,72,72,72,72,72,72,72,72,72,72],"relic_stats":{"counters":[19,43],"Ginger":[2],"obtain_stats":[{"trackpad:Mousetrap":9,"rorgmod:Ceramic Fish":8,"King of Hearts":14,"The Courier":31,"vexMod:PaidLearning":21,"Ginger":26,"hubris:Towel":12,"Burning Blood":0,"WarpedTongs":22,"halation:RedSoulGem":2,"hubris:BlackHole":17,"trackpad:ByrdCharm":31,"wanderingMiniBosses:CarrionFlame":20,"hubris:FunFungus":30,"infinitespire:EmpoweringShard":23,"Dota2Spire:PhaseBoots":6},{"trackpad:Mousetrap":6,"rorgmod:Ceramic Fish":5,"King of Hearts":9,"The Courier":17,"vexMod:PaidLearning":12,"Ginger":14,"hubris:Towel":8,"Burning Blood":0,"WarpedTongs":12,"halation:RedSoulGem":1,"hubris:BlackHole":10,"trackpad:ByrdCharm":17,"wanderingMiniBosses:CarrionFlame":12,"hubris:FunFungus":16,"infinitespire:EmpoweringShard":13,"Dota2Spire:PhaseBoots":4},{"trackpad:Mousetrap":16,"rorgmod:Ceramic Fish":10,"King of Hearts":21,"The Courier":37,"vexMod:PaidLearning":27,"Ginger":31,"hubris:Towel":19,"Burning Blood":0,"WarpedTongs":27,"halation:RedSoulGem":3,"hubris:BlackHole":23,"trackpad:ByrdCharm":37,"wanderingMiniBosses:CarrionFlame":27,"hubris:FunFungus":34,"infinitespire:EmpoweringShard":29,"Dota2Spire:PhaseBoots":8}],"Burning Blood":60,"WarpedTongs":[16]},"card_choices":[{"not_picked":["hubris:ReadiedAction","Armaments"],"picked":"Invigoration","floor":1},{"not_picked":["True Grit","conspire:ExplosiveBarrier","Life Link"],"picked":"SKIP","floor":4},{"not_picked":["Anger","StuffTheSpire:RagingBull","Havoc"],"picked":"SKIP","floor":5},{"not_picked":["Twin Strike","ReplayTheSpireMod:Strike From Hell"],"picked":"Limit Break","floor":6},{"not_picked":["Evolve","Perfected Strike","hubris:ReadiedAction"],"picked":"SKIP","floor":8},{"not_picked":["True Grit","jedi:fear","jedi:harder"],"picked":"SKIP","floor":10},{"not_picked":["True Grit","Life Link"],"picked":"Sword Boomerang","floor":11},{"not_picked":["True Grit","Iron Wave"],"picked":"Replay:Undeath\u0027s Touch","floor":14},{"not_picked":["Dual Wield","hubris:ReadiedAction"],"picked":"ReplayTheSpireMod:Limb From Limb","floor":18},{"not_picked":["StuffTheSpire:Slingshot","Body Slam+1"],"picked":"Uppercut","floor":20},{"not_picked":["Cleave","jedi:bloodyhammer"],"picked":"Thunderclap","floor":23},{"not_picked":["Burning Pact","Body Slam"],"picked":"ICR:Frenzy","floor":26},{"not_picked":["BarbarianYell","Ghostly Armor","Havoc"],"picked":"SKIP","floor":29},{"not_picked":["Armaments+1","Clothesline"],"picked":"Clash","floor":30},{"not_picked":["Rage","Clothesline+1"],"picked":"Cleave","floor":31},{"not_picked":["Impervious","True Grit","StuffTheSpire:Incineration"],"picked":"SKIP","floor":32}],"player_experience":1392702,"relics_obtained":[{"floor":6,"key":"Dota2Spire:PhaseBoots"},{"floor":8,"key":"rorgmod:Ceramic Fish"},{"floor":9,"key":"trackpad:Mousetrap"},{"floor":14,"key":"King of Hearts"},{"floor":20,"key":"wanderingMiniBosses:CarrionFlame"},{"floor":23,"key":"infinitespire:EmpoweringShard"},{"floor":26,"key":"Ginger"},{"floor":30,"key":"hubris:FunFungus"},{"floor":31,"key":"trackpad:ByrdCharm"},{"floor":31,"key":"The Courier"}],"event_choices":[{"cards_removed":["Bash"],"damage_healed":0,"gold_gain":0,"player_choice":"Purged","damage_taken":0,"max_hp_gain":0,"max_hp_loss":0,"event_name":"Purifier","floor":19,"gold_loss":0},{"damage_healed":0,"gold_gain":0,"player_choice":"Rummage","damage_taken":0,"relics_obtained":["WarpedTongs"],"max_hp_gain":0,"max_hp_loss":0,"event_name":"Accursed Blacksmith","floor":22,"gold_loss":0,"cards_obtained":["Pain"]}],"is_beta":false,"boss_relics":[{"not_picked":["relicPack:KazumaCape","ReplayTheSpireMod:SealedPack"],"picked":"hubris:BlackHole"}],"items_purged_floors":[13],"is_endless":false,"potions_floor_spawned":[1,5,8,11,14,18,20,23,32],"killed_by":"conspire:HollyBat","ascension_level":6}}