{"host":"h5pmktbc0hzjipqc","time":1609770929,"event":{"mods":["2.2 Compatiblity","AchievementEnabler","BaseMod","Better Altar","Better Match","Better Note","Better Sensory Stone","Better Skull","Better Third Choice","Better Vampires","BetterRewards","Block Reminder","Clawfect","Colored Powertips","Conspire","Curses Come First","Energized Spire","GifTheSpireLib","Halation","Hero for Fun","Hubris","Jedi Mod","Minty Spire (QoL Compilation)","Permanent Neow","Quick Restart","Rare Cards Sparkle","Relic Sorter","Relic Stats","Replay The Spire","Spicy Shops","Spikes Relics","StSLib","Synergy Search","The Jungle","Trackpad","Unceasing Turn Reminder","everything is the same but u backflip on backflip","vexMod"],"gold_per_floor":[114,132,132,132,118,118,133,133,133,133,159,61,61,92,92,192,192,209,229,239,256,49,79,79,104,104,41,41,41,41,22,72,83,83,183,183,201,201,211,229,241,241,252,252,324,280,296,296,0,17,17,17],"floor_reached":53,"playtime":2387,"items_purged":["Clumsy"],"score":919,"play_id":"447c0fe8-dad4-4201-8653-9835ae16474f","local_time":"20210104083529","is_ascension_mode":true,"campfire_choices":[{"data":"Anger","floor":6,"key":"SMITH"},{"data":"Perfected Strike","floor":10,"key":"SMITH"},{"data":"Cleave","floor":15,"key":"SMITH"},{"floor":24,"key":"REST"},{"data":"Perfected Strike","floor":34,"key":"SMITH"},{"floor":42,"key":"REST"},{"floor":44,"key":"REST"},{"data":"hubris:DuctTapeCard","floor":51,"key":"SMITH"}],"circlet_count":0,"master_deck":["Strike_R","Strike_R","Strike_R","Strike_R","Defend_R","Defend_R","Defend_R","Defend_R","Bash","Anger+1","Pommel Strike","Cleave+1","Reckless Charge+1","Perfected Strike+1","Heavy Blade","Headbutt","Anger+1","Cleave","Cleave","Reckless Charge","Wild Strike","Pommel Strike+1","Perfected Strike","Perfected Strike+1","Pommel Strike+1","Demonic Infusion","Cleave","Anger+1","Thunderclap","Searing Blow","Flex","CloudedMind","hubris:DuctTapeCard+3","Thunderclap","Twin Strike"],"relics":["Burning Blood","Membership Card","halation:Diary","BargainBundle","PreservedInsect","hubris:Towel","Counterbalance","Rawhide","DollysMirror","Orichalcum","jedi:leech","Bag of Marbles","Anchor","Blue Doll","conspire:InfiniteJournal","Question Card","trackpad:IceCube","Ornamental Fan","ReplayTheSpireMod:CursedCoin","hubris:DuctTape","Lizard Tail","Pen Nib","trackpad:AdjectivePendant"],"acts_visited":["Exordium","Exordium","TheBeyond"],"potions_floor_usage":[20,21,21,23,23,23,25,33,40,41,52,52,52],"damage_taken":[{"damage":2,"enemies":"Small Slimes","floor":1,"turns":3},{"damage":0,"enemies":"2 Louse","floor":2,"turns":2},{"damage":0,"enemies":"Jaw Worm","floor":7,"turns":1},{"damage":0,"enemies":"Gremlin Nob","floor":11,"turns":2},{"damage":0,"enemies":"Lagavulin","floor":14,"turns":2},{"damage":0,"enemies":"Slime Boss","floor":16,"turns":4},{"damage":8,"enemies":"theJungle:GiantWrat","floor":18,"turns":4},{"damage":3,"enemies":"theJungle:5_Spyders","floor":19,"turns":5},{"damage":4,"enemies":"theJungle:Lyon","floor":20,"turns":3},{"damage":16,"enemies":"theJungle:JungleHuntersEncounter","floor":21,"turns":5},{"damage":38,"enemies":"theJungle:2_Phrogs","floor":23,"turns":4},{"damage":4,"enemies":"theJungle:MamaSnecko","floor":25,"turns":4},{"damage":3,"enemies":"theJungle:SlimyTreeVines","floor":33,"turns":3},{"damage":40,"enemies":"theJungle:FunGuy","floor":35,"turns":8},{"damage":0,"enemies":"3 Shapes","floor":37,"turns":2},{"damage":11,"enemies":"Orb Walker","floor":39,"turns":4},{"damage":19,"enemies":"Sphere and 2 Shapes","floor":40,"turns":3},{"damage":41,"enemies":"Maw","floor":41,"turns":7},{"damage":41,"enemies":"Spire Growth","floor":43,"turns":4},{"damage":54,"enemies":"Transient","floor":47,"turns":5},{"damage":2,"enemies":"4 Shapes","floor":50,"turns":2},{"damage":80,"enemies":"conspire:OrnateMirror","floor":52,"turns":11}],"seed_played":"-1331644377011147353","potions_obtained":[{"floor":20,"key":"EntropicBrew"},{"floor":25,"key":"LiquidMemories"},{"floor":35,"key":"ColorlessPotion"},{"floor":37,"key":"jedi:StrikingPotion"},{"floor":43,"key":"Doom Potion"},{"floor":50,"key":"jedi:holywater"}],"is_trial":false,"path_per_floor":["M","M","?","?","$","R","M","$","T","R","E","$","?","E","R","B",null,"M","M","M","M","$","E","R","E","T","$","PTL","PTL","?","$","?","M","R","B",null,"M","?","M","M","M","R","M","R","T","$","M","?","$","M","R","B",null],"character_chosen":"IRONCLAD","items_purchased":["Membership Card","halation:Diary","SmokeBomb","BargainBundle","Iron Wave","Anger","Fire Potion","BlessingOfTheForge","PreservedInsect","Pommel Strike","Perfected Strike","DollysMirror","Cleave","jedi:leech","FairyPotion","Bag of Marbles","Question Card","Perfected Strike","ReplayTheSpireMod:CursedCoin","hubris:DuctTape","Thunderclap","Lizard Tail","Pen Nib","trackpad:AdjectivePendant","BloodPotion"],"campfire_rested":3,"item_purchase_floors":[0,0,0,0,0,0,0,0,0,0,5,12,12,22,22,22,27,31,46,46,46,49,49,49,49],"current_hp_per_floor":[68,74,74,74,74,74,80,80,80,80,80,80,80,80,80,80,80,78,80,80,70,70,38,62,64,64,64,64,64,64,64,54,60,60,26,80,80,80,75,62,27,51,16,40,40,40,42,41,41,45,45,31],"gold":17,"neow_bonus":"","is_daily":false,"chose_seed":false,"campfire_upgraded":5,"win_rate":0.0,"timestamp":1609770929,"path_taken":["M","M","?","?","?","R","?","$","T","R","E","$","?","E","R","BOSS","M","?","M","M","$","E","R","E","T","$","PTL","PTL","?","$","?","?","R","BOSS","M","?","M","M","M","R","M","R","T","$","?","?","$","M","R","BOSS"],"items_purchased_type":["Relic","Relic","Potion","Relic","Card","Card","Potion","Potion","Relic","Card","Card","Relic","Card","Relic","Potion","Relic","Relic","Card","Relic","Relic","Card","Relic","Relic","Relic","Potion"],"build_version":"2020-12-22","purchased_purges":1,"victory":true,"max_hp_per_floor":[80,80,80,80,80,80,80,80,80,80,80,80,80,80,80,80,80,80,80,80,80,80,80,80,80,80,80,80,80,80,80,80,80,80,80,80,80,80,80,80,80,80,80,80,80,80,80,80,80,80,80,80],"relic_stats":{"Lizard Tail":40,"counters":[41,142],"Ornamental Fan":[16],"PreservedInsect":142,"Pen Nib":[0],"Orichalcum":[180],"Question Card":19,"obtain_stats":[{"trackpad:IceCube":38,"Ginger":27,"halation:StarCompass":25,"vexMod:RockOfEvil":34,"Blood Vial":9,"jedi:leech":22,"Centennial Puzzle":24,"Lizard Tail":38,"DollysMirror":12,"halation:SimulatedSpire":0,"trackpad:AdjectivePendant":10,"Replay:Wax Seal":12,"hubris:DuctTape":46,"ReplayTheSpireMod:CursedCoin":46,"Counterbalance":45,"Pen Nib":49,"Question Card":27,"Replay:Baseball":43,"Brimstone":45,"Simple Rune":29,"ReplayTheSpireMod:TigerMarble":39,"halation:Diary":0,"BrokenLever":38,"Rawhide":11,"Blue Doll":25,"Incense Burner":0,"hubris:EmptyBottle":0,"vexMod:Spyglass":27,"Burning Blood":0,"conspire:InfiniteJournal":26,"Dream Catcher":40,"Replay:M_SmolderingBlood":7,"vexMod:RedPlottingStone":0,"hubris:ScarierMask":17,"halation:Toothbrush":6,"Red Skull":2,"trackpad:GuardianSpirit":0,"BargainBundle":0,"Golden Idol":13,"halation:IllGainedPizza":46,"PreservedInsect":22,"jedi:ironblood":3,"hubris:Towel":3,"Orichalcum":14,"Anchor":23,"jedi:ominousloannote":0,"Ornamental Fan":45,"Bag of Marbles":22,"halation:AfternoonTea":26,"Membership Card":0,"Toy Ornithopter":0},{"trackpad:IceCube":34,"Ginger":10,"halation:StarCompass":10,"vexMod:RockOfEvil":13,"Blood Vial":3,"jedi:leech":29,"Centennial Puzzle":10,"Lizard Tail":14,"DollysMirror":23,"halation:SimulatedSpire":0,"trackpad:AdjectivePendant":4,"Replay:Wax Seal":5,"hubris:DuctTape":38,"ReplayTheSpireMod:CursedCoin":38,"Counterbalance":16,"Pen Nib":39,"Question Card":31,"Replay:Baseball":16,"Brimstone":16,"Simple Rune":11,"ReplayTheSpireMod:TigerMarble":14,"halation:Diary":19,"BrokenLever":14,"Rawhide":23,"Blue Doll":31,"Incense Burner":19,"hubris:EmptyBottle":0,"vexMod:Spyglass":10,"Burning Blood":0,"conspire:InfiniteJournal":31,"Dream Catcher":15,"Replay:M_SmolderingBlood":3,"vexMod:RedPlottingStone":0,"hubris:ScarierMask":7,"halation:Toothbrush":3,"Red Skull":1,"trackpad:GuardianSpirit":19,"BargainBundle":19,"Golden Idol":5,"halation:IllGainedPizza":17,"PreservedInsect":9,"jedi:ironblood":1,"hubris:Towel":21,"Orichalcum":24,"Anchor":30,"jedi:ominousloannote":19,"Ornamental Fan":38,"Bag of Marbles":29,"halation:AfternoonTea":10,"Membership Card":19,"Toy Ornithopter":19},{"trackpad:IceCube":107,"Ginger":29,"halation:StarCompass":29,"vexMod:RockOfEvil":41,"Blood Vial":10,"jedi:leech":86,"Centennial Puzzle":29,"Lizard Tail":43,"DollysMirror":63,"halation:SimulatedSpire":0,"trackpad:AdjectivePendant":12,"Replay:Wax Seal":14,"hubris:DuctTape":125,"ReplayTheSpireMod:CursedCoin":125,"Counterbalance":48,"Pen Nib":130,"Question Card":94,"Replay:Baseball":48,"Brimstone":48,"Simple Rune":32,"ReplayTheSpireMod:TigerMarble":43,"halation:Diary":55,"BrokenLever":43,"Rawhide":63,"Blue Doll":94,"Incense Burner":55,"hubris:EmptyBottle":0,"vexMod:Spyglass":29,"Burning Blood":0,"conspire:InfiniteJournal":94,"Dream Catcher":46,"Replay:M_SmolderingBlood":10,"vexMod:RedPlottingStone":0,"hubris:ScarierMask":21,"halation:Toothbrush":10,"Red Skull":3,"trackpad:GuardianSpirit":55,"BargainBundle":55,"Golden Idol":14,"halation:IllGainedPizza":50,"PreservedInsect":26,"jedi:ironblood":3,"hubris:Towel":60,"Orichalcum":65,"Anchor":90,"jedi:ominousloannote":55,"Ornamental Fan":125,"Bag of Marbles":86,"halation:AfternoonTea":29,"Membership Card":55,"Toy Ornithopter":55}],"Burning Blood":105},"card_choices":[{"not_picked":["Clash","Dual Wield"],"picked":"BarbarianYell","floor":1},{"not_picked":["hubris:ReadiedAction","Flex"],"picked":"Cleave","floor":2},{"not_picked":["Wild Strike","Ghostly Armor"],"picked":"Heavy Blade","floor":7},{"not_picked":["Run Through","Feel No Pain"],"picked":"Headbutt","floor":11},{"not_picked":["Defy Death","jedi:collectorstrike"],"picked":"Reckless Charge","floor":14},{"not_picked":["Exhume","Juggernaut"],"picked":"Limit Break","floor":16},{"not_picked":["Havoc","jedi:fear","ReplayTheSpireMod:Limb From Limb+1"],"picked":"SKIP","floor":18},{"not_picked":["Replay:Undeath\u0027s Touch","Shrug It Off","ReplayTheSpireMod:LeadingStrike"],"picked":"SKIP","floor":19},{"not_picked":["Run Through","hubris:ReadiedAction"],"picked":"Wild Strike","floor":20},{"not_picked":["Sword Boomerang+1","Clash","Havoc"],"picked":"SKIP","floor":21},{"not_picked":["Demon Form","True Grit"],"picked":"Flex+1","floor":23},{"not_picked":["jedi:harder","Sword Boomerang"],"picked":"Pommel Strike+1","floor":25},{"not_picked":["Replay:Undeath\u0027s Touch","ReplayTheSpireMod:Stacked","Whirlwind+1"],"picked":"Pommel Strike+1","floor":33},{"not_picked":["Offering","Reaper","Limit Break"],"picked":"Demonic Infusion","floor":35},{"not_picked":["Infernal Blade","Flex","Metallicize+1"],"picked":"Cleave","floor":37},{"not_picked":["Disarm+1","Flex","jedi:fear+1"],"picked":"Anger+1","floor":39},{"not_picked":["Sword Boomerang","ReplayTheSpireMod:Muscle Training","Metallicize"],"picked":"Thunderclap","floor":40},{"not_picked":["Massacre","Replay:Undeath\u0027s Touch","Feel No Pain"],"picked":"Searing Blow","floor":41},{"not_picked":["conspire:ExplosiveBarrier","Warcry","Clash"],"picked":"Flex","floor":43},{"not_picked":["jedi:hate","Havoc+1","True Grit+1","Battle Trance"],"picked":"SKIP","floor":47},{"not_picked":["Dark Embrace+1","Absolvement+1","Run Through+1"],"picked":"Twin Strike","floor":50}],"player_experience":31425,"relics_obtained":[{"floor":9,"key":"Counterbalance"},{"floor":11,"key":"Rawhide"},{"floor":14,"key":"Orichalcum"},{"floor":23,"key":"Anchor"},{"floor":25,"key":"Blue Doll"},{"floor":26,"key":"conspire:InfiniteJournal"},{"floor":45,"key":"Ornamental Fan"}],"event_choices":[{"cards_removed":["BarbarianYell"],"damage_healed":0,"gold_gain":0,"player_choice":"Offered Uncommon","damage_taken":0,"max_hp_gain":0,"max_hp_loss":0,"event_name":"Bonfire Elementals","floor":13,"gold_loss":0},{"damage_healed":0,"gold_gain":0,"player_choice":"Leave","damage_taken":0,"max_hp_gain":0,"max_hp_loss":0,"event_name":"conspire:Investor","floor":30,"gold_loss":0},{"cards_removed":["Iron Wave"],"damage_healed":0,"gold_gain":0,"player_choice":"Gave Card","damage_taken":0,"relics_obtained":["trackpad:IceCube"],"max_hp_gain":0,"max_hp_loss":0,"event_name":"WeMeetAgain","floor":38,"gold_loss":0},{"damage_healed":0,"gold_gain":0,"player_choice":"","damage_taken":1,"relics_obtained":[],"max_hp_gain":0,"max_hp_loss":0,"event_name":"betterSkull:BetterSkull","floor":48,"gold_loss":0,"cards_upgraded":[]}],"is_beta":false,"boss_relics":[{"not_picked":["hubris:CrackedHourglass","vexMod:CursedCompass","Replay:Fungal Core"]},{"not_picked":["jedi:hotpepper","hubris:VirtuousBlindfold","Kintsugi"]}],"items_purged_floors":[46],"is_endless":false,"potions_floor_spawned":[7,11,14,16,20,25,35,37,43,50],"ascension_level":1}}