{"host":"szhlby826bwwvape","time":1609781662,"event":{"mods":["Act Like it!","BaseMod","Colored Map","Colored Powertips","Downfall","Hallownest","Minty Spire (QoL Compilation)","Rare Cards Sparkle","Replay The Spire","StSLib","The Bug Knight"],"gold_per_floor":[99,113,126,146,146,179,203,203,203,223,223,238,254,96,107,210,210,210,221,236,236,119,146,171,171,187,187,187,247,247,104,114,214,214,214,227,387,398,398,398,398,411,336,407,205,225,238,34,34,53,83,94,94],"floor_reached":54,"playtime":10288,"items_purged":["Slimebound:Strike_Slimebound","Slimebound:Defend_Slimebound","Slimebound:Defend_Slimebound","Slimebound:Defend_Slimebound","Slimebound:Strike_Slimebound","Slimebound:Strike_Slimebound"],"score":868,"play_id":"e2eba921-a0ea-4e04-b8c4-9e453b125592","local_time":"20210105013422","is_ascension_mode":false,"campfire_choices":[{"data":"Slimebound:CorrosiveSpit","floor":1.0,"key":"SMITH"},{"data":"Slimebound:DuplicatedForm","floor":8.0,"key":"SMITH"},{"data":"Slimebound:Split","floor":11.0,"key":"SMITH"},{"data":"Replay:SS_hec_2","floor":18.0,"key":"SMITH"},{"data":"Slimebound:FirmFortitude","floor":25.0,"key":"SMITH"},{"data":"Slimebound:SlimeSlap","floor":28.0,"key":"SMITH"},{"data":"Slimebound:LeechEnergy","floor":30.0,"key":"SMITH"},{"floor":35.0,"key":"RECALL"},{"floor":49,"key":"REST"}],"circlet_count":0,"master_deck":["Slimebound:Tackle","Slimebound:Defend_Slimebound","Slimebound:Split+1","Slimebound:CorrosiveSpit+1","Slimebound:SlimeSpikes","Slimebound:LeechEnergy+1","Slimebound:RainOfGoop+1","Slimebound:DuplicatedForm+1","Slimebound:SplitAcid","Slimebound:FirmFortitude+1","Slimebound:GrowthPunch","Replay:SS_hec_2+1","Slimebound:SlimeSlap+1","Slimebound:LivingWall+1","Slimebound:ForwardTackle+1","Slimebound:ComboTackle","Slimebound:ViciousTackle+1","Slimebound:AcidTongue","Slimebound:LeechLife","Slimebound:GoopSpray+1","Slimebound:Replication+1","Slimebound:ComboTackle+1","Slimebound:Gluttony","Slimebound:ComboTackle+1","Slimebound:SamplingLick+1"],"relics":["Slimebound:AbsorbEndCombat","Replay:Rubber Ducky","Smiling Mask","Hallownest:DreamNailRelic","SlaversCollar","PreservedInsect","ReplayTheSpireMod:Shallot","Fusion Hammer","Hallownest:GodTamersBeastRelic","Mercury Hourglass","Snack Pack","Pen Nib","Frozen Eye","HollowMod:LifeEnderRelic"],"acts_visited":["Hallownest:Greenpath","Hallownest:CityofTears","Hallownest:KingdomsEdge"],"potions_floor_usage":[],"damage_taken":[{"damage":13.0,"enemies":"Hallownest:2_Baldur","floor":2.0,"turns":3.0},{"damage":4.0,"enemies":"Hallownest:monsterHuskWarrior","floor":3.0,"turns":3.0},{"damage":11.0,"enemies":"2_ Uuma","floor":4.0,"turns":5.0},{"damage":17.0,"enemies":"Hallownest:eliteMossKnight","floor":6.0,"turns":11.0},{"damage":30.0,"enemies":"Hallownest:Guard_and_Warrior","floor":10.0,"turns":4.0},{"damage":27.0,"enemies":"Hallownest:MossCreep_and_Mosskin","floor":12.0,"turns":5.0},{"damage":18.0,"enemies":"Hallownest:1_Ooma_and_2_Uuma","floor":13.0,"turns":4.0},{"damage":6.0,"enemies":"downfall:FleeingMerchant","floor":14.0,"turns":4.0},{"damage":4.0,"enemies":"Hallownest:monsterAspidMother","floor":15.0,"turns":5.0},{"damage":8.0,"enemies":"downfall:Watcher","floor":16.0,"turns":6.0},{"damage":11.0,"enemies":"Hallownest:3_Youths","floor":19.0,"turns":4.0},{"damage":22.0,"enemies":"Hallownest:Guard_and_Sentry","floor":20.0,"turns":5.0},{"damage":27.0,"enemies":"downfall:FleeingMerchant","floor":22.0,"turns":4.0},{"damage":8.0,"enemies":"Hallownest:Nosk","floor":23.0,"turns":6.0},{"damage":4.0,"enemies":"Hallownest:monsterShrumalOgre","floor":26.0,"turns":5.0},{"damage":11.0,"enemies":"Hallownest:Glutton_and_Coward","floor":29.0,"turns":4.0},{"damage":4.0,"enemies":"downfall:FleeingMerchant","floor":31.0,"turns":4.0},{"damage":12.0,"enemies":"Hallownest:2_Husk_Sentries","floor":32.0,"turns":5.0},{"damage":4.0,"enemies":"downfall:Silent","floor":33.0,"turns":6.0},{"damage":8.0,"enemies":"Hallownest:3_Siblings","floor":36.0,"turns":6.0},{"damage":20.0,"enemies":"Hallownest:3_Siblings","floor":37.0,"turns":6.0},{"damage":26.0,"enemies":"Hallownest:3_Siblings","floor":37.0,"turns":6.0},{"damage":16.0,"enemies":"Hallownest:3_Siblings","floor":37.0,"turns":5.0},{"damage":0.0,"enemies":"Hallownest:3_Siblings","floor":37.0,"turns":2.0},{"damage":17.0,"enemies":"Hallownest:Shield_Heavy","floor":38.0,"turns":5.0},{"damage":18,"enemies":"Hallownest:2_Wing_and_1_Kings","floor":42,"turns":5},{"damage":4,"enemies":"downfall:FleeingMerchant","floor":43,"turns":3},{"damage":23,"enemies":"Hallownest:monsterPrimalAspid","floor":46,"turns":4},{"damage":16,"enemies":"Hallownest:2_Soldiers_and_1_Guardian","floor":47,"turns":5},{"damage":8,"enemies":"Hallownest:2_Wing_and_1_Kings","floor":50,"turns":6},{"damage":4,"enemies":"Hallownest:StalkingDevout","floor":51,"turns":3},{"damage":20,"enemies":"Hallownest:Shield_Sturdy","floor":52,"turns":5},{"damage":26,"enemies":"downfall:Defect","floor":53,"turns":6}],"seed_played":"521328541267025468","potions_obtained":[{"floor":3.0,"key":"hexamod:EctoCoolerPotion"},{"floor":6.0,"key":"Dexterity Potion"},{"floor":10.0,"key":"Guardian:BlockOnCardUsePotion"},{"floor":13.0,"key":"DistilledChaos"},{"floor":16.0,"key":"DuplicationPotion"},{"floor":20.0,"key":"Swift Potion"},{"floor":23.0,"key":"DistilledChaos"},{"floor":26.0,"key":"FairyPotion"},{"floor":32.0,"key":"Dexterity Potion"},{"floor":36.0,"key":"Reflective Coating"}],"is_trial":false,"path_per_floor":["R","M","M","M","?","E","T","R","?","M","R","M","M","$","M","B",null,"R","M","M","?","$","E","T","R","M","T","R","M","R","$","M","B",null,"R","M","?","M","PTL","PTL","PTL","M","$","T","$","M","M","$","R","M","E","M","B",null],"character_chosen":"SLIMEBOUND","items_purchased":["Replay:SS_hec_2","Slimebound:ComboTackle","Slimebound:AcidTongue","Mercury Hourglass","Slimebound:ComboTackle+1","Slimebound:Gluttony","Pen Nib","Frozen Eye"],"campfire_rested":1,"item_purchase_floors":[14,22,31,43,43,43,45,48],"current_hp_per_floor":[66,61,66,66,66,66,66,66,66,59,59,66,66,66,66,66,66,66,66,66,66,66,66,66,66,66,66,66,66,66,66,66,66,66,66,66,66,66,66,66,66,66,66,66,66,56,66,66,66,66,66,66,66],"gold":94,"neow_bonus":"TEN_PERCENT_HP_BONUS","is_daily":false,"chose_seed":false,"campfire_upgraded":7,"win_rate":0.0,"timestamp":1609781662,"path_taken":["R","M","M","M","?","E","T","R","?","M","R","M","?","$","M","BOSS","R","M","M","?","$","E","T","R","M","?","R","M","R","$","M","BOSS","R","M","?","M","PTL","PTL","PTL","M","$","T","$","M","M","$","R","M","E","M","BOSS"],"items_purchased_type":["Card","Card","Card","Relic","Card","Card","Relic","Relic"],"build_version":"2020-12-22","purchased_purges":6,"victory":true,"max_hp_per_floor":[66,66,66,66,66,66,66,66,66,66,66,66,66,66,66,66,66,66,66,66,66,66,66,66,66,66,66,66,66,66,66,66,66,66,66,66,66,66,66,66,66,66,66,66,66,66,66,66,66,66,66,66,66],"card_choices":[{"not_picked":["Slimebound:FinishingTackle","Slimebound:SplitMire"],"picked":"Slimebound:SlimeSpikes","floor":2.0},{"not_picked":["Slimebound:ViciousTackle","Slimebound:ComboTackle"],"picked":"Slimebound:LeechEnergy","floor":3.0},{"not_picked":["Slimebound:LeechEnergy","Slimebound:RejuvenatingLick"],"picked":"Slimebound:RainOfGoop","floor":4.0},{"not_picked":["Slimebound:LeechEnergy","Slimebound:Replication"],"picked":"Slimebound:DuplicatedForm","floor":6.0},{"not_picked":["Slimebound:RainOfGoop","Slimebound:RollThrough"],"picked":"Slimebound:SplitAcid","floor":10.0},{"not_picked":["Slimebound:ViciousTackle","Slimebound:SlimeSpikes"],"picked":"Slimebound:FirmFortitude","floor":12.0},{"not_picked":["Slimebound:PressTheAttack","Slimebound:RollThrough"],"picked":"Slimebound:GrowthPunch","floor":13.0},{"not_picked":["Slimebound:SplitLeeching","Slimebound:SamplingLick","Slimebound:DisruptingSlam"],"picked":"SKIP","floor":14.0},{"not_picked":["Slimebound:HauntingLick","Slimebound:SplitBruiser","Slimebound:ForwardTackle"],"picked":"SKIP","floor":15.0},{"not_picked":["Slimebound:MassFeed","Slimebound:MinionMaster"],"picked":"Slimebound:SlimeSlap","floor":16.0},{"not_picked":["Slimebound:HauntingLick","Slimebound:SplitLeeching+1","Slimebound:SplitBruiser"],"picked":"SKIP","floor":19.0},{"not_picked":["Slimebound:RollThrough","Slimebound:GrowthPunch"],"picked":"Slimebound:LivingWall+1","floor":20.0},{"not_picked":["Slimebound:SplitLeeching","Slimebound:SamplingLick"],"picked":"Slimebound:ForwardTackle+1","floor":22.0},{"not_picked":["Slimebound:RollThrough+1","Slimebound:DisruptingSlam"],"picked":"Slimebound:ViciousTackle+1","floor":23.0},{"not_picked":["Slimebound:RollThrough+1","Slimebound:FormOfPuddle","Slimebound:SplitBruiser"],"picked":"SKIP","floor":26.0},{"not_picked":["Slimebound:BestDefense","Slimebound:LivingWall+1","Slimebound:ItLooksTasty"],"picked":"SKIP","floor":29.0},{"not_picked":["Slimebound:Schlurp","Slimebound:GrowthPunch","Slimebound:GoopTackle"],"picked":"SKIP","floor":31.0},{"not_picked":["Slimebound:Chomp+1","Slimebound:SplitBruiser","Slimebound:FinishingTackle"],"picked":"SKIP","floor":32.0},{"not_picked":["Slimebound:OneTwoCombo","Slimebound:MassFeed"],"picked":"Slimebound:LeechLife","floor":33.0},{"not_picked":["Slimebound:LeechEnergy","Slimebound:SplitAcid+1"],"picked":"Slimebound:GoopSpray+1","floor":36.0},{"not_picked":["Slimebound:Chomp+1","Slimebound:SplitAcid+1","Slimebound:SplitMire"],"picked":"SKIP","floor":38.0},{"not_picked":["Slimebound:SplitMire","Slimebound:GrowthPunch+1","Slimebound:SamplingLick"],"picked":"SKIP","floor":42},{"not_picked":["Slimebound:PressTheAttack","Slimebound:DisruptingSlam"],"picked":"Slimebound:Replication+1","floor":43},{"not_picked":["Slimebound:SplitAcid+1","Slimebound:SplitMire+1","Slimebound:SlimeSpikes+1"],"picked":"SKIP","floor":46},{"not_picked":["Slimebound:Schlurp+1","Slimebound:SplitLeeching","Slimebound:GoopSpray"],"picked":"SKIP","floor":47},{"not_picked":["Slimebound:Replication","Slimebound:LeechLife"],"picked":"Slimebound:ComboTackle+1","floor":50},{"not_picked":["Slimebound:SlimeSpikes+1","Slimebound:GoopSpray+1","Slimebound:DouseInSlime"],"picked":"SKIP","floor":51},{"not_picked":["Slimebound:GoopSpray","Slimebound:ComboTackle+1"],"picked":"Slimebound:SamplingLick+1","floor":52}],"player_experience":143346,"relics_obtained":[{"floor":6.0,"key":"Replay:Rubber Ducky"},{"floor":7.0,"key":"Smiling Mask"},{"floor":23.0,"key":"PreservedInsect"},{"floor":27.0,"key":"ReplayTheSpireMod:Shallot"},{"floor":44,"key":"Snack Pack"},{"floor":51,"key":"HollowMod:LifeEnderRelic"}],"event_choices":[],"is_beta":false,"boss_relics":[{"not_picked":["Coffee Dripper","Replay:Bronze Core"],"picked":"SlaversCollar"},{"not_picked":["Runic Pyramid","Cursed Key"],"picked":"Fusion Hammer"}],"items_purged_floors":[14,22,31,43,45,48],"is_endless":false,"potions_floor_spawned":[3,6,10,13,15,16,20,23,26,32,36,37,37,37,42,46],"ascension_level":0}}