{"host":"whloki2o3dp1b07n","time":1609769908,"event":{"mods":["100% Spire Juice","Abigail Mod","Act Like it!","Arknights The Spire","BaseMod","Better Synergies","Block Reminder","CapriCore","Colored Map","Colored Powertips","DNKmod","Evolution","Friendly Minions","GifTheSpireLib","GungeonMod","HexUI Lib","Koishi","Marked Mod","Minty Spire (QoL Compilation)","StSLib","Swap Starting Deck Mod","The Bug Knight","The Marked","Transform Curses"],"gold_per_floor":[115,14,27,27,27,27,41,56,56,56,74,74,74],"floor_reached":12,"playtime":479,"items_purged":[],"score":72,"play_id":"5c636911-387c-49a7-9b75-cef43de5cf8d","local_time":"20210104091828","is_ascension_mode":false,"campfire_choices":[{"floor":6,"key":"REST"},{"floor":10,"key":"REST"}],"circlet_count":0,"master_deck":["Moonworks:CloudOfSeagulls","Moonworks:CloudOfSeagulls","Moonworks:Strike","Moonworks:Strike","Moonworks:Defend","Moonworks:Defend","Moonworks:Defend","Moonworks:Defend","Moonworks:Ambush","Moonworks:LongDistanceShot","Moonworks:RocketCannon","Moonworks:WindyEnchantment","Moonworks:IndiscriminateFireSupport","Moonworks:UnluckyCharm","Injury","Moonworks:JonathanRush","Moonworks:CloudOfSeagulls","Moonworks:RagingMadness"],"relics":["Moonworks:BrokenBomb","Moonworks:Homemark","EVO:Axolotl","Golden Idol","Eternal Feather","Ice Cream"],"acts_visited":["Exordium"],"potions_floor_usage":[],"damage_taken":[{"damage":15,"enemies":"2 Louse","floor":1,"turns":3},{"damage":27,"enemies":"Jaw Worm","floor":2,"turns":5},{"damage":5,"enemies":"Cultist","floor":3,"turns":4},{"damage":10,"enemies":"Looter","floor":7,"turns":4},{"damage":1,"enemies":"Large Slime","floor":8,"turns":5},{"damage":13,"enemies":"Blue Slaver","floor":11,"turns":4},{"damage":36,"enemies":"3 Sentries","floor":12,"turns":4}],"seed_played":"-2799580805747998964","potions_obtained":[{"floor":3,"key":"FearPotion"},{"floor":8,"key":"SteroidPotion"}],"is_trial":false,"path_per_floor":["M","M","M","?","?","R","M","M","T","R","M","E"],"character_chosen":"THE_STARBREAKER","items_purchased":[],"campfire_rested":2,"item_purchase_floors":[],"current_hp_per_floor":[45,18,13,13,6,33,23,22,22,49,36,0,0],"gold":74,"neow_bonus":"ONE_RANDOM_RARE_CARD","is_daily":false,"chose_seed":false,"campfire_upgraded":0,"win_rate":0.0,"timestamp":1609769908,"path_taken":["M","M","M","?","?","R","M","M","T","R","M","E"],"items_purchased_type":[],"build_version":"2020-12-22","purchased_purges":0,"victory":false,"max_hp_per_floor":[60,60,60,60,60,60,60,60,60,60,60,60,60],"card_choices":[{"not_picked":["Moonworks:ImOnFire","Moonworks:BigMagnum"],"picked":"Moonworks:WindyEnchantment","floor":1},{"not_picked":["Moonworks:NicePresent","Moonworks:PlushieMaster"],"picked":"Moonworks:IndiscriminateFireSupport","floor":2},{"not_picked":["Moonworks:Heat300Percent","Moonworks:NicePresent"],"picked":"Moonworks:UnluckyCharm","floor":3},{"not_picked":["Moonworks:WindyEnchantment","Moonworks:SelfDestruct"],"picked":"Moonworks:JonathanRush","floor":7},{"not_picked":["Moonworks:WindyEnchantment","Moonworks:TreasureThief"],"picked":"Moonworks:CloudOfSeagulls","floor":8},{"not_picked":["Moonworks:Assault","Moonworks:NicePresent"],"picked":"Moonworks:RagingMadness","floor":11}],"player_experience":1112860,"relics_obtained":[{"floor":9,"key":"Ice Cream"}],"event_choices":[{"damage_healed":0,"gold_gain":0,"player_choice":"Take Wound","damage_taken":0,"relics_obtained":["Golden Idol"],"max_hp_gain":0,"max_hp_loss":0,"event_name":"Golden Idol","floor":4,"gold_loss":0,"cards_obtained":["Injury"]},{"damage_healed":0,"gold_gain":0,"player_choice":"Success","damage_taken":7,"relics_obtained":["Eternal Feather"],"max_hp_gain":0,"max_hp_loss":0,"event_name":"Scrap Ooze","floor":5,"gold_loss":0}],"is_beta":false,"boss_relics":[],"items_purged_floors":[],"is_endless":false,"potions_floor_spawned":[3,8],"killed_by":"3 Sentries","ascension_level":0}}