{"host":"9d9dhukr2jywmy0f","time":1609768828,"event":{"mods":["2.2 Compatiblity","Alarm Clock","BaseMod","Bestiary","Block Reminder","Colored Map","Colored Powertips","Curses Come First","DeckTracker","Highlight Path","Infinite Spire","Key Reminder","Keyboard Shortcuts","Minty Spire (QoL Compilation)","MonsterHotkey","Quick Restart","Rare Cards Sparkle","Relic Sorter","Relic Stats","Spire Birthday Party","StSLib","SuperFastMode","Synergy Search","Unceasing Turn Reminder","Unknown Chances"],"gold_per_floor":[116,4,21,31,31,64,64,104,152,152,166,166,190,209,209,209,209],"floor_reached":16,"playtime":467,"items_purged":["Strike_R"],"score":224,"play_id":"eaa62eda-4262-4155-80a0-84b176494d46","local_time":"20210104220028","is_ascension_mode":true,"campfire_choices":[{"data":"Rampage","floor":7.0,"key":"SMITH"},{"data":"Body Slam","floor":12.0,"key":"SMITH"},{"data":"Body Slam","floor":15.0,"key":"SMITH"}],"circlet_count":0,"master_deck":["AscendersBane","Strike_R","Strike_R","Strike_R","Strike_R","Defend_R","Defend_R","Defend_R","Defend_R","Bash","Power Through","Rampage+1","Havoc","Reaper","Body Slam+1","Body Slam+1","Burning Pact","Battle Trance"],"relics":["Burning Blood","NeowsBlessing","Golden Idol","Kunai","Bag of Preparation","keyreminder:keyreminder","Bag of Marbles"],"acts_visited":["Exordium"],"potions_floor_usage":[],"damage_taken":[{"damage":0.0,"enemies":"Cultist","floor":1.0,"turns":1.0},{"damage":0.0,"enemies":"Small Slimes","floor":3.0,"turns":1.0},{"damage":0.0,"enemies":"Jaw Worm","floor":4.0,"turns":1.0},{"damage":21.0,"enemies":"Gremlin Nob","floor":6.0,"turns":4.0},{"damage":48.0,"enemies":"Lagavulin","floor":8.0,"turns":10.0},{"damage":8.0,"enemies":"Blue Slaver","floor":11.0,"turns":3.0},{"damage":0.0,"enemies":"Exordium Thugs","floor":13.0,"turns":5.0},{"damage":0.0,"enemies":"3 Louse","floor":14.0,"turns":2.0},{"damage":32,"enemies":"The Guardian","floor":16,"turns":10}],"seed_played":"6731709133843631823","potions_obtained":[{"floor":3.0,"key":"Fire Potion"},{"floor":6.0,"key":"AttackPotion"},{"floor":8.0,"key":"SkillPotion"},{"floor":11.0,"key":"Ancient Potion"}],"is_trial":false,"path_per_floor":["M","$","M","M","?","E","R","E","T","?","M","R","M","M","R","B"],"character_chosen":"IRONCLAD","items_purchased":["Rampage"],"campfire_rested":0,"item_purchase_floors":[2],"current_hp_per_floor":[74,74,75,75,68,53,53,14,14,14,15,15,21,34,34,6,6],"gold":209,"neow_bonus":"THREE_ENEMY_KILL","is_daily":false,"chose_seed":false,"campfire_upgraded":3,"win_rate":0.0,"timestamp":1609768828,"path_taken":["M","$","M","?","?","E","R","E","T","?","M","R","M","M","R","BOSS"],"items_purchased_type":["Card"],"build_version":"2020-11-30","purchased_purges":1,"victory":false,"max_hp_per_floor":[75,75,75,75,68,68,68,68,68,68,68,68,68,68,68,68,68],"relic_stats":{"counters":[9,37],"Golden Idol":27,"Bag of Preparation":[8],"Kunai":[6],"obtain_stats":[{"keyreminder:keyreminder":8,"NeowsBlessing":0,"Golden Idol":5,"Bag of Preparation":8,"Bag of Marbles":9,"Kunai":6,"Burning Blood":0},{"keyreminder:keyreminder":5,"NeowsBlessing":0,"Golden Idol":3,"Bag of Preparation":5,"Bag of Marbles":5,"Kunai":4,"Burning Blood":0},{"keyreminder:keyreminder":17,"NeowsBlessing":0,"Golden Idol":3,"Bag of Preparation":17,"Bag of Marbles":17,"Kunai":7,"Burning Blood":0}],"Burning Blood":37},"card_choices":[{"not_picked":["Twin Strike","Shockwave"],"picked":"Power Through","floor":1.0},{"not_picked":["Headbutt","Wild Strike","Fire Breathing"],"picked":"SKIP","floor":3.0},{"not_picked":["Warcry","Flex"],"picked":"Havoc","floor":4.0},{"not_picked":["Sever Soul","Flex"],"picked":"Reaper","floor":6.0},{"not_picked":["Headbutt","Dropkick"],"picked":"Body Slam","floor":8.0},{"not_picked":["Battle Trance","Evolve"],"picked":"Body Slam","floor":11.0},{"not_picked":["Twin Strike","Iron Wave"],"picked":"Burning Pact","floor":13.0},{"not_picked":["Whirlwind","Clothesline"],"picked":"Battle Trance","floor":14.0}],"player_experience":768222,"relics_obtained":[{"floor":6.0,"key":"Kunai"},{"floor":8.0,"key":"Bag of Preparation"},{"floor":9.0,"key":"Bag of Marbles"}],"event_choices":[{"damage_healed":0.0,"max_hp_gain":0.0,"max_hp_loss":7.0,"gold_gain":0.0,"event_name":"Golden Idol","player_choice":"Lose Max HP","floor":5.0,"gold_loss":0.0,"damage_taken":0.0,"relics_obtained":["Golden Idol"]}],"is_beta":false,"boss_relics":[],"items_purged_floors":[2],"is_endless":false,"potions_floor_spawned":[3,6,8,11],"killed_by":"The Guardian","ascension_level":20}}