{"host":"g5zc4ej6zn2at89o","time":1609775355,"event":{"mods":["2.2 Compatiblity","AchievementEnabler","BaseMod","Colored Map","DeckTracker","Highlight Path","KOR Keyword Fix","Keyboard Shortcuts","Minty Spire (QoL Compilation)","Permanent Neow","Quick Restart","Say the Spire","StSLib","SuperFastMode","everything is the same but u backflip on backflip"],"gold_per_floor":[117,117,117,117,137,137,169,184,184,202,219,219,252,264,264,364,364,383,394,408,408,136,161,161,177,257,275,275,290,290,290,290],"floor_reached":31,"playtime":1784,"items_purged":["Strike_R"],"score":282,"play_id":"04f8488a-c548-478b-b961-6955ceb31466","local_time":"20210105004915","is_ascension_mode":true,"campfire_choices":[{"data":"Sword Boomerang","floor":6,"key":"SMITH"},{"data":"Barricade","floor":12,"key":"SMITH"},{"floor":15,"key":"REST"},{"floor":24,"key":"REST"},{"floor":28,"key":"REST"},{"data":"Demon Form","floor":30,"key":"SMITH"}],"circlet_count":0,"master_deck":["Strike_R","Strike_R","Strike_R","Defend_R","Defend_R","Defend_R","Defend_R","Bash","Corruption+1","Sword Boomerang+1","Sentinel","Armaments","Entrench","Power Through","Barricade+1","Evolve","Spot Weakness","Demon Form+1","Body Slam+1","Battle Trance","Sentinel","Heavy Blade","Sentinel","Doubt"],"relics":["Burning Blood","Gremlin Horn","PreservedInsect","Bottled Lightning","Pantograph","Cursed Key","Oddly Smooth Stone","Paper Frog","HornCleat"],"acts_visited":["Exordium","TheCity"],"potions_floor_usage":[7,7,23,23,25,31],"damage_taken":[{"damage":5,"enemies":"Jaw Worm","floor":1,"turns":4},{"damage":0,"enemies":"Small Slimes","floor":5,"turns":3},{"damage":3,"enemies":"Gremlin Nob","floor":7,"turns":3},{"damage":1,"enemies":"Cultist","floor":8,"turns":4},{"damage":20,"enemies":"Exordium Thugs","floor":10,"turns":5},{"damage":1,"enemies":"2 Fungi Beasts","floor":11,"turns":4},{"damage":30,"enemies":"Lagavulin","floor":13,"turns":8},{"damage":11,"enemies":"Large Slime","floor":14,"turns":7},{"damage":60,"enemies":"The Guardian","floor":16,"turns":11},{"damage":25,"enemies":"3 Byrds","floor":18,"turns":5},{"damage":18,"enemies":"Shell Parasite","floor":19,"turns":5},{"damage":4,"enemies":"3 Cultists","floor":20,"turns":6},{"damage":40,"enemies":"Slavers","floor":23,"turns":6},{"damage":12,"enemies":"Snake Plant","floor":25,"turns":4},{"damage":24,"enemies":"Snecko","floor":27,"turns":7},{"damage":0,"enemies":"3 Cultists","floor":29,"turns":8},{"damage":48,"enemies":"Masked Bandits","floor":31,"turns":5}],"seed_played":"8602911848601378460","potions_obtained":[{"floor":1,"key":"LiquidBronze"},{"floor":5,"key":"PowerPotion"},{"floor":10,"key":"ElixirPotion"},{"floor":18,"key":"CultistPotion"},{"floor":20,"key":"SkillPotion"},{"floor":23,"key":"Weak Potion"},{"floor":29,"key":"Ancient Potion"}],"is_trial":false,"path_per_floor":["M","?","?","T","M","R","E","M","T","M","M","R","E","M","R","B",null,"M","M","M","?","$","E","R","M","T","M","R","M","R","?"],"character_chosen":"IRONCLAD","items_purchased":["Heavy Blade","Oddly Smooth Stone"],"campfire_rested":3,"item_purchase_floors":[22,22],"current_hp_per_floor":[57,57,50,50,56,56,59,64,64,50,55,55,31,26,50,21,80,61,49,51,51,51,17,41,35,35,17,41,47,47,0,0],"gold":290,"neow_bonus":"THREE_RARE_CARDS","is_daily":false,"chose_seed":false,"campfire_upgraded":3,"win_rate":0.0,"timestamp":1609775355,"path_taken":["M","?","?","?","M","R","E","M","T","?","M","R","E","M","R","BOSS","M","M","M","?","$","E","R","M","T","M","R","M","R","?"],"items_purchased_type":["Card","Relic"],"build_version":"2020-12-22","purchased_purges":1,"victory":false,"max_hp_per_floor":[80,80,80,80,80,80,80,80,80,80,80,80,80,80,80,80,80,80,80,80,80,80,80,80,80,80,80,80,80,80,80,80],"card_choices":[{"not_picked":["Reaper","Berserk"],"picked":"Corruption","floor":0},{"not_picked":["Thunderclap","Entrench"],"picked":"Sword Boomerang","floor":1},{"not_picked":["Body Slam","Thunderclap"],"picked":"Sentinel","floor":5},{"not_picked":["Headbutt","Rampage"],"picked":"Armaments","floor":7},{"not_picked":["Seeing Red","Shrug It Off"],"picked":"Entrench","floor":8},{"not_picked":["Second Wind","Warcry"],"picked":"Power Through","floor":10},{"not_picked":["Disarm","Anger"],"picked":"Barricade","floor":11},{"not_picked":["Iron Wave","Warcry"],"picked":"Evolve","floor":13},{"not_picked":["Wild Strike","Iron Wave"],"picked":"Spot Weakness","floor":14},{"not_picked":["Impervious","Exhume"],"picked":"Demon Form","floor":16},{"not_picked":["Dropkick","Flex"],"picked":"Body Slam+1","floor":18},{"not_picked":["Wild Strike","Burning Pact"],"picked":"Battle Trance","floor":19},{"not_picked":["Blood for Blood","Cleave"],"picked":"Sentinel","floor":20},{"not_picked":["Pummel","Cleave+1","Rupture+1"],"picked":"SKIP","floor":23},{"not_picked":["Thunderclap","Clothesline+1"],"picked":"Sentinel","floor":25},{"not_picked":["Clothesline","Sword Boomerang+1","Flex"],"picked":"SKIP","floor":27},{"not_picked":["Clothesline","Twin Strike","True Grit"],"picked":"SKIP","floor":29}],"player_experience":100467,"relics_obtained":[{"floor":4,"key":"Gremlin Horn"},{"floor":7,"key":"PreservedInsect"},{"floor":9,"key":"Bottled Lightning"},{"floor":13,"key":"Pantograph"},{"floor":23,"key":"Paper Frog"},{"floor":26,"key":"HornCleat"}],"event_choices":[{"damage_healed":0,"gold_gain":0,"player_choice":"Grow","damage_taken":0,"max_hp_gain":0,"max_hp_loss":0,"event_name":"Living Wall","floor":2,"gold_loss":0,"cards_upgraded":["Corruption"]},{"cards_removed":["Strike_R"],"damage_healed":0,"gold_gain":0,"player_choice":"Card Removal","damage_taken":7,"max_hp_gain":0,"max_hp_loss":0,"event_name":"Golden Wing","floor":3,"gold_loss":0},{"damage_healed":0,"gold_gain":0,"player_choice":"Ignored","damage_taken":0,"max_hp_gain":0,"max_hp_loss":0,"event_name":"Vampires","floor":21,"gold_loss":0},{"damage_healed":0,"gold_gain":0,"player_choice":"Fought Bandits","damage_taken":0,"max_hp_gain":0,"max_hp_loss":0,"event_name":"Masked Bandits","floor":31,"gold_loss":0}],"is_beta":false,"boss_relics":[{"not_picked":["SacredBark","Fusion Hammer"],"picked":"Cursed Key"}],"items_purged_floors":[22],"is_endless":false,"potions_floor_spawned":[1,5,10,18,20,23,29],"killed_by":"Masked Bandits","ascension_level":1}}