{"host":"dntw6kil9p09eemm","time":1609792893,"event":{"mods":["Alarm Clock","Aspiration","BaseMod","Colored Powertips","Downfall","Hermit","Hubris","Keyboard Shortcuts","Minty Spire (QoL Compilation)","Permanent Neow","Replay The Spire","Shop Mod","StSLib","The Runesmith"],"gold_per_floor":[111,111,122,138,165,165,165,165,219,130,151,162,205,226,226,330,330,349,360,150,150,199,199,227,227,251,251,251,251],"floor_reached":27,"playtime":1631,"items_purged":["ReplayTheSpireMod:Doomed"],"score":215,"play_id":"1549f2e7-d0a5-453b-8b01-8e73de0ca29b","local_time":"20210105054133","is_ascension_mode":false,"campfire_choices":[{"data":"hexamod:Float","floor":6,"key":"SMITH"},{"floor":15,"key":"RECALL"},{"data":"hexamod:FastForward","floor":23,"key":"SMITH"}],"circlet_count":0,"master_deck":["hexamod:Strike","hexamod:Strike","hexamod:Defend","hexamod:Defend","hexamod:Sear","hexamod:Float+1","hexamod:VolcanoVisage","hexamod:ThermalTransfer","hexamod:BurningTouch","hexamod:SecondSeal","hexamod:SwordOfDarkness","Sucker Punch","ReplayTheSpireMod:Exploit Weakness","Neutralize","hexamod:TimeWarp","hexamod:StepThrough","hexamod:FastForward+1","hexamod:WildfireWeapon","hexamod:GhostflameBarrier"],"relics":["hexamod:SpiritBrand","Eternal Feather","ReplayFunnel","ReplayTheSpireMod:CursedCoin","Blood Vial","Replay:Bronze Core","MerchantsRug"],"acts_visited":["Exordium","TheCity"],"potions_floor_usage":[13,27],"damage_taken":[{"damage":0,"enemies":"Small Slimes","floor":1,"turns":3},{"damage":0,"enemies":"Cultist","floor":3,"turns":4},{"damage":0,"enemies":"Jaw Worm","floor":4,"turns":3},{"damage":1,"enemies":"Blue Slaver","floor":5,"turns":3},{"damage":11,"enemies":"Gremlin Gang","floor":11,"turns":5},{"damage":1,"enemies":"Looter","floor":12,"turns":2},{"damage":10,"enemies":"3 Sentries","floor":13,"turns":6},{"damage":0,"enemies":"2 Fungi Beasts","floor":14,"turns":3},{"damage":25,"enemies":"Hexaghost","floor":16,"turns":8},{"damage":1,"enemies":"Spheric Guardian","floor":18,"turns":4},{"damage":19,"enemies":"2 Thieves","floor":19,"turns":3},{"damage":16,"enemies":"Snake Plant","floor":24,"turns":4},{"damage":37,"enemies":"Gremlin Leader","floor":27,"turns":4}],"seed_played":"3636729299858183149","potions_obtained":[{"floor":5,"key":"Languid Potion"},{"floor":12,"key":"Explosive Potion"},{"floor":14,"key":"Dexterity Potion"},{"floor":24,"key":"AttackPotion"}],"is_trial":false,"path_per_floor":["M","?","M","M","M","R","?","?","T","$","M","M","E","M","R","B",null,"M","M","$","?","$","R","M","?","T","E"],"character_chosen":"THE_SPIRIT","items_purchased":["ReplayTheSpireMod:CursedCoin","hexamod:TimeWarp","hexamod:GhostflameBarrier","MerchantsRug"],"campfire_rested":0,"item_purchase_floors":[10,10,20,20],"current_hp_per_floor":[70,70,70,70,69,69,69,69,69,69,58,57,47,49,58,35,70,69,51,51,35,35,44,30,30,30,0,0,0],"gold":251,"neow_bonus":"ONE_RANDOM_RARE_CARD","is_daily":false,"chose_seed":false,"campfire_upgraded":2,"win_rate":0.0,"timestamp":1609792893,"path_taken":["M","?","M","?","M","R","?","?","T","$","M","M","E","?","R","BOSS","M","M","$","?","$","R","M","?","T","E"],"items_purchased_type":["Relic","Card","Card","Relic"],"build_version":"2020-12-22","purchased_purges":1,"victory":false,"max_hp_per_floor":[70,70,70,70,70,70,70,70,70,70,70,70,70,70,70,70,70,70,70,70,70,70,70,70,70,70,70,70,70],"card_choices":[{"not_picked":["hexamod:AdvancingGuard","hexamod:FastForward"],"picked":"hexamod:ThermalTransfer","floor":1},{"not_picked":["hexamod:EtherealExpedition","hexamod:ExtraCrispy"],"picked":"hexamod:BurningTouch","floor":3},{"not_picked":["hexamod:GhostShield","hexamod:Firestarter"],"picked":"hexamod:SecondSeal","floor":4},{"not_picked":["hexamod:InspiringFlames","hexamod:BacktrackSmack"],"picked":"hexamod:SwordOfDarkness","floor":5},{"not_picked":["hexamod:Again","hexamod:FlamesFromBeyond"],"picked":"hexamod:StepThrough","floor":11},{"not_picked":["hexamod:SkipABeat","hexamod:StepThrough"],"picked":"hexamod:FastForward","floor":12},{"not_picked":["hexamod:ShieldOfDarkness","hexamod:GhostLash","hexamod:RecurringNightmare"],"picked":"SKIP","floor":13},{"not_picked":["hexamod:GhostShield","hexamod:NightmareGuise","hexamod:ShieldOfDarkness"],"picked":"SKIP","floor":14},{"not_picked":["hexamod:GhostflameInferno","hexamod:GiftsFromTheDead"],"picked":"hexamod:WildfireWeapon","floor":16},{"not_picked":["hexamod:RainOfEmbers","hexamod:BurningTouch","hexamod:SkipABeat"],"picked":"SKIP","floor":18},{"not_picked":["hexamod:GhostLash+1","hexamod:SwordOfDarkness+1","hexamod:HeatMetal"],"picked":"SKIP","floor":19},{"not_picked":["hexamod:BurningTouch","hexamod:InspiringFlames","hexamod:AdvancingGuard"],"picked":"SKIP","floor":24}],"player_experience":556296,"relics_obtained":[{"floor":9,"key":"ReplayFunnel"},{"floor":13,"key":"Blood Vial"},{"floor":21,"key":"Enchiridion"}],"event_choices":[{"cards_removed":["hexamod:Defend"],"damage_healed":0,"gold_gain":0,"player_choice":"Purged","damage_taken":0,"max_hp_gain":0,"max_hp_loss":0,"event_name":"Purifier","floor":2,"gold_loss":0},{"damage_healed":0,"gold_gain":0,"player_choice":"Gave Potion","damage_taken":0,"relics_obtained":["Eternal Feather"],"max_hp_gain":0,"max_hp_loss":0,"event_name":"WeMeetAgain","floor":8,"gold_loss":0},{"damage_healed":0,"gold_gain":0,"player_choice":"Obtained Book","damage_taken":16,"max_hp_gain":0,"max_hp_loss":0,"event_name":"Cursed Tome","floor":21,"gold_loss":0},{"damage_healed":0,"gold_gain":0,"player_choice":"Bought 0 Potions","damage_taken":0,"max_hp_gain":0,"max_hp_loss":0,"event_name":"The Woman in Blue","floor":25,"gold_loss":0}],"is_beta":false,"boss_relics":[{"not_picked":["Runic Pyramid","hubris:BlackHole"],"picked":"Replay:Bronze Core"}],"items_purged_floors":[10],"is_endless":false,"potions_floor_spawned":[5,12,14,24],"killed_by":"Gremlin Leader","ascension_level":0}}