{"host":"00yob6u0fiu7ehgs","time":1609788157,"event":{"mods":["Act Like it!","Arknights The Spire","Art Attack!","BaseMod","Chen","Colored Powertips","Elementarium","Gensokyo","GifTheSpireLib","Infinite Spire","Jorbs\u0027s Wanderer Trilogy","Koishi","Marisa????????","Minty Spire (QoL Compilation)","Rare Cards Sparkle","Reimu??????","Remilia??????","Replay The Spire","StSLib","The Alterego","The Animator","The Cursed","The Forsaken","The Servant 0.9.4","Wandering Minibosses","Yakumo Yukari mod"],"gold_per_floor":[118,135,148,159,152,152,167,180,180,180,188,24,13,20,20,5,5],"floor_reached":16,"playtime":643,"items_purged":[],"score":100,"play_id":"2d73794a-76f4-4808-83d7-43d9be3be39e","local_time":"20210104122237","is_ascension_mode":false,"campfire_choices":[{"data":"ats:Flexible Camouflage","floor":6,"key":"SMITH"},{"floor":10,"key":"REST"},{"floor":15,"key":"REST"}],"circlet_count":0,"master_deck":["ats:Strike C","ats:Strike G","ats:Strike S","ats:Strike V","ats:Armor Crushing Shot","ats:Defend","ats:Defend","ats:Defend","ats:Defend","ats:Emotion Absorption","ats:Flexible Camouflage+1","ats:Overload","ats:Neurotoxin","ats:Assault Order","ats:Consecutive Shot Auto","ats:Automatic Cover","ats:Overload","ats:Neurotoxin","ats:Poison Spread","ats:Support Order","ats:Curse Doll"],"relics":["ats:Sanity","NeowsBlessing","Sundial"],"acts_visited":["Exordium"],"potions_floor_usage":[13,16,16],"damage_taken":[{"damage":0,"enemies":"2 Louse","floor":1,"turns":1},{"damage":0,"enemies":"Small Slimes","floor":2,"turns":1},{"damage":0,"enemies":"Jaw Worm","floor":3,"turns":1},{"damage":12,"enemies":"Looter","floor":4,"turns":4},{"damage":22,"enemies":"Exordium Thugs","floor":5,"turns":6},{"damage":3,"enemies":"2 Fungi Beasts","floor":7,"turns":3},{"damage":16,"enemies":"Exordium Wildlife","floor":8,"turns":4},{"damage":4,"enemies":"Large Slime","floor":11,"turns":5},{"damage":10,"enemies":"2 Fungi Beasts","floor":13,"turns":6},{"damage":11,"enemies":"Red Slaver","floor":14,"turns":5},{"damage":38,"enemies":"The Guardian","floor":16,"turns":9}],"seed_played":"-2359421118333909079","potions_obtained":[{"floor":1,"key":"PowerPotion"},{"floor":3,"key":"Block Potion"},{"floor":8,"key":"SpeedPotion"},{"floor":13,"key":"Languid Potion"}],"is_trial":false,"path_per_floor":["M","M","M","M","M","R","M","M","T","R","M","$","M","M","R","B"],"character_chosen":"DOCTOR_CLASS","items_purchased":["ats:Neurotoxin","ats:Poison Spread","ats:Support Order"],"campfire_rested":2,"item_purchase_floors":[12,12,12],"current_hp_per_floor":[72,72,72,60,38,38,35,19,19,40,36,36,26,15,36,0,0],"gold":5,"neow_bonus":"THREE_ENEMY_KILL","is_daily":false,"chose_seed":false,"campfire_upgraded":1,"win_rate":0.0,"timestamp":1609788157,"path_taken":["M","M","M","M","M","R","M","M","T","R","M","$","M","M","R","BOSS"],"items_purchased_type":["Card","Card","Card"],"build_version":"2020-12-22","purchased_purges":0,"victory":false,"max_hp_per_floor":[72,72,72,72,72,72,72,72,72,72,72,72,72,72,72,72,72],"card_choices":[{"not_picked":["ats:Cat Scratch","ats:Childhood Dance"],"picked":"ats:Flexible Camouflage","floor":1},{"not_picked":["ats:Burning Ground","ats:Spore Proliferation"],"picked":"ats:Overload","floor":2},{"not_picked":["ats:Curse Doll","ats:Spore Proliferation"],"picked":"ats:Neurotoxin","floor":3},{"not_picked":["ats:Magnetic Hammer","ats:Curse Doll"],"picked":"ats:Assault Order","floor":4},{"not_picked":["ats:Mental Burst","ats:Flame Of Heaven"],"picked":"ats:Consecutive Shot Auto","floor":5},{"not_picked":["ats:Defend Order","ats:Leaping Hammer"],"picked":"ats:Automatic Cover","floor":7},{"not_picked":["ats:Burning Ground","ats:Shadow Assault","ats:Ignite"],"picked":"SKIP","floor":8},{"not_picked":["ats:Shell Defense","ats:Guardian Obelisk"],"picked":"ats:Overload","floor":11},{"not_picked":["ats:Ignite","ats:Leaping Hammer"],"picked":"ats:Curse Doll","floor":13},{"not_picked":["ats:Ignite","ats:Closed Bolt Burst Fire","ats:Demon Strength"],"picked":"SKIP","floor":14}],"player_experience":344846,"relics_obtained":[{"floor":9,"key":"Sundial"}],"event_choices":[],"is_beta":false,"boss_relics":[],"items_purged_floors":[],"is_endless":false,"potions_floor_spawned":[1,3,8,13,14],"killed_by":"The Guardian","ascension_level":0}}