{"host":"kabf61oc9jgfwufg","time":1609776697,"event":{"mods":["AchievementEnabler","Act Like it!","Aspiration","BaseMod","Conspire","GifTheSpireLib","Halation","HexUI Lib","Hubris","Infinite Spire","Minty Spire (QoL Compilation)","Pale of the Ancients","Rare Cards Sparkle","Replay The Spire","StSLib","The Jungle"],"gold_per_floor":[111,111,36,50,50,50,78,0,27,45,45,45,59,59,59,155,155,166,179,199,199,213,213,230,246,319,319,319],"floor_reached":27,"playtime":815,"items_purged":["Strike_P"],"score":240,"play_id":"2e49cf5b-70ac-44b1-b9af-2d3557e249a6","local_time":"20210104161137","is_ascension_mode":false,"campfire_choices":[{"data":"Eruption","floor":6,"key":"SMITH"},{"floor":12,"key":"RECALL"},{"data":"Meditate","floor":15,"key":"SMITH"},{"data":"DevaForm","floor":23,"key":"SMITH"}],"circlet_count":0,"master_deck":["Strike_P","Strike_P","Strike_P","Defend_P","Defend_P","Defend_P","Eruption+1","Vigilance","FollowUp+1","Judgement","FollowUp","Meditate+1","DevaForm+1","Consecrate","WreathOfFlame+1","DeceiveReality","FollowUp"],"relics":["PureWater","NeowsBlessing","halation:EternalFortune","aspiration:Lifesprig","halation:LostSnail","Bag of Preparation","hubris:VirtuousBlindfold","hubris:MobiusCoin"],"acts_visited":["Exordium","TheCity"],"potions_floor_usage":[16,27,27],"damage_taken":[{"damage":0,"enemies":"Cultist","floor":1,"turns":1},{"damage":0,"enemies":"Jaw Worm","floor":4,"turns":1},{"damage":0,"enemies":"Lagavulin","floor":7,"turns":1},{"damage":6,"enemies":"2 Louse","floor":10,"turns":2},{"damage":0,"enemies":"2 Fungi Beasts","floor":13,"turns":1},{"damage":63,"enemies":"The Guardian","floor":16,"turns":6},{"damage":0,"enemies":"Spheric Guardian","floor":18,"turns":2},{"damage":10,"enemies":"2 Thieves","floor":19,"turns":2},{"damage":7,"enemies":"Chosen and Byrds","floor":20,"turns":4},{"damage":26,"enemies":"3 Cultists","floor":22,"turns":5},{"damage":18,"enemies":"Snake Plant","floor":24,"turns":4},{"damage":8,"enemies":"Centurion and Healer","floor":25,"turns":4},{"damage":13,"enemies":"conspire:Head Lice","floor":27,"turns":4}],"seed_played":"-6204728999618506111","potions_obtained":[{"floor":4,"key":"Adrenaline Potion"},{"floor":7,"key":"Flashbang"},{"floor":16,"key":"Dexterity Potion"},{"floor":18,"key":"SpeedPotion"},{"floor":24,"key":"ColorlessPotion"}],"is_trial":false,"path_per_floor":["M","?","$","M","?","R","E","$","T","M","$","R","M","?","R","B",null,"M","M","M","?","M","R","M","M","T","E"],"character_chosen":"WATCHER","items_purchased":["halation:LostSnail"],"campfire_rested":0,"item_purchase_floors":[8],"current_hp_per_floor":[72,75,75,75,75,75,75,75,75,69,69,69,69,69,69,6,75,75,65,58,58,32,32,14,6,6,0,0],"gold":319,"neow_bonus":"THREE_ENEMY_KILL","is_daily":false,"chose_seed":false,"campfire_upgraded":3,"win_rate":0.0,"timestamp":1609776697,"path_taken":["M","?","$","M","?","R","E","$","T","?","?","R","M","?","R","BOSS","M","M","?","?","M","R","M","?","T","E"],"items_purchased_type":["Relic"],"build_version":"2020-12-22","purchased_purges":1,"victory":false,"max_hp_per_floor":[72,75,75,75,75,75,75,75,75,75,75,75,75,75,75,75,75,75,75,75,75,75,75,75,75,75,75,75],"card_choices":[{"not_picked":["TalkToTheHand","Pray"],"picked":"FollowUp","floor":1},{"not_picked":["Sanctity","Evaluate","ThirdEye"],"picked":"SKIP","floor":4},{"not_picked":["JustLucky","FlurryOfBlows"],"picked":"Judgement","floor":7},{"not_picked":["JustLucky","CrushJoints","CutThroughFate"],"picked":"SKIP","floor":10},{"not_picked":["EmptyFist","Replay:BluntJabs"],"picked":"FollowUp","floor":13},{"not_picked":["Vault","LessonLearned"],"picked":"DevaForm","floor":16},{"not_picked":["Wallop","Nirvana+1","Worship+1"],"picked":"SKIP","floor":18},{"not_picked":["CutThroughFate","Crescendo+1"],"picked":"Consecrate","floor":19},{"not_picked":["Sanctity","CrushJoints"],"picked":"WreathOfFlame+1","floor":20},{"not_picked":["Nirvana","Worship+1"],"picked":"DeceiveReality","floor":22},{"not_picked":["CutThroughFate","ThirdEye"],"picked":"FollowUp","floor":24},{"not_picked":["WindmillStrike","EmptyFist+1","Evaluate"],"picked":"SKIP","floor":25}],"player_experience":31579,"relics_obtained":[{"floor":7,"key":"aspiration:Lifesprig"},{"floor":9,"key":"Bag of Preparation"},{"floor":26,"key":"hubris:MobiusCoin"}],"event_choices":[{"damage_healed":0,"gold_gain":0,"player_choice":"Forge","damage_taken":0,"max_hp_gain":0,"max_hp_loss":0,"event_name":"Accursed Blacksmith","floor":5,"gold_loss":0,"cards_upgraded":["FollowUp"]},{"damage_healed":0,"gold_gain":0,"cards_transformed":["Defend_P"],"player_choice":"Transformed","damage_taken":0,"max_hp_gain":0,"max_hp_loss":0,"event_name":"Transmorgrifier","floor":14,"gold_loss":0,"cards_obtained":["Meditate"]},{"damage_healed":0,"gold_gain":0,"player_choice":"Bought 0 Potions","damage_taken":0,"max_hp_gain":0,"max_hp_loss":0,"event_name":"The Woman in Blue","floor":21,"gold_loss":0}],"is_beta":false,"boss_relics":[{"not_picked":["Velvet Choker","conspire:RunicOctahedron"],"picked":"hubris:VirtuousBlindfold"}],"items_purged_floors":[3],"is_endless":false,"potions_floor_spawned":[4,7,16,18,22,24],"killed_by":"conspire:Head Lice","ascension_level":0}}