{"host":"a5lz0e76zb3fcwkm","time":1609773113,"event":{"mods":["AchievementEnabler","BaseMod","Colored Map","Colored Powertips","Minty Spire (QoL Compilation)","StSLib","SuperFastMode"],"gold_per_floor":[14,14,14,24,24,24,57,71,153,153,188,188,207,218,218,295,295,313,313,328,174,193,193,222,222,222,238,253,5,22,32,32,32,32],"floor_reached":33,"playtime":745,"items_purged":["Strike_R"],"score":558,"play_id":"7364dfa0-8c3b-4721-a3e5-fe488b7cc433","local_time":"20210105001153","is_ascension_mode":true,"campfire_choices":[{"data":"Carnage","floor":6.0,"key":"SMITH"},{"data":"Fire Breathing","floor":10.0,"key":"SMITH"},{"floor":12.0,"key":"RECALL"},{"floor":15.0,"key":"REST"},{"data":"Seeing Red","floor":23.0,"key":"SMITH"},{"data":"Shockwave","floor":32,"key":"SMITH"}],"circlet_count":0,"master_deck":["AscendersBane","Defend_R","Defend_R","Defend_R","Defend_R","Bash","Reckless Charge","Carnage+1","Fire Breathing+1","Impervious","Metallicize+1","Spot Weakness+1","Power Through+1","Seeing Red+1","Feel No Pain","Shockwave+1","Shrug It Off"],"relics":["Burning Blood","StoneCalendar","Centennial Puzzle","Happy Flower","Astrolabe","Gremlin Horn","Dream Catcher","MealTicket","Bottled Tornado","Membership Card"],"acts_visited":["Exordium","TheCity"],"potions_floor_usage":[24,30,33,33],"damage_taken":[{"damage":4.0,"enemies":"Small Slimes","floor":1.0,"turns":4.0},{"damage":7.0,"enemies":"Jaw Worm","floor":4.0,"turns":2.0},{"damage":30.0,"enemies":"3 Sentries","floor":7.0,"turns":7.0},{"damage":1.0,"enemies":"Cultist","floor":8.0,"turns":2.0},{"damage":30.0,"enemies":"Lagavulin","floor":11.0,"turns":5.0},{"damage":6.0,"enemies":"Blue Slaver","floor":13.0,"turns":3.0},{"damage":6.0,"enemies":"Lots of Slimes","floor":14.0,"turns":2.0},{"damage":41.0,"enemies":"The Guardian","floor":16.0,"turns":9.0},{"damage":11.0,"enemies":"Shell Parasite","floor":18.0,"turns":4.0},{"damage":9.0,"enemies":"3 Byrds","floor":20.0,"turns":6.0},{"damage":0.0,"enemies":"Centurion and Healer","floor":22.0,"turns":7.0},{"damage":28,"enemies":"Book of Stabbing","floor":24,"turns":6},{"damage":9,"enemies":"Shelled Parasite and Fungi","floor":27,"turns":5},{"damage":6,"enemies":"Snecko","floor":28,"turns":6},{"damage":0,"enemies":"Chosen and Byrds","floor":30,"turns":6},{"damage":4,"enemies":"Cultist and Chosen","floor":31,"turns":4},{"damage":99,"enemies":"Champ","floor":33,"turns":16}],"seed_played":"2618372841317205048","potions_obtained":[{"floor":1.0,"key":"Strength Potion"},{"floor":4.0,"key":"CultistPotion"},{"floor":14.0,"key":"Weak Potion"},{"floor":16.0,"key":"Dexterity Potion"},{"floor":18.0,"key":"DistilledChaos"},{"floor":20.0,"key":"FearPotion"},{"floor":28,"key":"Block Potion"},{"floor":30,"key":"SpeedPotion"}],"is_trial":false,"path_per_floor":["M","?","?","M","$","R","E","M","T","R","E","R","M","M","R","B",null,"M","?","M","$","M","R","E","?","T","M","M","$","M","M","R","B"],"character_chosen":"IRONCLAD","items_purchased":["Seeing Red","Membership Card","Shockwave","Regen Potion"],"campfire_rested":1,"item_purchase_floors":[21,29,29,29],"current_hp_per_floor":[70,70,75,74,74,74,50,55,55,55,31,31,31,31,55,20,65,60,60,57,57,63,63,41,41,41,38,38,53,59,61,61,0,0],"gold":32,"neow_bonus":"ONE_RARE_RELIC","is_daily":false,"chose_seed":false,"campfire_upgraded":4,"win_rate":0.0,"timestamp":1609773113,"path_taken":["M","?","?","M","?","R","E","M","T","R","E","R","M","?","R","BOSS","M","?","?","$","M","R","E","?","T","?","M","$","?","M","R","BOSS"],"items_purchased_type":["Card","Relic","Card","Potion"],"build_version":"2020-12-22","purchased_purges":1,"victory":false,"max_hp_per_floor":[75,75,80,80,80,80,80,80,80,80,80,80,80,80,80,80,80,80,80,80,80,80,80,80,80,80,80,80,80,80,80,80,80,80],"card_choices":[{"not_picked":["Rage","Clothesline","Havoc"],"picked":"SKIP","floor":1.0},{"not_picked":["Thunderclap","Pommel Strike"],"picked":"Carnage","floor":4.0},{"not_picked":["Intimidate","Whirlwind"],"picked":"Fire Breathing","floor":7.0},{"not_picked":["True Grit","Blood for Blood","Perfected Strike"],"picked":"SKIP","floor":8.0},{"not_picked":["Clothesline","Combust","Sever Soul"],"picked":"SKIP","floor":11.0},{"not_picked":["Havoc","Cleave","Clothesline"],"picked":"SKIP","floor":13.0},{"not_picked":["Dual Wield","Intimidate","Hemokinesis"],"picked":"SKIP","floor":14.0},{"not_picked":["Reaper","Demon Form"],"picked":"Impervious","floor":16.0},{"not_picked":["Headbutt","Flame Barrier","Spot Weakness"],"picked":"SKIP","floor":18.0},{"not_picked":["Havoc","Iron Wave"],"picked":"Power Through+1","floor":20.0},{"not_picked":["Clash+1","Clothesline","Twin Strike"],"picked":"SKIP","floor":22.0},{"not_picked":["Body Slam","Flame Barrier","Inflame"],"picked":"SKIP","floor":24},{"not_picked":["Feed","Shrug It Off"],"picked":"Feel No Pain","floor":27},{"not_picked":["Havoc","Rage","Cleave"],"picked":"SKIP","floor":28},{"not_picked":["Clothesline","Bloodletting"],"picked":"Shrug It Off","floor":30},{"not_picked":["Shrug It Off","Warcry","Spot Weakness"],"picked":"SKIP","floor":31}],"player_experience":1666309,"relics_obtained":[{"floor":7.0,"key":"Centennial Puzzle"},{"floor":11.0,"key":"Happy Flower"},{"floor":19.0,"key":"Gremlin Horn"},{"floor":24,"key":"Dream Catcher"},{"floor":26,"key":"Bottled Tornado"}],"event_choices":[{"damage_healed":0.0,"max_hp_gain":0.0,"max_hp_loss":0.0,"gold_gain":0.0,"cards_transformed":["Strike_R"],"event_name":"Living Wall","player_choice":"Change","floor":2.0,"gold_loss":0.0,"damage_taken":0.0,"cards_obtained":["Reckless Charge"]},{"damage_healed":0.0,"max_hp_gain":5.0,"max_hp_loss":0.0,"gold_gain":0.0,"event_name":"Big Fish","player_choice":"Donut","floor":3.0,"gold_loss":0.0,"damage_taken":0.0},{"damage_healed":0.0,"max_hp_gain":0.0,"max_hp_loss":0.0,"gold_gain":0.0,"event_name":"Wheel of Change","player_choice":"Relic","floor":19.0,"gold_loss":0.0,"damage_taken":0.0},{"cards_removed":["Intimidate"],"damage_healed":0,"gold_gain":0,"player_choice":"Gave Card","damage_taken":0,"relics_obtained":["MealTicket"],"max_hp_gain":0,"max_hp_loss":0,"event_name":"WeMeetAgain","floor":25,"gold_loss":0}],"is_beta":false,"boss_relics":[{"not_picked":["Calling Bell","Runic Dome"],"picked":"Astrolabe"}],"items_purged_floors":[21],"is_endless":false,"potions_floor_spawned":[1,4,14,16,18,20,28,30],"killed_by":"Champ","ascension_level":20}}