{"host":"6febr6iklru1ag3j","time":1609720731,"event":{"mods":["BaseMod","DeckTracker","Hermit","Hubris","Minty Spire (QoL Compilation)","Replay The Spire","Shop Mod","StSLib","The Cursed","The Jungle"],"gold_per_floor":[116,131,9,23,37,67,79,49,49,49,123,123,151,76,76,116,116,212,212,222,222,300,313,5,5,5,5,5,22,22,22,36,370,44,55,55,154,154,168,75,75,0,0,0,27,27,27,63,69,69,133,177,177,263,263,263,112,152,194],"floor_reached":60,"playtime":3956,"items_purged":["Strike_P","Strike_P"],"score":2018,"play_id":"6af3cff5-0b04-4a0f-a1ab-a698a50abc1e","local_time":"20210103193851","is_ascension_mode":true,"campfire_choices":[{"floor":12.0,"key":"REST"},{"floor":17.0,"key":"REST"},{"data":"Eruption","floor":25.0,"key":"SMITH"},{"data":"TalkToTheHand","floor":28.0,"key":"SMITH"},{"data":"Crescendo","floor":31.0,"key":"SMITH"},{"data":"Apotheosis","floor":36,"key":"SMITH"},{"floor":44,"key":"RECALL"},{"data":"Crescendo","floor":46,"key":"SMITH"},{"data":"MentalFortress","floor":50,"key":"SMITH"},{"data":"ClearTheMind","floor":53,"key":"SMITH"},{"floor":56,"key":"REST"}],"circlet_count":0,"master_deck":["Strike_P","Strike_P","Defend_P","Defend_P","Defend_P","Defend_P","Eruption+1","Vigilance","CarveReality","EmptyFist","MentalFortress+1","EmptyBody","TalkToTheHand+1","EmptyFist","Crescendo+1","EmptyBody","Crescendo+1","ClearTheMind+1","FlurryOfBlows","Replay:Battleflow","ClearTheMind","FlurryOfBlows","Apotheosis+1","Blasphemy","FlurryOfBlows+1"],"relics":["PureWater","NeowsBlessing","Bottled Tornado","hubris:MysteriousPyramids","Yang","hubris:TerracottaHorce","hubris:Icosahedron","Gremlin Horn","ReplayTheSpireMod:Ninjato","Replay:Accelerometer","Old Coin","Ring of Chaos","Red Mask","Replay:Bandana","hubris:SphereOfDissonance","Medical Kit"],"acts_visited":["Exordium","TheCity","TheBeyond","TheEnding"],"potions_floor_usage":[49,58,58,58],"damage_taken":[{"damage":0.0,"enemies":"Cultist","floor":1.0,"turns":1.0},{"damage":0.0,"enemies":"2 Louse","floor":2.0,"turns":1.0},{"damage":0.0,"enemies":"Jaw Worm","floor":4.0,"turns":1.0},{"damage":19.0,"enemies":"Exordium Thugs","floor":5.0,"turns":4.0},{"damage":24.0,"enemies":"3 Sentries","floor":6.0,"turns":9.0},{"damage":20.0,"enemies":"Lots of Slimes","floor":7.0,"turns":5.0},{"damage":2.0,"enemies":"Looter","floor":8.0,"turns":4.0},{"damage":14.0,"enemies":"Gremlin Nob","floor":13.0,"turns":4.0},{"damage":3.0,"enemies":"3 Louse","floor":16.0,"turns":2.0},{"damage":27.0,"enemies":"The Guardian","floor":18.0,"turns":15.0},{"damage":8.0,"enemies":"Shell Parasite","floor":20.0,"turns":5.0},{"damage":4.0,"enemies":"Chosen","floor":23.0,"turns":4.0},{"damage":10.0,"enemies":"Shelled Parasite and Fungi","floor":29.0,"turns":4.0},{"damage":20,"enemies":"Snake Plant","floor":32,"turns":4},{"damage":0,"enemies":"Book of Stabbing","floor":33,"turns":4},{"damage":0,"enemies":"Centurion and Healer","floor":35,"turns":3},{"damage":5,"enemies":"Pondfish","floor":37,"turns":4},{"damage":1,"enemies":"Orb Walker","floor":39,"turns":4},{"damage":3,"enemies":"R_Hoarder","floor":45,"turns":6},{"damage":0,"enemies":"3 Shapes","floor":48,"turns":3},{"damage":0,"enemies":"Transient","floor":49,"turns":2},{"damage":1,"enemies":"Maw","floor":51,"turns":3},{"damage":5,"enemies":"4 Shapes","floor":52,"turns":2},{"damage":24,"enemies":"Awakened One","floor":54,"turns":5},{"damage":12,"enemies":"Shield and Spear","floor":58,"turns":2},{"damage":45,"enemies":"The Heart","floor":59,"turns":6}],"seed_played":"-5650460161990662184","potions_obtained":[{"floor":1.0,"key":"DuplicationPotion"},{"floor":5.0,"key":"SpeedPotion"},{"floor":13.0,"key":"ColorlessPotion"},{"floor":16.0,"key":"BottledMiracle"},{"floor":18.0,"key":"Elixir"},{"floor":20.0,"key":"SmokeBomb"},{"floor":29.0,"key":"Toxic Potion"},{"floor":35,"key":"SmokeBomb"},{"floor":52,"key":"Explosive Potion"}],"is_trial":false,"path_per_floor":["M","M","$","M","M","E","M","M","PTL","PTL","T","R","E","$","?","M","R","B",null,"M","?","T","M","$","R","PTL","PTL","R","M","T","R","M","E","$","M","R","B",null,"M","$","?","?","T","R","E","R","T","M","M","R","M","M","R","B",null,"R","$","E","B",null],"character_chosen":"WATCHER","items_purchased":["MentalFortress","EmptyBody","ClearTheMind","ReplayTheSpireMod:Ninjato","FlurryOfBlows","Apotheosis","Death Potion","Medical Kit"],"campfire_rested":3,"item_purchase_floors":[3,3,24,24,34,34,40,57],"current_hp_per_floor":[72,72,72,72,53,29,9,7,7,7,7,28,14,14,14,11,32,5,55,47,47,47,43,43,43,43,43,43,33,33,33,64,64,64,64,64,59,69,68,68,68,68,68,68,65,65,65,65,65,65,64,59,59,35,63,72,72,60,15],"gold":194,"neow_bonus":"THREE_ENEMY_KILL","is_daily":false,"chose_seed":false,"campfire_upgraded":7,"win_rate":0.0,"timestamp":1609720731,"path_taken":["M","?","$","?","M","E","M","M","PTL","PTL","T","R","E","$","?","M","R","BOSS","M","?","?","M","$","R","PTL","PTL","R","?","T","R","M","E","$","M","R","BOSS","M","$","?","?","?","R","E","R","T","M","?","R","M","?","R","BOSS","R","$","E","BOSS"],"items_purchased_type":["Card","Card","Card","Relic","Card","Card","Potion","Relic"],"build_version":"2020-12-22","purchased_purges":2,"victory":true,"max_hp_per_floor":[72,72,72,72,72,72,72,72,72,72,72,72,72,72,72,72,72,72,72,72,72,72,72,72,72,72,72,72,72,72,72,72,72,72,72,72,72,72,72,72,72,72,72,72,72,72,72,72,72,72,72,72,72,72,72,72,72,72,72],"card_choices":[{"not_picked":["Pray","Weave"],"picked":"CarveReality","floor":1.0},{"not_picked":["Replay:AtTheReady","Crescendo"],"picked":"EmptyFist","floor":2.0},{"not_picked":["Replay:DivineShield","CarveReality"],"picked":"TalkToTheHand","floor":4.0},{"not_picked":["Vengeance","Replay:Cycle","Evaluate"],"picked":"SKIP","floor":5.0},{"not_picked":["Replay:LoomingThreat","CrushJoints","Establishment"],"picked":"SKIP","floor":6.0},{"not_picked":["JustLucky","WindmillStrike"],"picked":"EmptyFist","floor":7.0},{"not_picked":["EmptyFist","Prostrate","Indignation"],"picked":"SKIP","floor":8.0},{"not_picked":["SashWhip","LikeWater"],"picked":"Crescendo","floor":13.0},{"not_picked":["WaveOfTheHand","FollowUp"],"picked":"EmptyBody","floor":16.0},{"not_picked":["Replay:Cycle","FlyingSleeves","DeceiveReality"],"picked":"SKIP","floor":20.0},{"not_picked":["PathToVictory","EmptyFist+1"],"picked":"Crescendo","floor":23.0},{"not_picked":["Replay:DivineShield","WaveOfTheHand"],"picked":"FlurryOfBlows","floor":29.0},{"not_picked":["Sanctity","Pray+1"],"picked":"Replay:Battleflow","floor":32},{"not_picked":["LikeWater+1","Consecrate"],"picked":"ClearTheMind","floor":33},{"not_picked":["CutThroughFate","FollowUp","SashWhip+1"],"picked":"SKIP","floor":35},{"not_picked":["Establishment","Wish"],"picked":"Blasphemy","floor":37},{"not_picked":["ClearTheMind","PathToVictory+1","EmptyBody"],"picked":"SKIP","floor":39},{"not_picked":["Replay:BluntJabs+1","ThirdEye+1","Omniscience"],"picked":"SKIP","floor":45},{"not_picked":["Replay:ManipulateFuture+1","Evaluate+1","FlyingSleeves"],"picked":"SKIP","floor":48},{"not_picked":["Halt","EmptyFist+1"],"picked":"FlurryOfBlows+1","floor":51},{"not_picked":["WheelKick","EmptyFist+1","Replay:AtTheReady+1"],"picked":"SKIP","floor":52}],"player_experience":371441,"relics_obtained":[{"floor":6.0,"key":"Bottled Tornado"},{"floor":11.0,"key":"hubris:MysteriousPyramids"},{"floor":13.0,"key":"Yang"},{"floor":22.0,"key":"Gremlin Horn"},{"floor":30.0,"key":"Replay:Accelerometer"},{"floor":33,"key":"Old Coin"},{"floor":45,"key":"Replay:Bandana"},{"floor":47,"key":"hubris:SphereOfDissonance"}],"event_choices":[{"damage_healed":0.0,"max_hp_gain":0.0,"max_hp_loss":0.0,"gold_gain":0.0,"event_name":"Liars Game","player_choice":"Ignored","floor":15.0,"gold_loss":0.0,"damage_taken":0.0},{"damage_healed":0,"gold_gain":0,"player_choice":"Paid","damage_taken":0,"relics_obtained":["Red Mask"],"max_hp_gain":0,"max_hp_loss":0,"event_name":"Tomb of Lord Red Mask","floor":42,"gold_loss":75}],"is_beta":false,"boss_relics":[{"not_picked":["Replay:Fungal Core","Ectoplasm"],"picked":"hubris:TerracottaHorce"},{"not_picked":["Abe\u0027s Treasure","Calling Bell"],"picked":"Ring of Chaos"}],"items_purged_floors":[14,34],"is_endless":false,"potions_floor_spawned":[1,5,13,16,18,20,29,32,35,37,45,48,52],"ascension_level":9}}