{"host":"jn2qdns2nxijvlnt","time":1609746392,"event":{"mods":["BaseMod","Minty Spire (QoL Compilation)","Quick Restart"],"gold_per_floor":[109,124,124,199,210,236,251,251,277,6,33,49,66,81,81,153,153,123,123,137,137,87,115,135,22,48,150,181,193,216,240,252,339,351,376,400,412,56,356,381,392,410,410,410,710,729,19,30,30,30,30],"floor_reached":50,"playtime":3426,"items_purged":["Writhe","Writhe"],"score":1041,"play_id":"c6ec61c5-c059-4e24-b7fd-3628eeb97722","local_time":"20210104024632","is_ascension_mode":true,"campfire_choices":[{"floor":8.0,"key":"REST"},{"floor":15.0,"key":"REST"},{"floor":29.0,"key":"REST"},{"floor":32.0,"key":"REST"},{"floor":44.0,"key":"REST"},{"floor":49.0,"key":"REST"}],"circlet_count":0,"master_deck":["AscendersBane","Strike_R","Strike_R","Strike_R","Strike_R","Strike_R","Defend_R+1","Defend_R","Defend_R+1","Defend_R","Bash+1","Inflame","Pommel Strike","Shrug It Off","Armaments","Swift Strike","Feed","Metallicize","Perfected Strike","Impervious","Shrug It Off+1","Heavy Blade","Perfected Strike+1","Intimidate"],"relics":["Burning Blood","PreservedInsect","War Paint","Dream Catcher","Bronze Scales","Busted Crown","Enchiridion","Smiling Mask","Red Skull","MawBank","Fusion Hammer","Sling","Regal Pillow","Potion Belt","Eternal Feather","Mummified Hand","OrangePellets"],"acts_visited":["Exordium","TheCity","TheBeyond"],"potions_floor_usage":[50,50,50,50],"damage_taken":[{"damage":2.0,"enemies":"Jaw Worm","floor":1.0,"turns":2.0},{"damage":4.0,"enemies":"Small Slimes","floor":2.0,"turns":4.0},{"damage":1.0,"enemies":"Cultist","floor":5.0,"turns":3.0},{"damage":32.0,"enemies":"Gremlin Nob","floor":6.0,"turns":4.0},{"damage":20.0,"enemies":"3 Louse","floor":7.0,"turns":5.0},{"damage":9.0,"enemies":"3 Sentries","floor":11.0,"turns":4.0},{"damage":23.0,"enemies":"Lots of Slimes","floor":12.0,"turns":4.0},{"damage":9.0,"enemies":"Looter","floor":13.0,"turns":3.0},{"damage":8.0,"enemies":"Gremlin Gang","floor":14.0,"turns":5.0},{"damage":25.0,"enemies":"Hexaghost","floor":16.0,"turns":9.0},{"damage":11.0,"enemies":"2 Thieves","floor":18.0,"turns":4.0},{"damage":19.0,"enemies":"Shell Parasite","floor":20.0,"turns":4.0},{"damage":27.0,"enemies":"Gremlin Leader","floor":23.0,"turns":5.0},{"damage":30.0,"enemies":"Chosen and Byrds","floor":24.0,"turns":5.0},{"damage":13.0,"enemies":"Snake Plant","floor":28.0,"turns":3.0},{"damage":0.0,"enemies":"Centurion and Healer","floor":30.0,"turns":6.0},{"damage":24.0,"enemies":"Sentry and Sphere","floor":31.0,"turns":6.0},{"damage":72.0,"enemies":"Champ","floor":33.0,"turns":15.0},{"damage":35.0,"enemies":"3 Shapes","floor":35.0,"turns":3.0},{"damage":10.0,"enemies":"Orb Walker","floor":36.0,"turns":3.0},{"damage":49.0,"enemies":"Giant Head","floor":40.0,"turns":6.0},{"damage":13.0,"enemies":"Writhing Mass","floor":41.0,"turns":5.0},{"damage":4.0,"enemies":"Maw","floor":42.0,"turns":7.0},{"damage":32.0,"enemies":"Jaw Worm Horde","floor":46.0,"turns":4.0},{"damage":3.0,"enemies":"Spire Growth","floor":48.0,"turns":5.0},{"damage":99,"enemies":"Awakened One","floor":50,"turns":8}],"seed_played":"-4398099123021203425","potions_obtained":[{"floor":0.0,"key":"CultistPotion"},{"floor":0.0,"key":"AttackPotion"},{"floor":1.0,"key":"ColorlessPotion"},{"floor":12.0,"key":"FairyPotion"},{"floor":14.0,"key":"Swift Potion"},{"floor":18.0,"key":"SteroidPotion"},{"floor":28.0,"key":"BloodPotion"},{"floor":40.0,"key":"Dexterity Potion"},{"floor":42.0,"key":"Weak Potion"},{"floor":48.0,"key":"LiquidBronze"}],"is_trial":false,"path_per_floor":["M","M","?","?","M","E","M","R","T","$","E","M","M","M","R","B",null,"M","?","M","?","$","E","M","$","T","?","M","R","M","M","R","B",null,"M","M","?","$","?","E","M","M","T","R","?","M","$","M","R","B"],"character_chosen":"IRONCLAD","items_purchased":["Dream Catcher","Swift Strike","ColorlessPotion","Fire Potion","Sling","Regal Pillow","Mummified Hand","EntropicBrew","Dexterity Potion","OrangePellets","EssenceOfSteel"],"campfire_rested":6,"item_purchase_floors":[10,10,25,25,38,38,47,47,47,47,47],"current_hp_per_floor":[72,74,74,63,68,42,28,50,50,50,47,33,33,34,59,40,73,68,47,37,37,37,16,31,31,31,19,33,60,66,48,75,9,70,44,40,59,59,59,16,9,11,11,65,65,39,39,42,93,0,0],"gold":30,"neow_bonus":"THREE_SMALL_POTIONS","is_daily":false,"chose_seed":false,"campfire_upgraded":0,"win_rate":0.0,"timestamp":1609746392,"path_taken":["M","M","?","?","M","E","M","R","T","?","E","M","M","M","R","BOSS","M","?","M","?","$","E","M","$","T","?","M","R","M","M","R","BOSS","M","M","?","$","?","E","?","M","T","R","?","M","$","?","R","BOSS"],"items_purchased_type":["Relic","Card","Potion","Potion","Relic","Relic","Relic","Potion","Potion","Relic","Potion"],"build_version":"2020-12-22","purchased_purges":2,"victory":false,"max_hp_per_floor":[75,75,75,75,75,75,75,75,75,75,75,78,81,84,84,84,84,84,84,87,87,87,87,87,87,87,87,90,90,90,90,90,90,90,93,93,93,93,93,93,93,93,93,93,93,93,93,93,93,93,93],"card_choices":[{"not_picked":["Headbutt","Shrug It Off"],"picked":"Inflame","floor":1.0},{"not_picked":["Twin Strike","Body Slam"],"picked":"Pommel Strike","floor":2.0},{"not_picked":["Anger","Clash"],"picked":"Shrug It Off","floor":5.0},{"not_picked":["True Grit","Pummel","Anger"],"picked":"SKIP","floor":6.0},{"not_picked":["Second Wind","Havoc"],"picked":"Armaments","floor":7.0},{"not_picked":["Entrench","Sword Boomerang"],"picked":"Feed","floor":11.0},{"not_picked":["Thunderclap","Sentinel"],"picked":"Metallicize","floor":12.0},{"not_picked":["Power Through","Iron Wave","Body Slam"],"picked":"SKIP","floor":13.0},{"not_picked":["Entrench","Iron Wave"],"picked":"Perfected Strike","floor":14.0},{"not_picked":["Feed","Corruption"],"picked":"Impervious","floor":16.0},{"not_picked":["Iron Wave"],"picked":"SKIP","floor":18.0},{"not_picked":["Combust"],"picked":"SKIP","floor":20.0},{"not_picked":["Rupture"],"picked":"SKIP","floor":23.0},{"not_picked":[],"picked":"Shrug It Off+1","floor":24.0},{"not_picked":[],"picked":"Heavy Blade","floor":28.0},{"not_picked":["Thunderclap"],"picked":"SKIP","floor":30.0},{"not_picked":["Wild Strike+1"],"picked":"SKIP","floor":31.0},{"not_picked":[],"picked":"Perfected Strike+1","floor":35.0},{"not_picked":["Rage+1"],"picked":"SKIP","floor":36.0},{"not_picked":["Thunderclap"],"picked":"SKIP","floor":40.0},{"not_picked":["Searing Blow+1"],"picked":"SKIP","floor":41.0},{"not_picked":["Headbutt"],"picked":"SKIP","floor":42.0},{"not_picked":["Shockwave+1"],"picked":"SKIP","floor":46.0},{"not_picked":["Whirlwind+1"],"picked":"SKIP","floor":48.0},{"not_picked":[],"picked":"Intimidate","floor":49.0}],"player_experience":457213,"relics_obtained":[{"floor":6.0,"key":"PreservedInsect"},{"floor":9.0,"key":"War Paint"},{"floor":11.0,"key":"Bronze Scales"},{"floor":19.0,"key":"Enchiridion"},{"floor":23.0,"key":"Red Skull"},{"floor":26.0,"key":"MawBank"},{"floor":40.0,"key":"Potion Belt"},{"floor":43.0,"key":"Eternal Feather"}],"event_choices":[{"damage_healed":0.0,"max_hp_gain":0.0,"max_hp_loss":0.0,"gold_gain":0.0,"event_name":"Living Wall","player_choice":"Grow","floor":3.0,"gold_loss":0.0,"damage_taken":0.0,"cards_upgraded":["Bash"]},{"damage_healed":0.0,"max_hp_gain":0.0,"max_hp_loss":0.0,"gold_gain":75.0,"event_name":"World of Goop","player_choice":"Gather Gold","floor":4.0,"gold_loss":0.0,"damage_taken":11.0},{"damage_healed":0.0,"max_hp_gain":0.0,"max_hp_loss":0.0,"gold_gain":0.0,"event_name":"Cursed Tome","player_choice":"Obtained Book","floor":19.0,"gold_loss":0.0,"damage_taken":21.0},{"damage_healed":0.0,"max_hp_gain":0.0,"max_hp_loss":0.0,"gold_gain":0.0,"event_name":"The Mausoleum","player_choice":"Opened","floor":21.0,"gold_loss":0.0,"damage_taken":0.0,"relics_obtained":["Smiling Mask"],"cards_obtained":["Writhe"]},{"damage_healed":0.0,"max_hp_gain":0.0,"max_hp_loss":0.0,"gold_gain":90.0,"event_name":"Knowing Skull","player_choice":"GOLD ","floor":27.0,"potions_obtained":[],"gold_loss":0.0,"damage_taken":12.0,"cards_obtained":[]},{"damage_healed":19.0,"max_hp_gain":0.0,"max_hp_loss":0.0,"gold_gain":0.0,"event_name":"Winding Halls","player_choice":"Writhe","floor":37.0,"gold_loss":0.0,"damage_taken":0.0,"cards_obtained":["Writhe"]},{"damage_healed":0.0,"max_hp_gain":0.0,"max_hp_loss":0.0,"gold_gain":300.0,"event_name":"Wheel of Change","player_choice":"Gold","floor":39.0,"gold_loss":0.0,"damage_taken":0.0},{"damage_healed":0.0,"max_hp_gain":0.0,"max_hp_loss":0.0,"gold_gain":300.0,"event_name":"Wheel of Change","player_choice":"Gold","floor":45.0,"gold_loss":0.0,"damage_taken":0.0}],"is_beta":false,"boss_relics":[{"not_picked":["Coffee Dripper","Sozu"],"picked":"Busted Crown"},{"not_picked":["Tiny House","Runic Cube"],"picked":"Fusion Hammer"}],"items_purged_floors":[22,38],"is_endless":false,"potions_floor_spawned":[1,2,12,14,18,20,28,40,42,48],"killed_by":"Awakened One","ascension_level":20}}