{"host":"lxgv1wbl12oya7hr","time":1609741406,"event":{"mods":["BaseMod","Minty Spire (QoL Compilation)","Permanent Neow","StSLib"],"gold_per_floor":[115,115,133,144,32,61,61,92,92,51,77,88,88,117,117,220,220,233,233,37,55,108,108,128,128,154,104,104,104,117,144,144,247,247,259,259,259,8,8,40,55,86,86,102,152,152,164,164,164,164,164,164,4,29,29,29],"floor_reached":55,"playtime":3546,"items_purged":["Zap","Strike_B"],"score":755,"play_id":"5fe9b5f0-eb55-49bb-9693-9911d967916a","local_time":"20210103222326","is_ascension_mode":true,"campfire_choices":[{"floor":7,"key":"REST"},{"data":"Reprogram","floor":15,"key":"SMITH"},{"data":"Reprogram","floor":23,"key":"SMITH"},{"data":"1","floor":25,"key":"LIFT"},{"data":"2","floor":28,"key":"LIFT"},{"data":"3","floor":32,"key":"LIFT"},{"floor":46,"key":"REST"},{"floor":49,"key":"RECALL"},{"data":"Madness","floor":52,"key":"SMITH"}],"circlet_count":0,"master_deck":["Strike_B","Strike_B","Strike_B","Defend_B","Defend_B","Defend_B","Defend_B","Reprogram+1","Reprogram+1","Rebound","Hyperbeam+1","CurseOfTheBell","Conserve Battery","Steam","Streamline+1","Steam+1","Madness","Madness+1","Creative AI"],"relics":["Busted Crown","Girya","Ornamental Fan","Bottled Lightning","Tiny Chest","Pantograph","Calling Bell","Smiling Mask","Symbiotic Virus","Gambling Chip","CultistMask","PreservedInsect","Juzu Bracelet","Bag of Marbles","Empty Cage","Mercury Hourglass","HandDrill","Nunchaku","Torii","HornCleat","TungstenRod","Pear"],"acts_visited":["Exordium","TheCity","TheBeyond","TheEnding"],"potions_floor_usage":[6,11,21,31,42,45,55,55],"damage_taken":[{"damage":1,"enemies":"Jaw Worm","floor":1,"turns":3},{"damage":0,"enemies":"2 Louse","floor":3,"turns":2},{"damage":0,"enemies":"Cultist","floor":4,"turns":3},{"damage":52,"enemies":"Gremlin Nob","floor":6,"turns":5},{"damage":7,"enemies":"3 Sentries","floor":8,"turns":4},{"damage":7,"enemies":"Lagavulin","floor":11,"turns":10},{"damage":12,"enemies":"Exordium Thugs","floor":12,"turns":7},{"damage":34,"enemies":"Gremlin Nob","floor":14,"turns":5},{"damage":27,"enemies":"Slime Boss","floor":16,"turns":12},{"damage":0,"enemies":"3 Byrds","floor":18,"turns":5},{"damage":1,"enemies":"Chosen","floor":21,"turns":5},{"damage":1,"enemies":"Snake Plant","floor":24,"turns":4},{"damage":3,"enemies":"Snecko","floor":30,"turns":6},{"damage":19,"enemies":"Slavers","floor":31,"turns":4},{"damage":40,"enemies":"Champ","floor":33,"turns":14},{"damage":3,"enemies":"3 Shapes","floor":35,"turns":2},{"damage":21,"enemies":"Reptomancer","floor":40,"turns":5},{"damage":0,"enemies":"Orb Walker","floor":41,"turns":4},{"damage":26,"enemies":"Nemesis","floor":42,"turns":5},{"damage":11,"enemies":"Maw","floor":44,"turns":6},{"damage":18,"enemies":"Mind Bloom Boss Battle","floor":45,"turns":7},{"damage":0,"enemies":"3 Darklings","floor":47,"turns":1},{"damage":16,"enemies":"Awakened One","floor":50,"turns":19},{"damage":49,"enemies":"Shield and Spear","floor":54,"turns":9},{"damage":63,"enemies":"The Heart","floor":55,"turns":8}],"seed_played":"-7850149755884151149","potions_obtained":[{"floor":1,"key":"PotionOfCapacity"},{"floor":3,"key":"AttackPotion"},{"floor":8,"key":"DistilledChaos"},{"floor":18,"key":"SpeedPotion"},{"floor":24,"key":"Swift Potion"},{"floor":41,"key":"SkillPotion"},{"floor":44,"key":"Weak Potion"},{"floor":47,"key":"FocusPotion"},{"floor":54,"key":"Weak Potion"}],"is_trial":false,"path_per_floor":["M","?","M","M","$","E","R","E","T","?","E","M","?","E","R","B",null,"M","?","$","M","T","R","M","R","T","$","R","?","M","E","R","B",null,"M","?","T","$","?","E","M","E","T","M","?","R","M","?","R","B",null,"R","$","E","B"],"character_chosen":"DEFECT","items_purchased":["Reprogram","White Noise","PreservedInsect","Conserve Battery","HandDrill","Steam","Creative AI"],"campfire_rested":2,"item_purchase_floors":[5,5,20,20,38,38,53],"current_hp_per_floor":[74,74,74,74,74,22,44,37,37,37,30,18,43,9,9,7,75,75,75,75,74,74,74,73,73,73,73,73,73,70,51,51,35,75,72,72,72,72,72,51,51,25,25,14,21,43,43,35,35,44,75,75,75,36,0,0],"gold":29,"neow_bonus":"BOSS_RELIC","is_daily":false,"chose_seed":false,"campfire_upgraded":3,"win_rate":0.0,"timestamp":1609741406,"path_taken":["M","?","M","M","$","E","R","E","T","?","E","M","?","E","R","BOSS","M","?","?","M","?","R","?","R","T","$","R","?","M","E","R","BOSS","M","?","?","$","?","E","M","E","T","M","?","R","M","?","R","BOSS","R","$","E","BOSS"],"items_purchased_type":["Card","Card","Relic","Card","Relic","Card","Card"],"build_version":"2020-12-22","purchased_purges":2,"victory":false,"max_hp_per_floor":[75,75,75,75,75,75,75,75,75,75,75,75,75,75,75,75,75,75,75,75,75,75,75,75,75,75,75,75,75,75,75,75,75,75,75,75,75,75,75,75,75,75,75,75,75,75,75,75,75,75,75,75,75,85,85,85],"card_choices":[{"not_picked":["Hologram"],"picked":"SKIP","floor":1},{"not_picked":[],"picked":"Reprogram","floor":3},{"not_picked":["Stack"],"picked":"SKIP","floor":4},{"not_picked":["Ball Lightning"],"picked":"SKIP","floor":6},{"not_picked":["Aggregate"],"picked":"SKIP","floor":8},{"not_picked":["Blizzard"],"picked":"SKIP","floor":11},{"not_picked":["Chill"],"picked":"SKIP","floor":12},{"not_picked":[],"picked":"Rebound","floor":14},{"not_picked":[],"picked":"Hyperbeam","floor":16},{"not_picked":["Ball Lightning"],"picked":"SKIP","floor":18},{"not_picked":["Stack+1"],"picked":"SKIP","floor":21},{"not_picked":["Barrage"],"picked":"SKIP","floor":24},{"not_picked":["Heatsinks+1"],"picked":"SKIP","floor":30},{"not_picked":["Barrage"],"picked":"SKIP","floor":31},{"not_picked":["Leap"],"picked":"SKIP","floor":35},{"not_picked":["Turbo+1"],"picked":"SKIP","floor":40},{"not_picked":[],"picked":"Streamline+1","floor":41},{"not_picked":[],"picked":"Steam+1","floor":42},{"not_picked":["Glacier"],"picked":"SKIP","floor":44},{"not_picked":["Coolheaded+1"],"picked":"SKIP","floor":47},{"not_picked":["Coolheaded"],"picked":"SKIP","floor":54}],"player_experience":2242316,"relics_obtained":[{"floor":6,"key":"Girya"},{"floor":8,"key":"Ornamental Fan"},{"floor":9,"key":"Bottled Lightning"},{"floor":11,"key":"Tiny Chest"},{"floor":14,"key":"Pantograph"},{"floor":17,"key":"Smiling Mask"},{"floor":17,"key":"Symbiotic Virus"},{"floor":17,"key":"Gambling Chip"},{"floor":26,"key":"Juzu Bracelet"},{"floor":31,"key":"Bag of Marbles"},{"floor":37,"key":"Mercury Hourglass"},{"floor":40,"key":"Nunchaku"},{"floor":42,"key":"Torii"},{"floor":43,"key":"HornCleat"},{"floor":45,"key":"TungstenRod"},{"floor":54,"key":"Pear"}],"event_choices":[{"damage_healed":0,"gold_gain":0,"player_choice":"Leave","damage_taken":0,"max_hp_gain":0,"max_hp_loss":0,"event_name":"The Cleric","floor":2,"gold_loss":0},{"damage_healed":0,"gold_gain":0,"player_choice":"Left Gold","damage_taken":0,"max_hp_gain":0,"max_hp_loss":0,"event_name":"World of Goop","floor":10,"gold_loss":41},{"damage_healed":25,"gold_gain":0,"player_choice":"Banana","damage_taken":0,"max_hp_gain":0,"max_hp_loss":0,"event_name":"Big Fish","floor":13,"gold_loss":0},{"damage_healed":0,"gold_gain":0,"player_choice":"Trade","damage_taken":0,"relics_obtained":["CultistMask"],"max_hp_gain":0,"max_hp_loss":0,"event_name":"FaceTrader","floor":19,"gold_loss":0},{"damage_healed":0,"gold_gain":0,"player_choice":"Bought 0 Potions","damage_taken":0,"max_hp_gain":0,"max_hp_loss":0,"event_name":"The Woman in Blue","floor":29,"gold_loss":0},{"cards_removed":["Strike_R"],"damage_healed":0,"gold_gain":0,"player_choice":"Took Card","damage_taken":0,"max_hp_gain":0,"max_hp_loss":0,"event_name":"NoteForYourself","floor":36,"gold_loss":0,"cards_obtained":["Strike_R"]},{"damage_healed":0,"gold_gain":0,"player_choice":"Forge","damage_taken":0,"max_hp_gain":0,"max_hp_loss":0,"event_name":"Accursed Blacksmith","floor":39,"gold_loss":0,"cards_upgraded":["Hyperbeam"]},{"damage_healed":0,"gold_gain":0,"player_choice":"Fight","damage_taken":0,"max_hp_gain":0,"max_hp_loss":0,"event_name":"MindBloom","floor":45,"gold_loss":0},{"damage_healed":0,"gold_gain":0,"player_choice":"Embrace Madness","damage_taken":9,"max_hp_gain":0,"max_hp_loss":0,"event_name":"Winding Halls","floor":48,"gold_loss":0,"cards_obtained":["Madness","Madness"]}],"is_beta":false,"boss_relics":[{"not_picked":["Snecko Eye","Black Star"],"picked":"Calling Bell"},{"not_picked":["Pandora\u0027s Box","Inserter"],"picked":"Empty Cage"}],"items_purged_floors":[27,38],"is_endless":false,"potions_floor_spawned":[1,3,8,18,24,41,44,47,54],"killed_by":"The Heart","ascension_level":1}}