{"host":"htqwg582tjjtn9p7","time":1609778848,"event":{"mods":["2.2 Compatiblity","AchievementEnabler","Act Like it!","Aspiration","BaseMod","Better Third Choice","Colored Map","Conspire","Curses Come First","Displayed Cursed Tome","Energized Spire","Force Act Four","GifTheSpireLib","Hermit","Highlight Path","JesterMod","Mad Scientist","Minty Spire (QoL Compilation)","Pale of the Ancients","Permanent Neow","Random Character Button","Relic Stats","Replay The Spire","Robot Space Explorer","Somnambulant","Spicy Shops","Spikes Relics","StSLib","Stuff the Spire","The Blue Laboratory","The Disciple","The Dragon Tamer","The Forsaken","The Gatherer","The Judge","The Jungle","The Marked","The Runesmith","The Servant 0.9.4","Uncapped"],"gold_per_floor":[112,297,313,332,19,19,39,39,39,52,52,68,81,112,112,190,190,207,62,74,93,93,93,93,93,93,124,174,184,199,225,225,225,225,299,299,319,72,88,107,127,127,138,164,240,250,250,279,279,299,299,299,310,310,310,61,61,61,61],"floor_reached":58,"playtime":2785,"items_purged":["Regret","StuffTheSpire:GnomedCurse","Decay"],"score":1600,"play_id":"81d42e85-69b2-4a73-86b3-71c1d2f34b95","local_time":"20210104174728","is_ascension_mode":true,"campfire_choices":[{"data":"ReplayTheSpireMod:Scrap Shanks","floor":6,"key":"SMITH"},{"data":"StuffTheSpire:Incantation","floor":8,"key":"SMITH"},{"data":"Cloak And Dagger","floor":11,"key":"SMITH"},{"floor":15,"key":"REST"},{"data":"Footwork","floor":23,"key":"SMITH"},{"floor":26,"key":"REST"},{"floor":34,"key":"REST"},{"floor":42,"key":"REST"},{"data":"Tactician","floor":49,"key":"SMITH"},{"floor":51,"key":"DIG"},{"data":"Finisher","floor":57,"key":"SMITH"}],"circlet_count":0,"master_deck":["AscendersBane","Strike_G","Strike_G","Strike_G","Strike_G","Defend_G","Defend_G","Defend_G","Defend_G","Defend_G","Survivor","Neutralize","Blade Dance","Dagger Throw","Cloak And Dagger+1","Dagger Throw","ReplayTheSpireMod:Scrap Shanks+1","StuffTheSpire:Incantation+1","All Out Attack","Reflex","Cloak And Dagger","Unload","Footwork+1","Cloak And Dagger","Dodge and Roll","StuffTheSpire:ReptileScales","Cloak And Dagger","Panacea","Fluid Movement","Deflect","PiercingWail","Clumsy","PiercingWail","Tactician+1","StuffTheSpire:DoubleShiv","Deflect","ReplayTheSpireMod:Scrap Shanks+1","StuffTheSpire:ReptileScales","Infinite Blades","Infinite Blades","Finisher+1"],"relics":["Ring of the Snake","Omamori","OrangePellets","Matryoshka","BicycleWheel","energizedSpire:CursedPentagram","StuffTheSpire:HistoryBook","conspire:TopHat","BrokenLever","Centennial Puzzle","StuffTheSpire:Gunfinga","Ninja Scroll","conspire:SpecialSausage","PreservedInsect","Anchor","ShockBauble","ReplayTheSpireMod:Lightbulb","Replay:Mystery Machine","paleoftheancients:Timepiece","paleoftheancients:KeyRelic","Gremlin Horn","CultistMask"],"acts_visited":["Exordium","TheCity","TheBeyond","TheBeyond"],"potions_floor_usage":[7,12,12,16,27,43,48,48,52],"damage_taken":[{"damage":5,"enemies":"2 Louse","floor":1,"turns":3},{"damage":4,"enemies":"Jaw Worm","floor":3,"turns":4},{"damage":0,"enemies":"Small Slimes","floor":4,"turns":3},{"damage":0,"enemies":"2 Fungi Beasts","floor":7,"turns":3},{"damage":3,"enemies":"3 Louse","floor":10,"turns":5},{"damage":3,"enemies":"Lots of Slimes","floor":12,"turns":3},{"damage":1,"enemies":"Looter","floor":13,"turns":3},{"damage":30,"enemies":"Gremlin Nob","floor":14,"turns":4},{"damage":0,"enemies":"Slime Boss","floor":16,"turns":7},{"damage":0,"enemies":"Chosen","floor":18,"turns":3},{"damage":4,"enemies":"3 Byrds","floor":20,"turns":4},{"damage":9,"enemies":"Shelled Parasite and Fungi","floor":21,"turns":5},{"damage":20,"enemies":"Book of Stabbing","floor":27,"turns":5},{"damage":0,"enemies":"Snake Plant","floor":29,"turns":4},{"damage":3,"enemies":"Sentry and Sphere","floor":30,"turns":4},{"damage":14,"enemies":"Slavers","floor":31,"turns":4},{"damage":4,"enemies":"Collector","floor":35,"turns":11},{"damage":11,"enemies":"3 Shapes","floor":37,"turns":5},{"damage":0,"enemies":"3 Darklings","floor":39,"turns":4},{"damage":0,"enemies":"Spire Growth","floor":40,"turns":6},{"damage":8,"enemies":"Maw","floor":41,"turns":6},{"damage":0,"enemies":"Jaw Worm Horde","floor":43,"turns":3},{"damage":2,"enemies":"Reptomancer","floor":44,"turns":8},{"damage":0,"enemies":"3 Darklings","floor":46,"turns":5},{"damage":0,"enemies":"Nemesis","floor":48,"turns":5},{"damage":0,"enemies":"Spire Growth","floor":50,"turns":7},{"damage":6,"enemies":"conspire:OrnateMirror","floor":52,"turns":17},{"damage":50,"enemies":"conspire:OrnateMirror","floor":53,"turns":13},{"damage":52,"enemies":"conspire:OrnateMirror","floor":54,"turns":7},{"damage":75,"enemies":"conspire:OrnateMirror","floor":58,"turns":9}],"seed_played":"-1172879730897523415","potions_obtained":[{"floor":3,"key":"Fruit Juice"},{"floor":4,"key":"blueLaboratory:BubblePotion"},{"floor":10,"key":"blueLaboratory:FruitPunch"},{"floor":14,"key":"Fire Potion"},{"floor":20,"key":"blueLaboratory:AbyssPotion"},{"floor":21,"key":"Energy Potion"},{"floor":27,"key":"blueLaboratory:EnragingPotion"},{"floor":41,"key":"Ancient Potion"},{"floor":43,"key":"ColorlessPotion"},{"floor":46,"key":"blueLaboratory:EnragingPotion"},{"floor":50,"key":"SkillPotion"}],"is_trial":false,"path_per_floor":["M","?","M","M","$","R","M","R","T","M","R","M","M","E","R","B",null,"M","$","M","M","?","R","PTL","PTL","R","E","T","M","M","E","?","?","R","B",null,"M","$","M","M","M","R","M","E","T","M","?","E","R","M","R_BF","B","M","M","?","$","R","M"],"character_chosen":"THE_SILENT","items_purchased":["ReplayTheSpireMod:Scrap Shanks","OrangePellets","Footwork","StuffTheSpire:HistoryBook","Panacea","Infinite Blades","Finisher"],"campfire_rested":4,"item_purchase_floors":[5,5,19,19,38,56,56],"current_hp_per_floor":[54,54,50,50,50,50,55,55,55,52,52,51,50,20,41,41,65,65,65,61,52,52,52,52,52,73,53,53,53,50,36,36,36,57,53,68,57,57,57,57,49,70,70,68,68,68,68,68,68,68,68,70,47,73,69,69,69,0,0],"gold":61,"neow_bonus":"RANDOM_EVENT","is_daily":false,"chose_seed":false,"campfire_upgraded":6,"win_rate":0.0,"timestamp":1609778848,"path_taken":["M","?","M","M","$","R","M","R","T","M","R","M","M","E","R","BOSS","M","$","M","M","?","R","PTL","PTL","R","E","T","M","M","E","?","?","R","BOSS","M","?","M","M","M","R","M","E","T","M","?","E","R","M","R_BF","BOSS","M","M","?","$","R","M"],"items_purchased_type":["Card","Relic","Card","Relic","Card","Card","Card"],"build_version":"2020-12-22","purchased_purges":3,"victory":false,"max_hp_per_floor":[66,66,66,66,66,66,71,71,71,71,71,73,73,73,73,73,73,73,73,73,73,73,73,73,73,73,73,73,73,73,73,73,73,73,73,73,73,73,73,73,73,73,73,73,73,73,73,73,73,73,73,73,73,73,73,73,73,73,73],"relic_stats":{"OrangePellets":[4],"Centennial Puzzle":[30],"Gremlin Horn":[3,3],"counters":[30,170],"PreservedInsect":50,"obtain_stats":[{"paleoftheancients:KeyRelic":52,"ShockBauble":45,"Gremlin Horn":52,"BrokenLever":27,"conspire:SpecialSausage":36,"PreservedInsect":44,"Omamori":0,"Replay:Mystery Machine":51,"conspire:TopHat":22,"paleoftheancients:Timepiece":52,"OrangePellets":5,"StuffTheSpire:HistoryBook":19,"Centennial Puzzle":28,"StuffTheSpire:Gunfinga":28,"Anchor":45,"Matryoshka":9,"energizedSpire:CursedPentagram":17,"Ninja Scroll":31,"CultistMask":52,"ReplayTheSpireMod:Lightbulb":48,"BicycleWheel":14,"Ring of the Snake":0},{"paleoftheancients:KeyRelic":27,"ShockBauble":23,"Gremlin Horn":27,"BrokenLever":13,"conspire:SpecialSausage":17,"PreservedInsect":23,"Omamori":0,"Replay:Mystery Machine":26,"conspire:TopHat":12,"paleoftheancients:Timepiece":27,"OrangePellets":3,"StuffTheSpire:HistoryBook":10,"Centennial Puzzle":13,"StuffTheSpire:Gunfinga":13,"Anchor":23,"Matryoshka":4,"energizedSpire:CursedPentagram":9,"Ninja Scroll":16,"CultistMask":27,"ReplayTheSpireMod:Lightbulb":25,"BicycleWheel":8,"Ring of the Snake":0},{"paleoftheancients:KeyRelic":141,"ShockBauble":107,"Gremlin Horn":141,"BrokenLever":52,"conspire:SpecialSausage":75,"PreservedInsect":107,"Omamori":0,"Replay:Mystery Machine":124,"conspire:TopHat":47,"paleoftheancients:Timepiece":141,"OrangePellets":10,"StuffTheSpire:HistoryBook":38,"Centennial Puzzle":52,"StuffTheSpire:Gunfinga":52,"Anchor":107,"Matryoshka":13,"energizedSpire:CursedPentagram":35,"Ninja Scroll":64,"CultistMask":141,"ReplayTheSpireMod:Lightbulb":117,"BicycleWheel":28,"Ring of the Snake":0}],"Ring of the Snake":[60]},"card_choices":[{"not_picked":["StuffTheSpire:BumpUp","StuffTheSpire:Injection"],"picked":"Blade Dance","floor":1},{"not_picked":["Flying Knee","Poisoned Stab"],"picked":"Dagger Throw","floor":2},{"not_picked":["Choke","Bouncing Flask"],"picked":"Cloak And Dagger","floor":3},{"not_picked":["Fluid Movement","Dodge and Roll"],"picked":"Dagger Throw","floor":4},{"not_picked":["StuffTheSpire:Injection","Prepared"],"picked":"StuffTheSpire:Incantation","floor":7},{"not_picked":["Distraction","ReplayTheSpireMod:From All Sides"],"picked":"All Out Attack","floor":10},{"not_picked":["Slice","Distraction","Masterful Stab"],"picked":"SKIP","floor":12},{"not_picked":["Hidden Blade","Sucker Punch"],"picked":"Reflex","floor":13},{"not_picked":["Expertise","Dodge and Roll"],"picked":"Cloak And Dagger","floor":14},{"not_picked":["Poison Darts","Corpse Explosion"],"picked":"Unload","floor":16},{"not_picked":["Dagger Spray","Outmaneuver","Heel Hook"],"picked":"SKIP","floor":18},{"not_picked":["Flying Knee","ReplayTheSpireMod:The Works"],"picked":"Cloak And Dagger","floor":20},{"not_picked":["StuffTheSpire:Python","Expertise+1","Flying Knee"],"picked":"SKIP","floor":21},{"not_picked":["Distraction","Bullet Time","Replay:Poison Smokescreen"],"picked":"SKIP","floor":27},{"not_picked":["ShadowRift+1","StuffTheSpire:Sprint+1"],"picked":"Dodge and Roll","floor":29},{"not_picked":["StuffTheSpire:Python","Backflip"],"picked":"StuffTheSpire:ReptileScales","floor":30},{"not_picked":["Poisoned Stab","Atom Bomb","InfectiousVector"],"picked":"SKIP","floor":31},{"not_picked":["ShadowRift","Flechettes"],"picked":"Cloak And Dagger","floor":37},{"not_picked":["ReplayTheSpireMod:The Works+1","Outmaneuver"],"picked":"Fluid Movement","floor":39},{"not_picked":["Dodge and Roll","StuffTheSpire:Injection"],"picked":"Deflect","floor":40},{"not_picked":["Dagger Spray","StuffTheSpire:MirrorStance"],"picked":"PiercingWail","floor":41},{"not_picked":["Eviscerate","Blade Dance"],"picked":"PiercingWail","floor":43},{"not_picked":["Acrobatics","Sucker Punch"],"picked":"Tactician","floor":44},{"not_picked":["ShadowRift","Well Laid Plans+1"],"picked":"StuffTheSpire:DoubleShiv","floor":46},{"not_picked":["Dodge and Roll","Venomology"],"picked":"Deflect","floor":48},{"not_picked":["Deflect","Flying Knee"],"picked":"ReplayTheSpireMod:Scrap Shanks+1","floor":50},{"not_picked":["Choke+1","StuffTheSpire:Python"],"picked":"StuffTheSpire:ReptileScales","floor":53}],"player_experience":1880541,"relics_obtained":[{"floor":9,"key":"Matryoshka"},{"floor":14,"key":"BicycleWheel"},{"floor":27,"key":"BrokenLever"},{"floor":28,"key":"Centennial Puzzle"},{"floor":28,"key":"StuffTheSpire:Gunfinga"},{"floor":31,"key":"Ninja Scroll"},{"floor":44,"key":"PreservedInsect"},{"floor":45,"key":"Anchor"},{"floor":45,"key":"ShockBauble"},{"floor":48,"key":"ReplayTheSpireMod:Lightbulb"},{"floor":51,"key":"Replay:Mystery Machine"}],"event_choices":[{"damage_healed":0,"gold_gain":0,"player_choice":"Box","damage_taken":0,"relics_obtained":["Omamori"],"max_hp_gain":0,"max_hp_loss":0,"event_name":"Big Fish","floor":0,"gold_loss":0,"cards_obtained":["Regret"]},{"damage_healed":0,"gold_gain":0,"player_choice":"Opened","damage_taken":0,"relics_obtained":["conspire:TopHat"],"max_hp_gain":0,"max_hp_loss":0,"event_name":"The Mausoleum","floor":22,"gold_loss":0,"cards_obtained":["Writhe"]},{"damage_healed":0,"gold_gain":0,"player_choice":"Ignored","damage_taken":0,"max_hp_gain":0,"max_hp_loss":0,"event_name":"Vampires","floor":32,"gold_loss":0},{"damage_healed":0,"gold_gain":0,"cards_transformed":["Strike_G"],"player_choice":"Transformed","damage_taken":0,"max_hp_gain":0,"max_hp_loss":0,"event_name":"Transmorgrifier","floor":33,"gold_loss":0,"cards_obtained":["Poisoned Stab"]},{"cards_removed":["Poisoned Stab"],"damage_healed":0,"gold_gain":0,"player_choice":"Removed Attack","damage_taken":0,"max_hp_gain":0,"max_hp_loss":0,"event_name":"Falling","floor":47,"gold_loss":0},{"damage_healed":0,"gold_gain":0,"player_choice":"Leave","damage_taken":0,"max_hp_gain":0,"max_hp_loss":0,"event_name":"conspire:Investor","floor":55,"gold_loss":0}],"is_beta":false,"boss_relics":[{"not_picked":["jesterMod:MachoBrace","aspiration:RitualDagger"],"picked":"energizedSpire:CursedPentagram"},{"not_picked":["energizedSpire:HugeHouse","energizedSpire:HighHeels"],"picked":"conspire:SpecialSausage"}],"items_purged_floors":[5,38,56],"is_endless":false,"potions_floor_spawned":[3,4,10,14,20,21,27,35,41,43,46,50],"killed_by":"conspire:OrnateMirror","ascension_level":15}}