{"host":"hnrafgucdht3qvsp","time":1609720856,"event":{"mods":["BaseMod","Colored Map","Minty Spire (QoL Compilation)","Relic Stats","StSLib"],"gold_per_floor":[115,128,128,89,109,109,142,142,193,216,260,272,259,306,318,430,442,468,506,518,542,42,75,75,106,106,117,135,145,74,108,108,211,211,221,221,239,96,107,138,138,153,177,188,39,39,39,39],"floor_reached":47,"playtime":2479,"items_purged":["Strike_R"],"score":666,"play_id":"573fd75c-026f-4cd2-8c14-dbb89a999540","local_time":"20210103194056","is_ascension_mode":true,"campfire_choices":[{"data":"Uppercut","floor":6.0,"key":"SMITH"},{"data":"Combust","floor":8.0,"key":"SMITH"},{"data":"Inflame","floor":12.0,"key":"SMITH"},{"data":"Pummel","floor":15.0,"key":"SMITH"},{"data":"Limit Break","floor":24.0,"key":"SMITH"},{"data":"Limit Break","floor":32.0,"key":"SMITH"},{"data":"Limit Break","floor":41,"key":"SMITH"},{"data":"Spot Weakness","floor":46,"key":"SMITH"}],"circlet_count":0,"master_deck":["Strike_R","Strike_R","Strike_R","Strike_R","Defend_R","Defend_R","Defend_R","Defend_R","Bash","Twin Strike","Uppercut+1","Metallicize","Combust+1","Inflame+1","Pummel+1","Limit Break+1","Disarm","Power Through+1","Immolate","Limit Break+1","Inflame","Disarm","Whirlwind+1","Heavy Blade+1","Inflame","Limit Break+1","Dual Wield","Reaper","Rampage","Spot Weakness+1"],"relics":["Burning Blood","Boot","Potion Belt","MawBank","Darkstone Periapt","Champion Belt","Philosopher\u0027s Stone","Red Mask","Orichalcum","Toy Ornithopter","Bottled Flame","Art of War","Lizard Tail","Mark of Pain","OrangePellets","Paper Frog","Vajra"],"acts_visited":["Exordium","TheCity","TheBeyond"],"potions_floor_usage":[40,40,42,42],"damage_taken":[{"damage":7.0,"enemies":"Small Slimes","floor":1.0,"turns":3.0},{"damage":1.0,"enemies":"Cultist","floor":2.0,"turns":3.0},{"damage":7.0,"enemies":"Jaw Worm","floor":5.0,"turns":3.0},{"damage":19.0,"enemies":"3 Sentries","floor":7.0,"turns":8.0},{"damage":5.0,"enemies":"Large Slime","floor":10.0,"turns":5.0},{"damage":10.0,"enemies":"Gremlin Nob","floor":11.0,"turns":4.0},{"damage":19.0,"enemies":"3 Sentries","floor":14.0,"turns":4.0},{"damage":15.0,"enemies":"Slime Boss","floor":16.0,"turns":8.0},{"damage":10.0,"enemies":"Shell Parasite","floor":18.0,"turns":3.0},{"damage":38.0,"enemies":"Masked Bandits","floor":19.0,"turns":4.0},{"damage":1.0,"enemies":"Chosen","floor":21.0,"turns":4.0},{"damage":17.0,"enemies":"Gremlin Leader","floor":23.0,"turns":6.0},{"damage":21.0,"enemies":"Book of Stabbing","floor":25.0,"turns":7.0},{"damage":8.0,"enemies":"Snecko","floor":27.0,"turns":3.0},{"damage":1.0,"enemies":"Centurion and Healer","floor":28.0,"turns":3.0},{"damage":1.0,"enemies":"Snake Plant","floor":29.0,"turns":4.0},{"damage":29.0,"enemies":"Slavers","floor":31.0,"turns":4.0},{"damage":37.0,"enemies":"Champ","floor":33.0,"turns":8.0},{"damage":2,"enemies":"3 Darklings","floor":35,"turns":2},{"damage":1,"enemies":"Orb Walker","floor":37,"turns":2},{"damage":45,"enemies":"Jaw Worm Horde","floor":39,"turns":4},{"damage":54,"enemies":"Reptomancer","floor":40,"turns":7},{"damage":23,"enemies":"Spire Growth","floor":42,"turns":5},{"damage":32,"enemies":"Maw","floor":44,"turns":7},{"damage":35,"enemies":"Writhing Mass","floor":47,"turns":2}],"seed_played":"-306108948081537585","potions_obtained":[{"floor":1.0,"key":"ElixirPotion"},{"floor":10.0,"key":"SpeedPotion"},{"floor":14.0,"key":"Swift Potion"},{"floor":16.0,"key":"BlessingOfTheForge"},{"floor":18.0,"key":"Strength Potion"},{"floor":21.0,"key":"Weak Potion"},{"floor":27.0,"key":"SpeedPotion"},{"floor":28.0,"key":"Weak Potion"},{"floor":33.0,"key":"BlessingOfTheForge"},{"floor":37,"key":"FearPotion"},{"floor":39,"key":"SpeedPotion"},{"floor":40,"key":"BlessingOfTheForge"}],"is_trial":false,"path_per_floor":["M","M","?","$","M","R","E","R","T","M","E","R","?","E","R","B",null,"M","?","?","M","$","E","R","E","T","M","M","M","$","E","R","B",null,"M","?","M","$","M","E","R","M","T","M","$","R","M"],"character_chosen":"IRONCLAD","items_purchased":["Uppercut","Immolate","Limit Break","Inflame","Orichalcum","Disarm","Inflame","OrangePellets","Regen Potion"],"campfire_rested":0,"item_purchase_floors":[4,22,22,22,22,22,30,38,45],"current_hp_per_floor":[87,88,88,88,87,87,74,74,74,75,71,71,71,58,58,49,78,74,42,47,52,52,41,41,26,26,24,29,34,34,26,26,49,78,82,82,87,87,64,56,56,49,49,23,23,23,0,0],"gold":39,"neow_bonus":"TEN_PERCENT_HP_BONUS","is_daily":false,"chose_seed":false,"campfire_upgraded":8,"win_rate":0.0,"timestamp":1609720856,"path_taken":["M","M","?","?","M","R","E","R","T","M","E","R","?","E","R","BOSS","M","?","?","M","$","E","R","E","T","M","M","?","$","E","R","BOSS","M","?","?","?","M","E","R","M","T","M","?","R","M"],"items_purchased_type":["Card","Card","Card","Card","Relic","Card","Card","Relic","Potion"],"build_version":"2020-12-22","purchased_purges":1,"victory":false,"max_hp_per_floor":[88,88,88,88,88,88,88,88,88,88,88,88,88,88,88,88,88,88,88,88,88,88,88,88,88,88,88,88,88,88,88,88,88,88,88,88,88,88,88,88,88,88,88,88,88,88,88,88],"relic_stats":{"Darkstone Periapt":0,"OrangePellets":[3],"Lizard Tail":44,"counters":[25,113],"Art of War":[4],"Champion Belt":[22],"Orichalcum":[192],"Boot":[101],"MawBank":156,"obtain_stats":[{"Potion Belt":7,"Darkstone Periapt":11,"Vajra":43,"Orichalcum":22,"Boot":3,"MawBank":9,"Burning Blood":0,"OrangePellets":38,"Bottled Flame":25,"Lizard Tail":31,"Philosopher\u0027s Stone":17,"Mark of Pain":34,"Red Mask":19,"Art of War":26,"Champion Belt":14,"Toy Ornithopter":23,"Paper Frog":40},{"Potion Belt":4,"Darkstone Periapt":6,"Vajra":23,"Orichalcum":11,"Boot":2,"MawBank":4,"Burning Blood":0,"OrangePellets":20,"Bottled Flame":13,"Lizard Tail":17,"Philosopher\u0027s Stone":8,"Mark of Pain":18,"Red Mask":10,"Art of War":13,"Champion Belt":7,"Toy Ornithopter":12,"Paper Frog":22},{"Potion Belt":17,"Darkstone Periapt":26,"Vajra":104,"Orichalcum":49,"Boot":6,"MawBank":17,"Burning Blood":0,"OrangePellets":88,"Bottled Flame":62,"Lizard Tail":76,"Philosopher\u0027s Stone":38,"Mark of Pain":84,"Red Mask":45,"Art of War":62,"Champion Belt":30,"Toy Ornithopter":55,"Paper Frog":99}],"Burning Blood":140,"Toy Ornithopter":45},"card_choices":[{"not_picked":["Ghostly Armor","Perfected Strike"],"picked":"Twin Strike","floor":1.0},{"not_picked":["Shockwave","Sentinel"],"picked":"Iron Wave","floor":2.0},{"not_picked":["Thunderclap","Carnage"],"picked":"Metallicize","floor":5.0},{"not_picked":["Carnage","Sentinel"],"picked":"Combust","floor":7.0},{"not_picked":["Clash","Dropkick","Flame Barrier"],"picked":"SKIP","floor":10.0},{"not_picked":["Clash","Intimidate"],"picked":"Inflame","floor":11.0},{"not_picked":["Barricade","Dark Embrace"],"picked":"Pummel","floor":14.0},{"not_picked":["Exhume","Bludgeon"],"picked":"Limit Break","floor":16.0},{"not_picked":["Iron Wave","Heavy Blade"],"picked":"Disarm","floor":18.0},{"not_picked":["Dropkick","Iron Wave+1"],"picked":"Power Through+1","floor":21.0},{"not_picked":["Sentinel","Impervious"],"picked":"Whirlwind+1","floor":23.0},{"not_picked":["Sentinel","Entrench+1","Berserk"],"picked":"SKIP","floor":25.0},{"not_picked":["Burning Pact","Intimidate"],"picked":"Heavy Blade+1","floor":27.0},{"not_picked":["Iron Wave","Blood for Blood","Flex+1"],"picked":"SKIP","floor":28.0},{"not_picked":["Armaments","Clash","True Grit"],"picked":"SKIP","floor":29.0},{"not_picked":["Uppercut","Hemokinesis+1","Sentinel"],"picked":"SKIP","floor":31.0},{"not_picked":["Bludgeon","Barricade"],"picked":"Limit Break","floor":33.0},{"not_picked":["Heavy Blade","Anger+1"],"picked":"Dual Wield","floor":35},{"not_picked":["Rage+1","Armaments+1","Body Slam+1"],"picked":"SKIP","floor":37},{"not_picked":["Rampage+1","Warcry+1","Body Slam"],"picked":"SKIP","floor":39},{"not_picked":["Armaments+1","Reckless Charge+1","Clothesline+1"],"picked":"SKIP","floor":40},{"not_picked":["Flex+1","Twin Strike"],"picked":"Spot Weakness","floor":42},{"not_picked":["Flex","Hemokinesis","Rage+1"],"picked":"SKIP","floor":44}],"player_experience":385727,"relics_obtained":[{"floor":7.0,"key":"Potion Belt"},{"floor":9.0,"key":"MawBank"},{"floor":11.0,"key":"Darkstone Periapt"},{"floor":14.0,"key":"Champion Belt"},{"floor":19.0,"key":"Red Mask"},{"floor":23.0,"key":"Toy Ornithopter"},{"floor":25.0,"key":"Bottled Flame"},{"floor":26.0,"key":"Art of War"},{"floor":31.0,"key":"Lizard Tail"},{"floor":40,"key":"Paper Frog"},{"floor":43,"key":"Vajra"}],"event_choices":[{"damage_healed":0.0,"max_hp_gain":0.0,"max_hp_loss":0.0,"gold_gain":0.0,"event_name":"WeMeetAgain","player_choice":"Gave Potion","floor":3.0,"gold_loss":0.0,"damage_taken":0.0,"relics_obtained":["Boot"]},{"damage_healed":0.0,"max_hp_gain":0.0,"max_hp_loss":0.0,"gold_gain":0.0,"event_name":"World of Goop","player_choice":"Left Gold","floor":13.0,"gold_loss":25.0,"damage_taken":0.0},{"damage_healed":0.0,"max_hp_gain":0.0,"max_hp_loss":0.0,"gold_gain":0.0,"event_name":"Masked Bandits","player_choice":"Fought Bandits","floor":19.0,"gold_loss":0.0,"damage_taken":0.0},{"cards_removed":["Iron Wave"],"damage_healed":5.0,"max_hp_gain":0.0,"max_hp_loss":0.0,"gold_gain":0.0,"event_name":"Bonfire Elementals","player_choice":"Offered Common","floor":20.0,"gold_loss":0.0,"damage_taken":0.0},{"cards_removed":["Iron Wave"],"damage_healed":5.0,"max_hp_gain":0.0,"max_hp_loss":0.0,"gold_gain":0.0,"event_name":"Bonfire Elementals","player_choice":"Offered Special","floor":20.0,"gold_loss":0.0,"damage_taken":0.0},{"damage_healed":0,"gold_gain":0,"player_choice":"2 cards matched","damage_taken":0,"max_hp_gain":0,"max_hp_loss":0,"event_name":"Match and Keep!","floor":36,"gold_loss":0,"cards_obtained":["Reaper","Rampage"]}],"is_beta":false,"boss_relics":[{"not_picked":["Sozu","Calling Bell"],"picked":"Philosopher\u0027s Stone"},{"not_picked":["Black Blood","Pandora\u0027s Box"],"picked":"Mark of Pain"}],"items_purged_floors":[45],"is_endless":false,"potions_floor_spawned":[1,10,14,16,18,21,27,28,33,37,39,40],"killed_by":"Writhing Mass","ascension_level":5}}