{"host":"s1gi8xs3so6zkrm7","time":1609719630,"event":{"mods":["BaseMod","Filter the Spire","Minty Spire (QoL Compilation)"],"gold_per_floor":[110,70,87,262,279,279,4,4,30,30,44,44,75,91,91,91,91],"floor_reached":16,"playtime":850,"items_purged":["Doubt"],"score":130,"play_id":"9e0eccbc-7d5f-45f7-bd6d-f09c6d9fe5b3","local_time":"20210103182030","is_ascension_mode":true,"campfire_choices":[{"data":"Burning Pact","floor":6,"key":"SMITH"},{"data":"Demon Form","floor":8,"key":"SMITH"},{"data":"Flame Barrier","floor":10,"key":"SMITH"},{"floor":12,"key":"REST"},{"floor":15,"key":"REST"}],"circlet_count":0,"master_deck":["Strike_R","Strike_R","Strike_R","Strike_R","Strike_R","Defend_R","Defend_R","Defend_R","Defend_R","Bash","Burning Pact+1","Flame Barrier+1","Shrug It Off","Demon Form+1","Twin Strike","Armaments","Reaper","Flex"],"relics":["SacredBark","Orichalcum","Matryoshka"],"acts_visited":["Exordium"],"potions_floor_usage":[13,16,16,16],"damage_taken":[{"damage":0,"enemies":"2 Louse","floor":1,"turns":3},{"damage":14,"enemies":"Cultist","floor":3,"turns":5},{"damage":15,"enemies":"Small Slimes","floor":5,"turns":5},{"damage":0,"enemies":"2 Fungi Beasts","floor":11,"turns":4},{"damage":21,"enemies":"Lagavulin","floor":13,"turns":5},{"damage":0,"enemies":"Large Slime","floor":14,"turns":4},{"damage":88,"enemies":"Hexaghost","floor":16,"turns":16}],"seed_played":"-9026667876363896508","potions_obtained":[{"floor":2,"key":"Fire Potion"},{"floor":2,"key":"SneckoOil"},{"floor":2,"key":"BloodPotion"},{"floor":3,"key":"EssenceOfSteel"},{"floor":14,"key":"ColorlessPotion"}],"is_trial":false,"path_per_floor":["M","?","M","?","M","R","$","R","T","R","M","R","E","M","R","B"],"character_chosen":"IRONCLAD","items_purchased":["Demon Form","Twin Strike"],"campfire_rested":2,"item_purchase_floors":[7,7],"current_hp_per_floor":[72,72,58,58,43,43,43,43,43,43,43,67,46,46,70,19,19],"gold":91,"neow_bonus":"BOSS_RELIC","is_daily":false,"chose_seed":false,"campfire_upgraded":3,"win_rate":0.0,"timestamp":1609719630,"path_taken":["M","?","?","?","M","R","$","R","T","R","M","R","E","M","R","BOSS"],"items_purchased_type":["Card","Card"],"build_version":"2020-12-22","purchased_purges":1,"victory":false,"max_hp_per_floor":[80,80,80,80,80,80,80,80,80,80,80,80,80,80,80,80,80],"card_choices":[{"not_picked":["Anger","Ghostly Armor"],"picked":"Burning Pact","floor":1},{"not_picked":["Spot Weakness","Havoc"],"picked":"Flame Barrier","floor":3},{"not_picked":["Body Slam","Shockwave"],"picked":"Shrug It Off","floor":5},{"not_picked":["Heavy Blade","Searing Blow"],"picked":"Armaments","floor":11},{"not_picked":["Thunderclap","Bloodletting"],"picked":"Reaper","floor":13},{"not_picked":["Evolve","Perfected Strike"],"picked":"Flex","floor":14}],"player_experience":245060,"relics_obtained":[{"floor":9,"key":"Orichalcum"},{"floor":13,"key":"Matryoshka"}],"event_choices":[{"damage_healed":0,"gold_gain":0,"player_choice":"Bought 3 Potions","damage_taken":0,"max_hp_gain":0,"max_hp_loss":0,"event_name":"The Woman in Blue","floor":2,"gold_loss":0},{"damage_healed":0,"gold_gain":175,"player_choice":"AGREE","damage_taken":0,"max_hp_gain":0,"max_hp_loss":0,"event_name":"Liars Game","floor":4,"gold_loss":0,"cards_obtained":["Doubt"]}],"is_beta":false,"boss_relics":[],"items_purged_floors":[7],"is_endless":false,"potions_floor_spawned":[3,11,14],"killed_by":"Hexaghost","ascension_level":6}}