{"host":"h0xw20cia6ppa69g","time":1609759881,"event":{"mods":["AchievementEnabler","BaseMod","Colored Map","Filter the Spire","Googly Eyes","Minty Spire (QoL Compilation)","Relic Stats","StSLib","The Awakened One except there are too many feathers","everything is the same but u backflip on backflip"],"gold_per_floor":[113,113,128,128,139,174,191,216,239,257,257,276,276,302,302,399,399,412,412,427,26,41,69,69,104,131,162,362,373,390,425,437,548,560,590,619,906,566,577,608,621,621,621,621,621,640,674,693,693,693,693,693,342,370,370],"floor_reached":56,"playtime":3909,"items_purged":["Quick Slash"],"score":1463,"play_id":"7e1dae1e-aa7a-4175-8e2c-7a295b7d5dd7","local_time":"20210104053121","is_ascension_mode":true,"campfire_choices":[{"data":"Malaise","floor":11.0,"key":"SMITH"},{"data":"Phantasmal Killer","floor":13.0,"key":"SMITH"},{"data":"Finisher","floor":15.0,"key":"SMITH"},{"data":"Wraith Form v2","floor":24.0,"key":"SMITH"},{"floor":32.0,"key":"REST"},{"floor":42,"key":"RECALL"},{"data":"1","floor":45,"key":"LIFT"},{"data":"2","floor":49,"key":"LIFT"},{"data":"Well Laid Plans","floor":52,"key":"SMITH"}],"circlet_count":0,"master_deck":["Survivor","Phantasmal Killer+1","Poisoned Stab+1","Burst+1","Skewer+1","Malaise+1","Corpse Explosion","Finisher+1","Crippling Poison","Cloak And Dagger","Terror","Backflip","Dash+1","Malaise","Blur+1","Blade Dance","Wraith Form v2+1","Night Terror+1","Concentrate+1","Quick Slash+1","Noxious Fumes+1","Blade Dance","Well Laid Plans+1","Backflip+1","Deflect+1","Dash","Dodge and Roll","PiercingWail+1","Tools of the Trade","Footwork","Reflex","Terror","Night Terror+1","Blade Dance","Finisher+1","Night Terror","Secret Technique","Acrobatics"],"relics":["Pandora\u0027s Box","Dream Catcher","Bronze Scales","Blood Vial","Omamori","Astrolabe","Necronomicon","Membership Card","Turnip","Girya","Strawberry","Bag of Preparation","MawBank","Snecko Eye","Bag of Marbles","Snake Skull","Lee\u0027s Waffle","Anchor","Mummified Hand","Darkstone Periapt","Sling","Centennial Puzzle","War Paint","Whetstone"],"acts_visited":["Exordium","TheCity","TheBeyond","TheEnding"],"potions_floor_usage":[50,54,55,55,55],"damage_taken":[{"damage":0.0,"enemies":"Cultist","floor":1.0,"turns":3.0},{"damage":7.0,"enemies":"Small Slimes","floor":3.0,"turns":2.0},{"damage":0.0,"enemies":"2 Louse","floor":5.0,"turns":1.0},{"damage":18.0,"enemies":"3 Sentries","floor":6.0,"turns":6.0},{"damage":12.0,"enemies":"Large Slime","floor":7.0,"turns":4.0},{"damage":5.0,"enemies":"Lagavulin","floor":8.0,"turns":6.0},{"damage":5.0,"enemies":"Exordium Thugs","floor":10.0,"turns":3.0},{"damage":0.0,"enemies":"2 Fungi Beasts","floor":12.0,"turns":2.0},{"damage":5.0,"enemies":"3 Sentries","floor":14.0,"turns":3.0},{"damage":0.0,"enemies":"Hexaghost","floor":16.0,"turns":6.0},{"damage":20.0,"enemies":"2 Thieves","floor":18.0,"turns":2.0},{"damage":0.0,"enemies":"3 Byrds","floor":20.0,"turns":3.0},{"damage":13.0,"enemies":"Cultist and Chosen","floor":22.0,"turns":6.0},{"damage":17.0,"enemies":"Slavers","floor":23.0,"turns":3.0},{"damage":14.0,"enemies":"Book of Stabbing","floor":25.0,"turns":8.0},{"damage":29.0,"enemies":"Slavers","floor":27.0,"turns":3.0},{"damage":0.0,"enemies":"Shelled Parasite and Fungi","floor":29.0,"turns":4.0},{"damage":0.0,"enemies":"Snake Plant","floor":30.0,"turns":5.0},{"damage":0.0,"enemies":"Gremlin Leader","floor":31.0,"turns":5.0},{"damage":2.0,"enemies":"Collector","floor":33.0,"turns":8.0},{"damage":20.0,"enemies":"3 Darklings","floor":35.0,"turns":3.0},{"damage":0.0,"enemies":"3 Shapes","floor":36.0,"turns":3.0},{"damage":0,"enemies":"Maw","floor":39,"turns":7},{"damage":1,"enemies":"Giant Head","floor":40,"turns":9},{"damage":0,"enemies":"3 Darklings","floor":41,"turns":2},{"damage":0,"enemies":"4 Shapes","floor":46,"turns":5},{"damage":1,"enemies":"Nemesis","floor":47,"turns":4},{"damage":1,"enemies":"Maw","floor":48,"turns":7},{"damage":79,"enemies":"Awakened One","floor":50,"turns":18},{"damage":6,"enemies":"Shield and Spear","floor":54,"turns":5},{"damage":74,"enemies":"The Heart","floor":55,"turns":12}],"seed_played":"839830896059420050","potions_obtained":[{"floor":1.0,"key":"DuplicationPotion"},{"floor":3.0,"key":"PowerPotion"},{"floor":6.0,"key":"PowerPotion"},{"floor":7.0,"key":"Explosive Potion"},{"floor":14.0,"key":"Fruit Juice"},{"floor":18.0,"key":"Ancient Potion"},{"floor":27.0,"key":"LiquidMemories"},{"floor":30.0,"key":"ColorlessPotion"},{"floor":39,"key":"SteroidPotion"},{"floor":54,"key":"SpeedPotion"}],"is_trial":false,"path_per_floor":["M","?","M","?","M","E","M","E","T","M","R","M","R","E","R","B",null,"M","?","M","$","M","E","R","E","T","E","?","M","M","E","R","B",null,"M","M","?","$","M","E","M","R","T","?","R","M","E","M","R","B",null,"R","$","E","B",null],"character_chosen":"THE_SILENT","items_purchased":["Membership Card","Turnip","Well Laid Plans","Regen Potion","Backflip","Reflex","Bag of Marbles","Snake Skull","Lee\u0027s Waffle","SteroidPotion","Energy Potion","Sling","Centennial Puzzle","War Paint","Secret Technique","Swift Potion"],"campfire_rested":1,"item_purchase_floors":[21,21,21,21,21,38,38,38,38,38,38,53,53,53,53,53],"current_hp_per_floor":[70,75,68,53,53,35,23,18,18,15,15,17,17,14,14,16,75,60,44,46,46,50,35,35,30,30,3,3,5,7,9,35,35,87,67,69,69,94,94,93,94,94,94,94,94,94,93,93,93,15,94,94,94,88,16],"gold":370,"neow_bonus":"BOSS_RELIC","is_daily":false,"chose_seed":false,"campfire_upgraded":5,"win_rate":0.0,"timestamp":1609759881,"path_taken":["M","?","M","?","M","E","M","E","T","M","R","M","R","E","R","BOSS","M","?","M","$","M","E","R","E","T","E","?","?","M","E","R","BOSS","M","M","?","$","M","E","?","R","T","?","R","M","E","M","R","BOSS","R","$","E","BOSS"],"items_purchased_type":["Relic","Relic","Card","Potion","Card","Card","Relic","Relic","Relic","Potion","Potion","Relic","Relic","Relic","Card","Potion"],"build_version":"2020-12-22","purchased_purges":1,"victory":true,"max_hp_per_floor":[70,75,75,75,75,75,75,75,75,75,75,75,75,75,75,75,75,80,80,80,80,80,80,80,87,87,87,87,87,87,87,87,87,87,87,87,87,94,94,94,94,94,94,94,94,94,94,94,94,94,94,94,94,94,94],"relic_stats":{"Darkstone Periapt":0,"Lee\u0027s Waffle":25,"counters":[31,158],"Astrolabe":["Night Terror","Concentrate","Quick Slash"],"Snake Skull":[74],"Bag of Preparation":[30],"Whetstone":["Dash","Skewer"],"War Paint":["Backflip","Blur"],"MawBank":84,"Blood Vial":33,"Dream Catcher":1,"Centennial Puzzle":[6],"Mummified Hand":[43],"Bronze Scales":[585],"Snecko Eye":[138,144,138,134],"Pandora\u0027s Box":["Phantasmal Killer","Poisoned Stab","Flechettes","Quick Slash","Burst","Skewer","Dagger Spray","Malaise","Corpse Explosion","Finisher"],"Turnip":[15],"Necronomicon":[36],"obtain_stats":[{"Darkstone Periapt":47,"Snake Skull":38,"Bag of Preparation":27,"Whetstone":54,"Sling":53,"Blood Vial":9,"Dream Catcher":6,"Centennial Puzzle":53,"Mummified Hand":43,"Strawberry":25,"Necronomicon":19,"Ring of the Snake":0,"Girya":23,"Lee\u0027s Waffle":38,"Astrolabe":17,"Omamori":14,"War Paint":53,"MawBank":31,"Anchor":40,"Bronze Scales":8,"Snecko Eye":34,"Pandora\u0027s Box":0,"Turnip":21,"Bag of Marbles":38,"Membership Card":21},{"Darkstone Periapt":27,"Snake Skull":22,"Bag of Preparation":16,"Whetstone":30,"Sling":29,"Blood Vial":6,"Dream Catcher":4,"Centennial Puzzle":29,"Mummified Hand":25,"Strawberry":15,"Necronomicon":11,"Ring of the Snake":0,"Girya":14,"Lee\u0027s Waffle":22,"Astrolabe":10,"Omamori":9,"War Paint":29,"MawBank":19,"Anchor":24,"Bronze Scales":6,"Snecko Eye":20,"Pandora\u0027s Box":0,"Turnip":12,"Bag of Marbles":22,"Membership Card":12},{"Darkstone Periapt":116,"Snake Skull":89,"Bag of Preparation":61,"Whetstone":146,"Sling":141,"Blood Vial":22,"Dream Catcher":12,"Centennial Puzzle":141,"Mummified Hand":107,"Strawberry":58,"Necronomicon":38,"Ring of the Snake":0,"Girya":50,"Lee\u0027s Waffle":89,"Astrolabe":36,"Omamori":30,"War Paint":141,"MawBank":75,"Anchor":105,"Bronze Scales":22,"Snecko Eye":83,"Pandora\u0027s Box":0,"Turnip":41,"Bag of Marbles":89,"Membership Card":41}]},"card_choices":[{"not_picked":["Choke","Outmaneuver"],"picked":"Crippling Poison","floor":1.0},{"not_picked":["Reflex","Flying Knee"],"picked":"Cloak And Dagger","floor":3.0},{"not_picked":["Deadly Poison","Acrobatics"],"picked":"Terror","floor":5.0},{"not_picked":["Endless Agony","Acrobatics"],"picked":"Backflip","floor":6.0},{"not_picked":["Dagger Throw","Poisoned Stab"],"picked":"Dash","floor":7.0},{"not_picked":["Endless Agony","Sucker Punch"],"picked":"Malaise","floor":8.0},{"not_picked":["Flying Knee","Dagger Spray","Quick Slash"],"picked":"SKIP","floor":10.0},{"not_picked":["Cloak And Dagger","Terror"],"picked":"Blur","floor":12.0},{"not_picked":["Tools of the Trade","Deadly Poison"],"picked":"Blade Dance","floor":14.0},{"not_picked":["Unload","Malaise"],"picked":"Wraith Form v2","floor":16.0},{"not_picked":["Slice","Skewer+1"],"picked":"Noxious Fumes+1","floor":18.0},{"not_picked":["Calculated Gamble","Endless Agony+1"],"picked":"Blade Dance","floor":20.0},{"not_picked":["Calculated Gamble+1","Choke"],"picked":"Deflect+1","floor":22.0},{"not_picked":["Catalyst","Infinite Blades+1","Eviscerate"],"picked":"SKIP","floor":23.0},{"not_picked":["Prepared","Quick Slash"],"picked":"Dash","floor":25.0},{"not_picked":["Finisher","Masterful Stab+1","Flying Knee"],"picked":"SKIP","floor":27.0},{"not_picked":["Expertise","Dagger Spray","Slice"],"picked":"SKIP","floor":29.0},{"not_picked":["Poisoned Stab+1","Underhanded Strike"],"picked":"Dodge and Roll","floor":30.0},{"not_picked":["Tools of the Trade","Distraction","Prepared"],"picked":"SKIP","floor":31.0},{"not_picked":["Flying Knee+1","Tactician"],"picked":"PiercingWail+1","floor":32.0},{"not_picked":["Corpse Explosion","Doppelganger"],"picked":"Tools of the Trade","floor":33.0},{"not_picked":["Flying Knee","PiercingWail","Noxious Fumes"],"picked":"SKIP","floor":35.0},{"not_picked":["Underhanded Strike+1","Backstab"],"picked":"Footwork","floor":36.0},{"not_picked":["Flying Knee","Deadly Poison","All Out Attack"],"picked":"SKIP","floor":39},{"not_picked":["Noxious Fumes","Flechettes","Deadly Poison+1"],"picked":"SKIP","floor":40},{"not_picked":["Slice","Dagger Spray"],"picked":"Terror","floor":41},{"not_picked":["Outmaneuver","Tools of the Trade"],"picked":"Blade Dance","floor":46},{"not_picked":["Catalyst+1","Quick Slash+1"],"picked":"Finisher+1","floor":47},{"not_picked":["Dagger Spray","Deflect"],"picked":"Night Terror","floor":48},{"not_picked":["All Out Attack+1","Grand Finale"],"picked":"Acrobatics","floor":54}],"player_experience":3612994,"relics_obtained":[{"floor":6.0,"key":"Dream Catcher"},{"floor":8.0,"key":"Bronze Scales"},{"floor":9.0,"key":"Blood Vial"},{"floor":14.0,"key":"Omamori"},{"floor":19.0,"key":"Necronomicon"},{"floor":23.0,"key":"Girya"},{"floor":25.0,"key":"Strawberry"},{"floor":27.0,"key":"Bag of Preparation"},{"floor":31.0,"key":"MawBank"},{"floor":40,"key":"Anchor"},{"floor":43,"key":"Mummified Hand"},{"floor":47,"key":"Darkstone Periapt"},{"floor":54,"key":"Whetstone"}],"event_choices":[{"damage_healed":0.0,"max_hp_gain":5.0,"max_hp_loss":0.0,"gold_gain":0.0,"event_name":"Big Fish","player_choice":"Donut","floor":2.0,"gold_loss":0.0,"damage_taken":0.0},{"damage_healed":0.0,"max_hp_gain":0.0,"max_hp_loss":0.0,"gold_gain":0.0,"event_name":"Shining Light","player_choice":"Entered Light","floor":4.0,"gold_loss":0.0,"damage_taken":15.0,"cards_upgraded":["Poisoned Stab","Burst"]},{"damage_healed":0.0,"max_hp_gain":0.0,"max_hp_loss":0.0,"gold_gain":0.0,"event_name":"Cursed Tome","player_choice":"Obtained Book","floor":19.0,"gold_loss":0.0,"damage_taken":16.0},{"damage_healed":0.0,"max_hp_gain":0.0,"max_hp_loss":0.0,"gold_gain":250.0,"event_name":"The Joust","player_choice":"Bet on Owner","floor":28.0,"gold_loss":50.0,"damage_taken":0.0},{"damage_healed":0.0,"max_hp_gain":0.0,"max_hp_loss":0.0,"gold_gain":275.0,"event_name":"Golden Shrine","player_choice":"Desecrate","floor":37.0,"gold_loss":0.0,"damage_taken":0.0,"cards_obtained":["Regret"]},{"damage_healed":0,"gold_gain":0,"player_choice":"Copied","damage_taken":0,"max_hp_gain":0,"max_hp_loss":0,"event_name":"Duplicator","floor":44,"gold_loss":0,"cards_obtained":["Night Terror"]}],"is_beta":false,"boss_relics":[{"not_picked":["Ectoplasm","SlaversCollar"],"picked":"Astrolabe"},{"not_picked":["Empty Cage","Sozu"],"picked":"Snecko Eye"}],"items_purged_floors":[38],"is_endless":false,"potions_floor_spawned":[1,3,6,7,14,18,20,27,30,39,41,48,54],"ascension_level":1}}