{"host":"gx7yyrn1gkym3qpb","time":1609755990,"event":{"mods":["AchievementEnabler","BaseMod","Better Altar","Better Match","Better Note","Better Sensory Stone","Better Skull","Better Third Choice","Highlight Path","Minty Spire (QoL Compilation)","Permanent Neow","Quick Restart","StSLib","Unceasing Turn Reminder"],"gold_per_floor":[114,129,204,224,239,269,269,269,269,284,155,166,166,200,200,276,276,290,290,301,301,318,318,337,368,368,378,378,405,433,445,445,523,523,543,554,554,554,776,808,808,226,251,283,329,165,179,214,214,214,214,214,42,69,69,69],"floor_reached":55,"playtime":3229,"items_purged":["Strike_B","Strike_B"],"score":1924,"play_id":"d76224f8-9c04-43d4-884d-30c527086e91","local_time":"20210104052630","is_ascension_mode":true,"campfire_choices":[{"data":"Rainbow","floor":8.0,"key":"SMITH"},{"data":"Defragment","floor":15.0,"key":"SMITH"},{"data":"Defragment","floor":23,"key":"SMITH"},{"data":"Loop","floor":28,"key":"SMITH"},{"data":"Glacier","floor":32,"key":"SMITH"},{"data":"Cold Snap","floor":41,"key":"SMITH"},{"floor":49,"key":"RECALL"},{"data":"Conserve Battery","floor":52,"key":"SMITH"}],"circlet_count":0,"master_deck":["AscendersBane","Defend_B","Defend_B","Defend_B","Defend_B+1","Zap+1","Dualcast","Compile Driver","Conserve Battery+1","Glacier+1","Cold Snap+1","Rainbow+1","Leap+1","White Noise+1","Defragment+1","Echo Form","Defragment+1","Rainbow+1","Loop+1","Multi-Cast+1","Echo Form"],"relics":["Cracked Core","DataDisk","Centennial Puzzle","Toxic Egg 2","Bottled Lightning","Mummified Hand","Nuclear Battery","Pen Nib","Kunai","Red Mask","Torii","Busted Crown","Cables","Gambling Chip","Medical Kit","Oddly Smooth Stone","Pocketwatch","DollysMirror","StoneCalendar","War Paint","Orichalcum"],"acts_visited":["Exordium","TheCity","TheBeyond","TheEnding"],"potions_floor_usage":[29,40,55,55],"damage_taken":[{"damage":1.0,"enemies":"Cultist","floor":1.0,"turns":3.0},{"damage":4.0,"enemies":"Jaw Worm","floor":2.0,"turns":4.0},{"damage":0.0,"enemies":"2 Louse","floor":4.0,"turns":2.0},{"damage":0.0,"enemies":"Looter","floor":5.0,"turns":4.0},{"damage":36.0,"enemies":"Gremlin Nob","floor":6.0,"turns":6.0},{"damage":0.0,"enemies":"3 Louse","floor":10.0,"turns":3.0},{"damage":7.0,"enemies":"Gremlin Gang","floor":12.0,"turns":6.0},{"damage":0.0,"enemies":"Lagavulin","floor":14.0,"turns":7.0},{"damage":0.0,"enemies":"The Guardian","floor":16.0,"turns":10.0},{"damage":0,"enemies":"Chosen","floor":18,"turns":4},{"damage":0,"enemies":"Spheric Guardian","floor":20,"turns":6},{"damage":5,"enemies":"Cultist and Chosen","floor":22,"turns":7},{"damage":0,"enemies":"3 Cultists","floor":24,"turns":5},{"damage":5,"enemies":"Book of Stabbing","floor":25,"turns":6},{"damage":14,"enemies":"Centurion and Healer","floor":27,"turns":4},{"damage":5,"enemies":"Masked Bandits","floor":29,"turns":4},{"damage":10,"enemies":"Gremlin Leader","floor":30,"turns":6},{"damage":1,"enemies":"Shelled Parasite and Fungi","floor":31,"turns":5},{"damage":0,"enemies":"Champ","floor":33,"turns":8},{"damage":1,"enemies":"3 Darklings","floor":35,"turns":4},{"damage":7,"enemies":"3 Shapes","floor":36,"turns":3},{"damage":0,"enemies":"Nemesis","floor":40,"turns":9},{"damage":14,"enemies":"Giant Head","floor":44,"turns":9},{"damage":14,"enemies":"2 Orb Walkers","floor":45,"turns":4},{"damage":1,"enemies":"Writhing Mass","floor":47,"turns":3},{"damage":0,"enemies":"Nemesis","floor":48,"turns":5},{"damage":0,"enemies":"Time Eater","floor":50,"turns":17},{"damage":31,"enemies":"Shield and Spear","floor":54,"turns":5},{"damage":53,"enemies":"The Heart","floor":55,"turns":2}],"seed_played":"-4135160295168146346","potions_obtained":[{"floor":2.0,"key":"DistilledChaos"},{"floor":5.0,"key":"GamblersBrew"},{"floor":14.0,"key":"DistilledChaos"},{"floor":18,"key":"FocusPotion"},{"floor":31,"key":"ColorlessPotion"},{"floor":40,"key":"GamblersBrew"}],"is_trial":false,"path_per_floor":["M","M","?","M","M","E","?","R","T","M","$","M","T","E","R","B",null,"M","?","M","?","M","R","M","E","T","M","R","?","E","M","R","B",null,"M","M","?","?","?","E","R","$","T","E","?","$","M","E","R","B",null,"R","$","E","B"],"character_chosen":"DEFECT","items_purchased":["FocusPotion","Gambling Chip","Medical Kit","DollysMirror","War Paint"],"campfire_rested":0,"item_purchase_floors":[11,42,42,46,53],"current_hp_per_floor":[63,59,48,48,48,12,12,12,12,12,12,5,5,5,5,5,55,55,55,55,55,50,50,50,45,45,31,31,26,16,15,15,15,57,56,49,49,49,49,49,49,49,49,35,21,21,20,20,20,20,55,55,55,24,0,0],"gold":69,"neow_bonus":"RANDOM_COMMON_RELIC","is_daily":false,"chose_seed":false,"campfire_upgraded":7,"win_rate":0.0,"timestamp":1609755990,"path_taken":["M","M","?","M","M","E","?","R","T","M","$","M","?","E","R","BOSS","M","?","M","?","M","R","M","E","T","?","R","?","E","M","R","BOSS","M","M","?","?","?","E","R","$","T","E","?","$","M","E","R","BOSS","R","$","E","BOSS"],"items_purchased_type":["Potion","Relic","Relic","Relic","Relic"],"build_version":"2020-12-22","purchased_purges":2,"victory":false,"max_hp_per_floor":[71,71,71,71,71,71,71,71,71,71,71,71,71,71,71,71,71,71,71,71,71,71,71,71,71,71,71,71,71,71,71,71,71,71,71,71,71,67,67,67,67,67,67,67,67,67,67,67,67,67,67,67,67,67,67,67],"card_choices":[{"not_picked":["Leap","Go for the Eyes"],"picked":"Compile Driver","floor":1.0},{"not_picked":["Go for the Eyes","Tempest"],"picked":"Conserve Battery","floor":2.0},{"not_picked":["BootSequence","Gash"],"picked":"Glacier","floor":4.0},{"not_picked":["Storm","Auto Shields"],"picked":"Cold Snap","floor":5.0},{"not_picked":["Thunder Strike","Force Field"],"picked":"Rainbow","floor":6.0},{"not_picked":["Cold Snap","Hello World"],"picked":"Leap+1","floor":10.0},{"not_picked":["Beam Cell","Go for the Eyes"],"picked":"White Noise+1","floor":12.0},{"not_picked":["Lockon","Hello World"],"picked":"Defragment","floor":14.0},{"not_picked":["Meteor Strike","Electrodynamics"],"picked":"Echo Form","floor":16.0},{"not_picked":["Steam+1","Cold Snap","Auto Shields+1"],"picked":"SKIP","floor":18},{"not_picked":["Auto Shields+1","Steam Power+1","Redo+1"],"picked":"SKIP","floor":20},{"not_picked":["Hologram+1","Stack+1","Blizzard"],"picked":"SKIP","floor":22},{"not_picked":["Chill+1","Hello World","Cold Snap"],"picked":"SKIP","floor":24},{"not_picked":["Coolheaded+1","Scrape+1"],"picked":"Rainbow+1","floor":25},{"not_picked":["Leap+1","Doom and Gloom"],"picked":"Loop","floor":27},{"not_picked":["Skim+1","Steam+1","Leap+1"],"picked":"SKIP","floor":30},{"not_picked":["Cold Snap","Stack+1","Compile Driver+1"],"picked":"SKIP","floor":31},{"not_picked":["Meteor Strike","Rainbow+1"],"picked":"Multi-Cast+1","floor":33},{"not_picked":["Streamline+1"],"picked":"SKIP","floor":35},{"not_picked":["Undo+1"],"picked":"SKIP","floor":36},{"not_picked":["Reprogram+1"],"picked":"SKIP","floor":40},{"not_picked":["Redo+1"],"picked":"SKIP","floor":44},{"not_picked":["Blizzard"],"picked":"SKIP","floor":47},{"not_picked":["Redo+1"],"picked":"SKIP","floor":48},{"not_picked":["Leap+1"],"picked":"SKIP","floor":54}],"player_experience":386617,"relics_obtained":[{"floor":6.0,"key":"Centennial Puzzle"},{"floor":9.0,"key":"Toxic Egg 2"},{"floor":13.0,"key":"Bottled Lightning"},{"floor":14.0,"key":"Mummified Hand"},{"floor":25,"key":"Pen Nib"},{"floor":26,"key":"Kunai"},{"floor":29,"key":"Red Mask"},{"floor":30,"key":"Torii"},{"floor":40,"key":"Cables"},{"floor":44,"key":"Oddly Smooth Stone"},{"floor":45,"key":"Pocketwatch"},{"floor":48,"key":"StoneCalendar"},{"floor":54,"key":"Orichalcum"}],"event_choices":[{"damage_healed":0.0,"max_hp_gain":0.0,"max_hp_loss":0.0,"gold_gain":75.0,"event_name":"betterThird:BetterGoop","player_choice":"Gold","floor":3.0,"gold_loss":0.0,"damage_taken":11.0},{"damage_healed":0.0,"max_hp_gain":0.0,"max_hp_loss":0.0,"gold_gain":0.0,"event_name":"betterThird:BetterSerpent","player_choice":"Ignored","floor":7.0,"gold_loss":0.0,"damage_taken":269.0},{"damage_healed":0,"gold_gain":0,"cards_transformed":["Strike_B"],"player_choice":"Transformed","damage_taken":0,"max_hp_gain":0,"max_hp_loss":0,"event_name":"Transmorgrifier","floor":19,"gold_loss":0,"cards_obtained":["Defragment"]},{"cards_removed":["Echo Form"],"damage_healed":0,"gold_gain":0,"player_choice":"Give","damage_taken":0,"max_hp_gain":0,"max_hp_loss":0,"event_name":"betterNote:BetterNote","floor":21,"gold_loss":0,"cards_obtained":["None"]},{"damage_healed":0,"gold_gain":0,"player_choice":"Fought Bandits","damage_taken":0,"max_hp_gain":0,"max_hp_loss":0,"event_name":"Masked Bandits","floor":29,"gold_loss":0},{"cards_removed":["Strike_B"],"damage_healed":0,"gold_gain":0,"player_choice":"Removed Attack","damage_taken":0,"max_hp_gain":0,"max_hp_loss":0,"event_name":"Falling","floor":37,"gold_loss":0},{"damage_healed":0,"gold_gain":0,"player_choice":"Max HP","damage_taken":0,"max_hp_gain":0,"max_hp_loss":4,"event_name":"Winding Halls","floor":38,"gold_loss":0},{"damage_healed":0,"gold_gain":222,"player_choice":"Wore Mask","damage_taken":0,"max_hp_gain":0,"max_hp_loss":0,"event_name":"Tomb of Lord Red Mask","floor":39,"gold_loss":0},{"damage_healed":0,"gold_gain":0,"player_choice":"Fight","damage_taken":0,"max_hp_gain":0,"max_hp_loss":0,"event_name":"Mysterious Sphere","floor":45,"gold_loss":0}],"is_beta":false,"boss_relics":[{"not_picked":["Tiny House","Ectoplasm"],"picked":"Nuclear Battery"},{"not_picked":["Runic Dome","Astrolabe"],"picked":"Busted Crown"}],"items_purged_floors":[11,42],"is_endless":false,"potions_floor_spawned":[2,5,12,14,18,22,27,31,40,45,48],"killed_by":"The Heart","ascension_level":16}}