{"host":"2se5dq1do2gp0x9k","time":1609732066,"event":{"mods":["AchievementEnabler","BaseMod","Block Reminder","Colored Map","Colored Powertips","Minty Spire (QoL Compilation)","Relic Stats","StSLib","SuperFastMode"],"gold_per_floor":[111,124,124,124,30,30,56,56,56,74,85,85,103,178,178,178,178],"floor_reached":16,"playtime":481,"items_purged":[],"score":194,"play_id":"74bd6296-e9c8-47a3-8921-835b13b56f35","local_time":"20210103194746","is_ascension_mode":true,"campfire_choices":[{"data":"Prostrate","floor":6.0,"key":"SMITH"},{"data":"Wallop","floor":8.0,"key":"SMITH"},{"data":"Defend_P","floor":12.0,"key":"PURGE"},{"data":"Protect","floor":15.0,"key":"SMITH"}],"circlet_count":0,"master_deck":["AscendersBane","Strike_P","Strike_P","Strike_P","Defend_P","Defend_P","Defend_P","Eruption","Vigilance","Prostrate+1","Wallop+1","WaveOfTheHand","Blasphemy","Consecrate","CutThroughFate","Protect+1"],"relics":["PureWater","NeowsBlessing","Lantern","Peace Pipe","Matryoshka"],"acts_visited":["Exordium"],"potions_floor_usage":[],"damage_taken":[{"damage":0.0,"enemies":"Cultist","floor":1.0,"turns":1.0},{"damage":0.0,"enemies":"Small Slimes","floor":2.0,"turns":1.0},{"damage":0.0,"enemies":"Gremlin Nob","floor":7.0,"turns":1.0},{"damage":0.0,"enemies":"2 Louse","floor":10.0,"turns":3.0},{"damage":7.0,"enemies":"Lots of Slimes","floor":11.0,"turns":5.0},{"damage":0.0,"enemies":"3 Louse","floor":13.0,"turns":4.0},{"damage":40,"enemies":"The Guardian","floor":16,"turns":14}],"seed_played":"-6535649994438521539","potions_obtained":[{"floor":7.0,"key":"DistilledChaos"},{"floor":10.0,"key":"LiquidMemories"}],"is_trial":false,"path_per_floor":["M","M","?","?","?","R","E","R","T","M","M","R","M","?","R","B"],"character_chosen":"WATCHER","items_purchased":[],"campfire_rested":0,"item_purchase_floors":[],"current_hp_per_floor":[65,65,65,65,65,65,65,65,65,65,58,58,58,47,47,7,7],"gold":178,"neow_bonus":"THREE_ENEMY_KILL","is_daily":false,"chose_seed":false,"campfire_upgraded":3,"win_rate":0.0,"timestamp":1609732066,"path_taken":["M","M","?","?","?","R","E","R","T","M","?","R","M","?","R","BOSS"],"items_purchased_type":[],"build_version":"2020-12-22","purchased_purges":0,"victory":false,"max_hp_per_floor":[72,72,72,72,72,72,72,72,72,72,72,72,72,72,72,72,72],"relic_stats":{"Peace Pipe":1,"counters":[7,29],"obtain_stats":[{"Peace Pipe":7,"Lantern":5,"Matryoshka":9,"NeowsBlessing":0,"PureWater":0},{"Peace Pipe":3,"Lantern":2,"Matryoshka":3,"NeowsBlessing":0,"PureWater":0},{"Peace Pipe":3,"Lantern":2,"Matryoshka":3,"NeowsBlessing":0,"PureWater":0}]},"card_choices":[{"not_picked":["Halt","CrushJoints"],"picked":"Prostrate","floor":1.0},{"not_picked":["BowlingBash","CutThroughFate"],"picked":"Wallop","floor":2.0},{"not_picked":["FollowUp","EmptyBody"],"picked":"Blasphemy","floor":7.0},{"not_picked":["Protect","ClearTheMind"],"picked":"Consecrate","floor":10.0},{"not_picked":["BowlingBash","Nirvana"],"picked":"CutThroughFate","floor":11.0},{"not_picked":["CrushJoints","Crescendo"],"picked":"Protect","floor":13.0}],"player_experience":3760084,"relics_obtained":[{"floor":7.0,"key":"Peace Pipe"},{"floor":9.0,"key":"Matryoshka"}],"event_choices":[{"damage_healed":0.0,"max_hp_gain":0.0,"max_hp_loss":0.0,"gold_gain":0.0,"event_name":"The Cleric","player_choice":"Leave","floor":3.0,"gold_loss":0.0,"damage_taken":0.0},{"damage_healed":0.0,"max_hp_gain":0.0,"max_hp_loss":0.0,"gold_gain":0.0,"cards_transformed":["Strike_P"],"event_name":"Living Wall","player_choice":"Change","floor":4.0,"gold_loss":0.0,"damage_taken":0.0,"cards_obtained":["WaveOfTheHand"]},{"damage_healed":0.0,"max_hp_gain":0.0,"max_hp_loss":0.0,"gold_gain":0.0,"event_name":"WeMeetAgain","player_choice":"Paid Gold","floor":5.0,"gold_loss":94.0,"damage_taken":0.0,"relics_obtained":["Lantern"]},{"damage_healed":0.0,"max_hp_gain":0.0,"max_hp_loss":0.0,"gold_gain":75.0,"event_name":"World of Goop","player_choice":"Gather Gold","floor":14.0,"gold_loss":0.0,"damage_taken":11.0}],"is_beta":false,"boss_relics":[],"items_purged_floors":[],"is_endless":false,"potions_floor_spawned":[7,10,11],"killed_by":"The Guardian","ascension_level":11}}