{"host":"3twtdwjpiqhvvn5s","time":1609803645,"event":{"mods":["Act Like it!","BaseMod","BetterRewards","Colored Map","Downfall","Duelist Mod","Friendly Minions","GifTheSpireLib","Hallownest","Hermit","Hubris","Infinite Spire","Jorbs\u0027s Wanderer Trilogy","Marisa????????","Minty Spire (QoL Compilation)","Random Character Mod","Rare Cards Sparkle","Replay The Spire","Shop Mod","StSLib","Td1madao Mod","The Animator","The Bug Knight","The Caster","The Cursed","The Disciple","The Hierophant","The Necromancer","The Runesmith","The Servant 0.9.4","TheFirefly"],"gold_per_floor":[111,127,147,147,65,65,90,90,90,105,105,101,115,115,115,184,184,203,203,227,261,171,171,203,223,247,277,323,335,377,390,402,406,406],"floor_reached":33,"playtime":70370,"items_purged":["hierophant:Strike_Hierophant"],"score":298,"play_id":"7c7d3cd3-dffd-4882-a7bd-33e8bb6121be","local_time":"20210104174045","daily_mods":["downfall:Jewelcrafting","Uncertain Future"],"is_ascension_mode":false,"campfire_choices":[{"data":"hierophant:Flagellation","floor":15,"key":"SMITH"},{"data":"hierophant:HolyVerse","floor":23,"key":"SMITH"},{"data":"hierophant:HammerAndAnvil","floor":32,"key":"SMITH"}],"circlet_count":0,"master_deck":["hierophant:Punish","hierophant:Defend_Hierophant","hierophant:Defend_Hierophant","hierophant:Defend_Hierophant","hierophant:ChurchCoffers","Guardian:ExploitGems","Guardian:ExploitGems","hierophant:MorningPrayer","hierophant:PassingBell","hierophant:Glossolalia","Doubt","hierophant:CursedGold","hierophant:Doubloon","hierophant:Smite","hierophant:ArchangelShield","ReplayTheSpireMod:Doomed","ReplayTheSpireMod:Splinters","hubris:Fate","hierophant:Doubloon","hierophant:ConvertCurrency","hierophant:Flagellation+1","hierophant:DisplayOfPower","hierophant:HolyVerse+1","hierophant:Batter","hierophant:Alms+1","hierophant:Smite","hierophant:MorningPrayer","hierophant:Zeal","hierophant:Encroach","hierophant:PristineSoul","hierophant:Patience+1","Slimebound:Tackle+1","Slimebound:Tackle+1","Slimebound:Tackle+1","hierophant:HammerAndAnvil+1"],"relics":["hierophant:PropheticMaskRelic","Guardian:PickAxe","Ring of Peace","Ring of Misfortune","HollowMod:LifeEnderRelic","hubris:MedicalManual","Black Star","HollowMod:QueensCombRelic","HollowMod:StagPassRelic","Potion Belt","MawBank"],"acts_visited":["Exordium","TheCity"],"potions_floor_usage":[7,13,20,25,28,30,33],"damage_taken":[{"damage":7,"enemies":"Cultist","floor":1,"turns":5},{"damage":0,"enemies":"2 Louse","floor":2,"turns":2},{"damage":7,"enemies":"Jaw Worm","floor":3,"turns":4},{"damage":5,"enemies":"3 Sentries","floor":7,"turns":10},{"damage":0,"enemies":"Red Slaver","floor":10,"turns":5},{"damage":0,"enemies":"Exordium Wildlife","floor":12,"turns":4},{"damage":0,"enemies":"Blue Slaver","floor":13,"turns":3},{"damage":12,"enemies":"Hexaghost","floor":16,"turns":10},{"damage":0,"enemies":"Shell Parasite","floor":18,"turns":4},{"damage":0,"enemies":"2 Thieves","floor":20,"turns":1},{"damage":8,"enemies":"Snake Plant","floor":21,"turns":3},{"damage":4,"enemies":"3 Cultists","floor":24,"turns":3},{"damage":27,"enemies":"Nightmare","floor":25,"turns":10},{"damage":0,"enemies":"Shelled Parasite and Fungi","floor":27,"turns":4},{"damage":0,"enemies":"Cultist and Chosen","floor":28,"turns":5},{"damage":0,"enemies":"Chosen and Byrds","floor":30,"turns":4},{"damage":0,"enemies":"Snake Plant","floor":31,"turns":4},{"damage":59,"enemies":"Collector","floor":33,"turns":5}],"seed_played":"7123679362581836489","potions_obtained":[{"floor":1,"key":"Weak Potion"},{"floor":12,"key":"Adrenaline Potion"},{"floor":16,"key":"Explosive Potion"},{"floor":20,"key":"Strength Potion"},{"floor":27,"key":"AttackPotion"},{"floor":28,"key":"ColorlessPotion"},{"floor":30,"key":"Regen Potion"}],"is_trial":true,"path_per_floor":["M","M","M","?","$","R","E","?","T","M","R","M","M","?","R","B",null,"M","AVR","M","M","?","R","M","NM","T","M","M","?","M","M","R","B"],"character_chosen":"HIEROPHANT","items_purchased":["hierophant:CursedGold","hierophant:Smite"],"campfire_rested":0,"item_purchase_floors":[5,5],"current_hp_per_floor":[68,68,61,61,61,61,56,56,56,56,56,56,56,56,56,44,75,75,50,50,42,42,42,46,23,23,39,50,50,50,50,50,0,0],"gold":406,"neow_bonus":"","is_daily":false,"chose_seed":false,"campfire_upgraded":3,"win_rate":0.0,"timestamp":1609803645,"path_taken":["M","M","M","?","$","R","E","?","T","M","R","M","M","?","R","BOSS","M","AVR","M","M","?","R","M","NM","T","M","?","?","M","M","R","BOSS"],"items_purchased_type":["Card","Card"],"build_version":"2020-12-22","purchased_purges":1,"victory":false,"max_hp_per_floor":[75,75,75,75,75,75,75,75,75,75,75,75,75,75,75,75,75,75,50,50,50,50,50,50,50,50,50,50,50,50,50,50,50,50],"card_choices":[{"not_picked":["hierophant:SealAway","hierophant:Smite"],"picked":"hierophant:MorningPrayer","floor":1},{"not_picked":["hierophant:FieryStrike","hierophant:SecretStash"],"picked":"hierophant:PassingBell","floor":2},{"not_picked":["hierophant:Sermon","hierophant:Blessing"],"picked":"hierophant:Glossolalia","floor":3},{"not_picked":["hierophant:ConvertCurrency","hierophant:MorningPrayer"],"picked":"hierophant:ArchangelShield","floor":7},{"not_picked":["hubris:InfiniteBlow","infinitespire:SevenWalls"],"picked":"hubris:Fate","floor":8},{"not_picked":["hierophant:Doomsaying","hierophant:HammerAndAnvil"],"picked":"hierophant:ConvertCurrency","floor":10},{"not_picked":["hierophant:FieryStrike","hierophant:Dazzle"],"picked":"hierophant:Flagellation","floor":12},{"not_picked":["hierophant:SecretStash","hierophant:FlamingChariot"],"picked":"hierophant:DisplayOfPower","floor":13},{"not_picked":["hierophant:MintersHammer","hierophant:BulkyChest"],"picked":"hierophant:Batter","floor":16},{"not_picked":["hierophant:Shelter+1","hierophant:Refuge"],"picked":"hierophant:Alms+1","floor":18},{"not_picked":["hierophant:EyeForCoin","hierophant:AuricBeam+1"],"picked":"hierophant:Smite","floor":20},{"not_picked":["hierophant:Shelter","hierophant:AuricBeam"],"picked":"hierophant:MorningPrayer","floor":21},{"not_picked":["hierophant:Purify","hierophant:PassingBell"],"picked":"hierophant:Zeal","floor":24},{"not_picked":["hierophant:OrnateBuckler","hierophant:CursedGold"],"picked":"hierophant:Encroach","floor":25},{"not_picked":["hierophant:PassingBell","hierophant:FaithHealing"],"picked":"hierophant:PristineSoul","floor":27},{"not_picked":["hierophant:RustyCrate","hierophant:Empathy+1"],"picked":"hierophant:Patience+1","floor":28},{"not_picked":["hierophant:Purify","hierophant:Shelter","hierophant:RepressedViolence"],"picked":"SKIP","floor":30},{"not_picked":["hierophant:ThreeLashes","hierophant:Smite"],"picked":"hierophant:HammerAndAnvil","floor":31}],"player_experience":1066671,"relics_obtained":[{"floor":4,"key":"Ring of Peace"},{"floor":4,"key":"Ring of Misfortune"},{"floor":7,"key":"HollowMod:LifeEnderRelic"},{"floor":9,"key":"hubris:MedicalManual"},{"floor":25,"key":"HollowMod:StagPassRelic"},{"floor":25,"key":"Potion Belt"},{"floor":26,"key":"MawBank"}],"event_choices":[{"cards_removed":["hierophant:Defend_Hierophant"],"damage_healed":0,"gold_gain":0,"player_choice":"Upgrade and Remove","damage_taken":0,"max_hp_gain":0,"max_hp_loss":0,"event_name":"Designer","floor":22,"gold_loss":90,"cards_upgraded":["hierophant:Strike_Hierophant"]}],"is_beta":false,"boss_relics":[{"not_picked":["SlaversCollar","hubris:GrandSneckoEye"],"picked":"Black Star"}],"items_purged_floors":[19],"is_endless":true,"potions_floor_spawned":[1,12,16,20,27,28,30],"killed_by":"Collector","ascension_level":0}}