{"host":"2pt9f5ojqg0apn28","time":1609754863,"event":{"mods":["AchievementEnabler","BaseMod","Better Altar","Better Match","Better Note","Better Sensory Stone","Better Skull","Better Third Choice","Colored Map","Colored Powertips","Hubris","Infinite Spire","Lobotomy","LobotomyExtend","Minty Spire (QoL Compilation)","Replay The Spire","StSLib"],"gold_per_floor":[111,111,121,133,58,58,75,75,75,106,117,117,117,135,135,261,261,185,185,185],"floor_reached":19,"playtime":2885,"items_purged":["Strike_G"],"score":177,"play_id":"b14ea2e2-ec8d-41b7-95c9-d7cb067f8a1c","local_time":"20210104170743","is_ascension_mode":true,"campfire_choices":[{"floor":6,"key":"REST"},{"floor":8,"key":"REST"},{"floor":12,"key":"REST"},{"floor":15,"key":"REST"}],"circlet_count":0,"master_deck":["LongBird","Strike_G","Strike_G","Strike_G","Strike_G","Defend_G","Defend_G","Defend_G","Defend_G","Defend_G","Survivor","Neutralize","Flying Knee","Leg Sweep","Blade Dance","Scarecrow","Toxin Wave","FieryBird","Infinite Blades","Noxious Fumes","RedShoes","Rudolta","infinitespire:Neurotoxin","hubris:Greed","Mercenary","Replay:Bag of Tricks","hubris:Wrath","Regret","hubris:Greed","OldLady"],"relics":["Ring of the Snake","CogitoBucket","LetterFromLob","Justitia_r","Bottled Lightning","infinitespire:Lucky Rock","ResearcherNote","Golden Idol","Replay:Ancient Bell","Nunchaku","infinitespire:Bottled Soul","infinitespire:Joker Card"],"acts_visited":["Exordium","TheCity"],"potions_floor_usage":[16],"damage_taken":[{"damage":7,"enemies":"Small Slimes","floor":1,"turns":4},{"damage":6,"enemies":"Cultist","floor":3,"turns":4},{"damage":52,"enemies":"2 Louse","floor":4,"turns":8},{"damage":0,"enemies":"Large Slime","floor":7,"turns":7},{"damage":14,"enemies":"Lagavulin","floor":10,"turns":6},{"damage":18,"enemies":"2 Fungi Beasts","floor":11,"turns":5},{"damage":4,"enemies":"Exordium Wildlife","floor":14,"turns":3},{"damage":31,"enemies":"Slime Boss","floor":16,"turns":8},{"damage":37,"enemies":"Shell Parasite","floor":18,"turns":6},{"damage":39,"enemies":"Masked Bandits","floor":19,"turns":3}],"seed_played":"4486742785683881273","potions_obtained":[{"floor":3,"key":"BlessingOfTheForge"},{"floor":10,"key":"SpeedPotion"},{"floor":14,"key":"Explosive Potion"}],"is_trial":false,"path_per_floor":["M","?","M","M","$","R","M","R","T","E","M","R","?","M","R","B",null,"M","?"],"character_chosen":"THE_SILENT","items_purchased":[],"campfire_rested":4,"item_purchase_floors":[],"current_hp_per_floor":[63,63,57,5,5,26,26,47,47,37,23,44,27,23,44,17,70,33,0,0],"gold":185,"neow_bonus":"","is_daily":false,"chose_seed":false,"campfire_upgraded":0,"win_rate":0.0,"timestamp":1609754863,"path_taken":["M","?","?","M","$","R","M","R","T","E","M","R","?","M","R","BOSS","M","?"],"items_purchased_type":[],"build_version":"2020-12-22","purchased_purges":1,"victory":false,"max_hp_per_floor":[70,70,70,70,70,70,70,70,70,70,70,70,70,70,70,70,70,70,70,70],"card_choices":[{"not_picked":["BeautyBeast","OldLady"],"picked":"Bloodbath","floor":1},{"not_picked":["Sucker Punch","Dodge and Roll"],"picked":"Flying Knee","floor":1},{"not_picked":["UniverseFragment","Scorched"],"picked":"LongBird","floor":3},{"not_picked":["Draining Mist","hubris:Sniper"],"picked":"Blade Dance","floor":3},{"not_picked":["BeautyBeast","OSAHOGD"],"picked":"Scarecrow","floor":4},{"not_picked":["Bullet Time","Backstab"],"picked":"Toxin Wave","floor":4},{"not_picked":["Bloodbath","UniverseFragment","VoidDream"],"picked":"Singing Bowl","floor":7},{"not_picked":["Scorched","ShyLook"],"picked":"FieryBird","floor":7},{"not_picked":["Outmaneuver","hubris:SlightOfHand"],"picked":"Infinite Blades","floor":7},{"not_picked":["Slice","hubris:SlightOfHand"],"picked":"Noxious Fumes","floor":10},{"not_picked":["MeatLantern","CrumblingArmor","SingingMachine"],"picked":"Singing Bowl","floor":10},{"not_picked":["MeatLantern","Freischutz"],"picked":"RedShoes","floor":11},{"not_picked":["Acrobatics","Expertise","Hidden Blade"],"picked":"SKIP","floor":11},{"not_picked":["Acrobatics","Expertise","Hidden Blade"],"picked":"SKIP","floor":11},{"not_picked":["BigBadWolf","BeautyBeast"],"picked":"Rudolta","floor":14},{"not_picked":["Dagger Throw","Terror"],"picked":"infinitespire:Neurotoxin","floor":14},{"not_picked":["PunishingBird","UniverseFragment"],"picked":"Mercenary","floor":16},{"not_picked":["Venomology","Malaise"],"picked":"Replay:Bag of Tricks","floor":16},{"not_picked":["Doubt","Shame"],"picked":"ReplayTheSpireMod:IOU","floor":17},{"not_picked":["Overencumbered","Spreading Infection"],"picked":"hubris:Wrath","floor":17},{"not_picked":["Normality","ReplayTheSpireMod:Faulty Equipment"],"picked":"Regret","floor":17},{"not_picked":["Scorched","Laetitia"],"picked":"OldLady","floor":18},{"not_picked":["hubris:Counter+1","Quick Slash","Outmaneuver"],"picked":"SKIP","floor":18},{"not_picked":["hubris:Counter+1","Quick Slash","Outmaneuver"],"picked":"SKIP","floor":18}],"player_experience":57542,"relics_obtained":[{"floor":1,"key":"LetterFromLob"},{"floor":9,"key":"Bottled Lightning"},{"floor":10,"key":"infinitespire:Lucky Rock"}],"event_choices":[{"damage_healed":0,"gold_gain":0,"cards_transformed":["Bloodbath"],"player_choice":"Transformed","damage_taken":0,"max_hp_gain":0,"max_hp_loss":0,"event_name":"Transmorgrifier","floor":2,"gold_loss":0,"cards_obtained":["Leg Sweep"]},{"damage_healed":0,"gold_gain":0,"player_choice":"Take Damage","damage_taken":17,"relics_obtained":["Golden Idol"],"max_hp_gain":0,"max_hp_loss":0,"event_name":"Golden Idol","floor":13,"gold_loss":0},{"damage_healed":0,"gold_gain":0,"player_choice":"Fought Bandits","damage_taken":0,"max_hp_gain":0,"max_hp_loss":0,"event_name":"Masked Bandits","floor":19,"gold_loss":0}],"is_beta":false,"boss_relics":[{"not_picked":["infinitespire:Cupcake","hubris:BlackHole"],"picked":"Replay:Ancient Bell"},{"not_picked":["Bag of Preparation","hubris:TenFootPole"],"picked":"Nunchaku"},{"not_picked":["Mercury Hourglass","Chameleon Ring"],"picked":"infinitespire:Bottled Soul"},{"not_picked":["Counterbalance","Tingsha"],"picked":"infinitespire:Joker Card"}],"items_purged_floors":[5],"is_endless":false,"potions_floor_spawned":[3,10,14],"killed_by":"Masked Bandits","ascension_level":1}}