{"host":"uflv0e3ja7hvnij7","time":1609784881,"event":{"mods":["Aspiration","BaseMod","Better Altar","Better Match","Better Note","Better Sensory Stone","Better Skull","Better Third Choice","Hubris","Minty Spire (QoL Compilation)","Permanent Neow","Shop Mod","StSLib"],"gold_per_floor":[117,67,242,8,8,42,42,60,108,108,122,122,157,171,171,276,276,290,307,307,307,327,327,352,352,352,352,352,367,367,78,78,176,176,196,196,212,18,37,37,72,123,123,123,123,123,137,153,153,153],"floor_reached":51,"playtime":1928,"items_purged":["Doubt","Defend_G","Defend_G"],"score":1264,"play_id":"4ee18215-b96d-4ee6-837b-dceb49de1bff","local_time":"20210104132801","is_ascension_mode":true,"campfire_choices":[{"floor":7,"key":"REST"},{"floor":10,"key":"REST"},{"data":"Cloak And Dagger","floor":12,"key":"SMITH"},{"data":"Wraith Form v2","floor":15,"key":"SMITH"},{"data":"Choke","floor":23,"key":"SMITH"},{"data":"Footwork","floor":25,"key":"SMITH"},{"data":"Tools of the Trade","floor":28,"key":"SMITH"},{"data":"Blur","floor":30,"key":"SMITH"},{"data":"Panache","floor":32,"key":"SMITH"},{"data":"Neutralize","floor":40,"key":"SMITH"},{"data":"Blur","floor":45,"key":"SMITH"},{"data":"Blade Dance","floor":49,"key":"SMITH"}],"circlet_count":0,"master_deck":["Defend_G","Defend_G","Survivor","Neutralize+1","Footwork+1","Cloak And Dagger+1","Endless Agony","Choke+1","Prepared","Slice+1","Blur+1","Slice+1","Wraith Form v2+1","Tools of the Trade+1","Underhanded Strike+1","Finisher+1","Bite+1","Bite+1","Bite+1","Bite+1","Bite+1","Cloak And Dagger+1","Masterful Stab+1","Panache+1","Die Die Die+1","Blur+1","Dash+1","Blur+1","hubris:DuctTapeCard","Acrobatics+1","Backflip+1","Blade Dance+1"],"relics":["WristBlade","Molten Egg 2","Akabeko","Pear","aspiration:PoetsPen","aspiration:HummingbirdHeart","aspiration:Stabinomicon","hubris:CrystalStatue","HoveringKite","hubris:Spice","Prayer Wheel","hubris:DuctTape","hubris:Towel"],"acts_visited":["Exordium","TheCity","TheBeyond"],"potions_floor_usage":[16],"damage_taken":[{"damage":0,"enemies":"Jaw Worm","floor":1,"turns":3},{"damage":47,"enemies":"Gremlin Nob","floor":6,"turns":6},{"damage":0,"enemies":"2 Louse","floor":8,"turns":3},{"damage":0,"enemies":"Cultist","floor":11,"turns":2},{"damage":0,"enemies":"3 Sentries","floor":13,"turns":5},{"damage":0,"enemies":"3 Louse","floor":14,"turns":1},{"damage":0,"enemies":"Slime Boss","floor":16,"turns":5},{"damage":0,"enemies":"Spheric Guardian","floor":18,"turns":3},{"damage":0,"enemies":"2 Thieves","floor":19,"turns":3},{"damage":8,"enemies":"Snake Plant","floor":22,"turns":3},{"damage":0,"enemies":"Book of Stabbing","floor":24,"turns":2},{"damage":0,"enemies":"Sentry and Sphere","floor":29,"turns":1},{"damage":0,"enemies":"Collector","floor":33,"turns":2},{"damage":0,"enemies":"3 Darklings","floor":35,"turns":3},{"damage":0,"enemies":"Orb Walker","floor":37,"turns":1},{"damage":0,"enemies":"Maw","floor":39,"turns":3},{"damage":0,"enemies":"Giant Head","floor":41,"turns":3},{"damage":0,"enemies":"2 Orb Walkers","floor":42,"turns":2},{"damage":0,"enemies":"Jaw Worm Horde","floor":47,"turns":1},{"damage":0,"enemies":"4 Shapes","floor":48,"turns":2},{"damage":0,"enemies":"Awakened One","floor":50,"turns":2}],"seed_played":"-2036722144633098285","potions_obtained":[{"floor":1,"key":"Regen Potion"},{"floor":11,"key":"CunningPotion"},{"floor":13,"key":"Energy Potion"},{"floor":16,"key":"BlessingOfTheForge"},{"floor":18,"key":"Energy Potion"},{"floor":33,"key":"CultistPotion"}],"is_trial":false,"path_per_floor":["M","?","?","$","?","E","R","M","T","R","M","R","E","M","R","B",null,"M","M","?","T","M","R","E","R","T","?","R","M","R","$","R","B",null,"M","?","M","$","M","R","E","?","T","?","R","?","M","M","R","B",null],"character_chosen":"THE_SILENT","items_purchased":["Footwork","Cloak And Dagger","Endless Agony","Panache","Dash+1"],"campfire_rested":2,"item_purchase_floors":[4,4,4,31,38],"current_hp_per_floor":[70,70,70,70,70,23,44,44,44,65,65,65,75,75,75,75,79,79,79,56,56,54,54,56,56,56,56,56,56,56,56,56,56,56,56,59,59,59,59,59,67,67,67,67,67,67,67,67,67,67],"gold":153,"neow_bonus":"BOSS_RELIC","is_daily":false,"chose_seed":false,"campfire_upgraded":10,"win_rate":0.0,"timestamp":1609784881,"path_taken":["M","?","?","$","?","E","R","M","T","R","?","R","E","M","R","BOSS","M","M","?","?","?","R","E","R","T","?","R","M","R","$","R","BOSS","M","?","M","$","M","R","E","?","T","?","R","?","?","M","R","BOSS"],"items_purchased_type":["Card","Card","Card","Card","Card"],"build_version":"2020-12-22","purchased_purges":3,"victory":true,"max_hp_per_floor":[70,70,70,70,70,70,70,70,70,70,70,70,80,80,80,80,80,80,80,56,56,56,56,56,56,56,56,56,56,56,56,56,56,56,56,59,59,59,59,59,67,67,67,67,67,67,67,67,67,67],"card_choices":[{"not_picked":["Bane","Skewer","Tactician"],"picked":"SKIP","floor":1},{"not_picked":["Deadly Poison","Underhanded Strike+1"],"picked":"Prepared","floor":6},{"not_picked":["Tactician","Noxious Fumes"],"picked":"Slice+1","floor":8},{"not_picked":["Dagger Spray+1","Poisoned Stab+1"],"picked":"Blur","floor":11},{"not_picked":["Prepared","Poisoned Stab+1"],"picked":"Slice+1","floor":13},{"not_picked":["Dagger Throw+1","Sucker Punch+1"],"picked":"Wraith Form v2","floor":14},{"not_picked":["Glass Knife+1","Die Die Die+1"],"picked":"Tools of the Trade","floor":16},{"not_picked":["Setup+1","Acrobatics+1"],"picked":"Underhanded Strike+1","floor":18},{"not_picked":["Catalyst","PiercingWail"],"picked":"Finisher+1","floor":19},{"not_picked":["PiercingWail","Bane+1"],"picked":"Cloak And Dagger+1","floor":22},{"not_picked":["Infinite Blades+1","Skewer+1"],"picked":"Masterful Stab+1","floor":24},{"not_picked":["Heel Hook+1","Tactician+1"],"picked":"Slice+1","floor":29},{"not_picked":["Glass Knife+1","aspiration:Lunge+1"],"picked":"Die Die Die+1","floor":33},{"not_picked":["Concentrate","Reflex","hubris:SlightOfHand"],"picked":"SKIP","floor":35},{"not_picked":["Crippling Poison+1","hubris:SlightOfHand+1"],"picked":"Blur","floor":37},{"not_picked":["Choke+1","Noxious Fumes"],"picked":"Slice+1","floor":39},{"not_picked":["Catalyst+1","PiercingWail"],"picked":"Blur+1","floor":41},{"not_picked":["Tactician","Deflect+1"],"picked":"Acrobatics+1","floor":47},{"not_picked":["Noxious Fumes","Backstab+1"],"picked":"Backflip+1","floor":47},{"not_picked":["Escape Plan","Bouncing Flask+1"],"picked":"Blade Dance","floor":48},{"not_picked":["Skewer+1","Choke+1","Eviscerate+1"],"picked":"SKIP","floor":48}],"player_experience":476397,"relics_obtained":[{"floor":6,"key":"Molten Egg 2"},{"floor":9,"key":"Akabeko"},{"floor":13,"key":"Pear"},{"floor":21,"key":"aspiration:HummingbirdHeart"},{"floor":24,"key":"aspiration:Stabinomicon"},{"floor":26,"key":"hubris:CrystalStatue"},{"floor":41,"key":"hubris:Spice"},{"floor":42,"key":"Prayer Wheel"},{"floor":43,"key":"hubris:DuctTape"}],"event_choices":[{"cards_removed":["Strike_G"],"damage_healed":0,"gold_gain":0,"player_choice":"Card Removal","damage_taken":0,"max_hp_gain":0,"max_hp_loss":0,"event_name":"The Cleric","floor":2,"gold_loss":50},{"damage_healed":0,"gold_gain":175,"player_choice":"AGREE","damage_taken":67,"max_hp_gain":0,"max_hp_loss":0,"event_name":"betterThird:BetterSerpent","floor":3,"gold_loss":0},{"damage_healed":0,"gold_gain":0,"cards_transformed":["Defend_G"],"player_choice":"Transformed","damage_taken":0,"max_hp_gain":0,"max_hp_loss":0,"event_name":"Transmorgrifier","floor":5,"gold_loss":0,"cards_obtained":["Choke"]},{"damage_healed":0,"gold_gain":0,"player_choice":"Became a vampire","damage_taken":0,"max_hp_gain":0,"max_hp_loss":24,"event_name":"Vampires","floor":20,"gold_loss":0,"cards_obtained":["Bite","Bite","Bite","Bite","Bite"]},{"damage_healed":0,"gold_gain":0,"player_choice":"Fight","damage_taken":0,"max_hp_gain":0,"max_hp_loss":0,"event_name":"Mysterious Sphere","floor":42,"gold_loss":0},{"damage_healed":0,"gold_gain":0,"player_choice":"Bought 0 Potions","damage_taken":0,"max_hp_gain":0,"max_hp_loss":0,"event_name":"The Woman in Blue","floor":46,"gold_loss":0}],"is_beta":false,"boss_relics":[{"not_picked":["Empty Cage","aspiration:WatcherSkillbook"],"picked":"aspiration:PoetsPen"},{"not_picked":["aspiration:FutureDiary","Runic Dome"],"picked":"HoveringKite"}],"items_purged_floors":[4,31,38],"is_endless":false,"potions_floor_spawned":[1,11,13,16,18,29,33,39,47,48],"ascension_level":5}}