{"host":"bczg3e1yq3rp3pkk","time":1609748933,"event":{"mods":["BaseMod","Hermit","Marisa£®ÏF”Í°°ƒß¿Ì…≥£©","Minty Spire (QoL Compilation)","Quick Restart","Replay The Spire","StSLib","The Cursed","The Runesmith","The Servant 0.9.4","vexMod"],"gold_per_floor":[116,166,166,188,13,47,47,77,77,77,87,103,134,134,134,239,239,257,257,269,286,304,304,21,21,90,90,90],"floor_reached":27,"playtime":1119,"items_purged":["Delirium","Voices"],"score":281,"play_id":"d97812ca-7218-49be-92a2-8db938adabe8","local_time":"20210104162853","is_ascension_mode":false,"campfire_choices":[{"data":"Phantasmal Killer","floor":7.0,"key":"SMITH"},{"data":"Dagger Spray","floor":10.0,"key":"SMITH"},{"data":"Deadly Poison","floor":15.0,"key":"SMITH"},{"data":"Poison Darts","floor":23,"key":"SMITH"}],"circlet_count":0,"master_deck":["Strike_G+1","Strike_G+1","Strike_G","Strike_G","Strike_G","Defend_G+1","Defend_G","Defend_G","Defend_G","Defend_G","Survivor+1","Neutralize+1","Catalyst","Writhe","Dagger Spray+1","Prepared","Backstab","Phantasmal Killer+1","Wraith","Blade Dance","Hidden Blade","Calculated Gamble","Deadly Poison+1","Poison Darts+1","Acrobatics","Wraith","Cloak And Dagger+1","Hallucinations","Acrobatics+1","Flechettes"],"relics":["vexMod:ImprovementManual","Ring of Greed","Smiling Mask","Membership Card","Mercury Hourglass","Vajra","Runesmith:AutoHammer","Mummified Hand","Oddly Smooth Stone","Ginger","Runic Dome","TwistedFunnel","TungstenRod","Bottled Flame"],"acts_visited":["Exordium","TheCity"],"potions_floor_usage":[20],"damage_taken":[{"damage":0.0,"enemies":"Jaw Worm","floor":1.0,"turns":4.0},{"damage":0.0,"enemies":"Gremlin Nob","floor":6.0,"turns":3.0},{"damage":9.0,"enemies":"Replay:BlueRogue","floor":8.0,"turns":4.0},{"damage":0.0,"enemies":"Small Slimes","floor":11.0,"turns":2.0},{"damage":0.0,"enemies":"2 Louse","floor":12.0,"turns":2.0},{"damage":0.0,"enemies":"Gremlin Nob","floor":13.0,"turns":2.0},{"damage":33.0,"enemies":"The Guardian","floor":16.0,"turns":8.0},{"damage":10.0,"enemies":"Shell Parasite","floor":18.0,"turns":3.0},{"damage":10,"enemies":"2 Thieves","floor":20,"turns":4},{"damage":10,"enemies":"Chosen and Byrds","floor":21,"turns":4},{"damage":25,"enemies":"Centurion and Healer","floor":22,"turns":5},{"damage":5,"enemies":"3 Cultists","floor":25,"turns":4},{"damage":12,"enemies":"Snake Plant","floor":27,"turns":1}],"seed_played":"-3900934524616423292","potions_obtained":[{"floor":4.0,"key":"LifebloodPotion"},{"floor":4.0,"key":"BlessingOfTheForge"},{"floor":4.0,"key":"SteroidPotion"},{"floor":6.0,"key":"SkillPotion"},{"floor":20,"key":"Reflective Coating"},{"floor":21,"key":"LiquidBronze"},{"floor":25,"key":"Death Potion"}],"is_trial":false,"path_per_floor":["M","?","T","?","$","E","R","E","T","R","M","M","E","?","R","B",null,"M","?","M","M","M","R","$","M","T","M"],"character_chosen":"THE_SILENT","items_purchased":["Vajra","Prepared","Backstab","TwistedFunnel","TungstenRod"],"campfire_rested":0,"item_purchase_floors":[5,5,5,24,24],"current_hp_per_floor":[70,70,70,53,53,53,53,44,44,44,44,44,44,51,51,18,70,60,60,50,40,15,15,15,10,10,0,0],"gold":90,"neow_bonus":"BOSS_RELIC","is_daily":false,"chose_seed":false,"campfire_upgraded":4,"win_rate":0.0,"timestamp":1609748933,"path_taken":["M","?","?","?","$","E","R","E","T","R","M","M","E","?","R","BOSS","M","?","?","M","M","R","$","M","T","M"],"items_purchased_type":["Relic","Card","Card","Relic","Relic"],"build_version":"2020-12-22","purchased_purges":2,"victory":false,"max_hp_per_floor":[70,70,70,70,70,70,70,70,70,70,70,70,70,70,70,70,70,70,70,70,70,70,70,70,70,70,70,70],"card_choices":[{"not_picked":["Hidden Blade","Dagger Throw"],"picked":"Catalyst","floor":1.0},{"not_picked":["Grand Finale","Setup"],"picked":"Dagger Spray","floor":4.0},{"not_picked":["Acrobatics","Dagger Spray"],"picked":"Phantasmal Killer","floor":6.0},{"not_picked":["Bullet Time","Flying Knee"],"picked":"Blade Dance","floor":8.0},{"not_picked":["Deflect","Draining Mist"],"picked":"Hidden Blade","floor":11.0},{"not_picked":["Cloak And Dagger","Hidden Blade"],"picked":"Calculated Gamble","floor":12.0},{"not_picked":["Quick Slash","Dagger Spray"],"picked":"Deadly Poison","floor":13.0},{"not_picked":["Venomology","After Image"],"picked":"Poison Darts","floor":16.0},{"not_picked":["Prepared+1","Escape Plan"],"picked":"Acrobatics","floor":18.0},{"not_picked":["Setup","Hidden Blade"],"picked":"Cloak And Dagger+1","floor":20},{"not_picked":["Fluid Movement","Prepared"],"picked":"Acrobatics+1","floor":21},{"not_picked":["ReplayTheSpireMod:Tripwire+1","Slice+1","Deflect"],"picked":"SKIP","floor":22},{"not_picked":["Hidden Blade","Quick Slash"],"picked":"Flechettes","floor":25}],"player_experience":342033,"relics_obtained":[{"floor":2.0,"key":"Ring of Greed"},{"floor":2.0,"key":"Smiling Mask"},{"floor":2.0,"key":"Membership Card"},{"floor":3.0,"key":"Mercury Hourglass"},{"floor":6.0,"key":"Runesmith:AutoHammer"},{"floor":8.0,"key":"Mummified Hand"},{"floor":9.0,"key":"Oddly Smooth Stone"},{"floor":13.0,"key":"Ginger"},{"floor":26,"key":"Bottled Flame"}],"event_choices":[{"cards_removed":["Looming Evil"],"damage_healed":0.0,"max_hp_gain":0.0,"max_hp_loss":0.0,"gold_gain":0.0,"event_name":"Wheel of Change","player_choice":"Card Removal","floor":19.0,"gold_loss":0.0,"damage_taken":0.0}],"is_beta":false,"boss_relics":[{"not_picked":["Sozu","Painkiller Herb"],"picked":"Runic Dome"}],"items_purged_floors":[5,24],"is_endless":false,"potions_floor_spawned":[6,8,11,20,21,25],"killed_by":"Snake Plant","ascension_level":0}}