{"host":"mydft8i2zzydgggw","time":1609777794,"event":{"mods":["AchievementEnabler","BaseMod","Colored Map","Colored Powertips","Keyboard Shortcuts","Minty Spire (QoL Compilation)","Quick Restart","StSLib","SuperFastMode","The Poker Player"],"gold_per_floor":[114,39,39,57,74,74,107,119,119,151,151,151,165,185,185,185,185],"floor_reached":16,"playtime":401,"items_purged":["Strike_B"],"score":134,"play_id":"6b882d14-8de9-4dde-b105-7a7abb3e72a9","local_time":"20210105012954","is_ascension_mode":true,"campfire_choices":[{"data":"Fission","floor":6.0,"key":"SMITH"},{"floor":11.0,"key":"REST"},{"floor":15.0,"key":"REST"}],"circlet_count":0,"master_deck":["Strike_B","Strike_B","Strike_B","Defend_B","Defend_B","Defend_B","Defend_B","Zap","Dualcast","Fission+1","Ball Lightning","Conserve Battery","Double Energy","Coolheaded","Storm","Buffer","Reinforced Body"],"relics":["Cracked Core","Bottled Flame","HornCleat","Mummified Hand"],"acts_visited":["Exordium"],"potions_floor_usage":[16,16,16],"damage_taken":[{"damage":2.0,"enemies":"Jaw Worm","floor":1.0,"turns":3.0},{"damage":5.0,"enemies":"2 Louse","floor":4.0,"turns":3.0},{"damage":0.0,"enemies":"Cultist","floor":5.0,"turns":2.0},{"damage":16.0,"enemies":"Lagavulin","floor":7.0,"turns":7.0},{"damage":38.0,"enemies":"Gremlin Gang","floor":8.0,"turns":5.0},{"damage":10.0,"enemies":"3 Sentries","floor":10.0,"turns":5.0},{"damage":22.0,"enemies":"Large Slime","floor":13.0,"turns":5.0},{"damage":2.0,"enemies":"2 Fungi Beasts","floor":14.0,"turns":4.0},{"damage":31,"enemies":"Hexaghost","floor":16,"turns":11}],"seed_played":"-2956163569855224151","potions_obtained":[{"floor":5.0,"key":"BlessingOfTheForge"},{"floor":8.0,"key":"FocusPotion"},{"floor":12.0,"key":"Regen Potion"},{"floor":12.0,"key":"SteroidPotion"},{"floor":12.0,"key":"SneckoOil"},{"floor":13.0,"key":"BlessingOfTheForge"},{"floor":14.0,"key":"Explosive Potion"}],"is_trial":false,"path_per_floor":["M","$","?","M","M","R","E","M","T","E","R","?","M","M","R","B"],"character_chosen":"DEFECT","items_purchased":[],"campfire_rested":2,"item_purchase_floors":[],"current_hp_per_floor":[66,66,71,66,66,66,50,12,12,2,23,23,10,8,29,0,0],"gold":185,"neow_bonus":"THREE_RARE_CARDS","is_daily":false,"chose_seed":false,"campfire_upgraded":1,"win_rate":0.0,"timestamp":1609777794,"path_taken":["M","$","?","M","M","R","E","M","T","E","R","?","M","?","R","BOSS"],"items_purchased_type":[],"build_version":"2020-12-22","purchased_purges":1,"victory":false,"max_hp_per_floor":[68,68,73,73,73,73,73,73,73,73,73,73,73,73,73,73,73],"card_choices":[{"not_picked":["All For One","Core Surge"],"picked":"Fission","floor":0.0},{"not_picked":["Streamline","Blizzard","Compile Driver"],"picked":"SKIP","floor":1.0},{"not_picked":["Beam Cell","Blizzard"],"picked":"Ball Lightning","floor":4.0},{"not_picked":["Sweeping Beam","Hello World"],"picked":"Conserve Battery","floor":5.0},{"not_picked":["Rebound","Meteor Strike"],"picked":"Double Energy","floor":7.0},{"not_picked":["Ball Lightning","Steam"],"picked":"Coolheaded","floor":8.0},{"not_picked":["Coolheaded","Doom and Gloom"],"picked":"Storm","floor":10.0},{"not_picked":["Steam Power","Reprogram"],"picked":"Buffer","floor":13.0},{"not_picked":["Beam Cell","Hologram"],"picked":"Reinforced Body","floor":14.0}],"player_experience":92182,"relics_obtained":[{"floor":7.0,"key":"Bottled Flame"},{"floor":9.0,"key":"HornCleat"},{"floor":10.0,"key":"Mummified Hand"}],"event_choices":[{"damage_healed":0.0,"max_hp_gain":5.0,"max_hp_loss":0.0,"gold_gain":0.0,"event_name":"Big Fish","player_choice":"Donut","floor":3.0,"gold_loss":0.0,"damage_taken":0.0},{"damage_healed":0.0,"max_hp_gain":0.0,"max_hp_loss":0.0,"gold_gain":0.0,"event_name":"Lab","player_choice":"Got Potions","floor":12.0,"gold_loss":0.0,"damage_taken":0.0}],"is_beta":false,"boss_relics":[],"items_purged_floors":[2],"is_endless":false,"potions_floor_spawned":[5,8,13,14],"killed_by":"Hexaghost","ascension_level":4}}