{"host":"1c52r9kaxdyo25eq","time":1609792103,"event":{"mods":["AchievementEnabler","BaseMod","Minty Spire (QoL Compilation)","Rare Cards Sparkle","SuperFastMode","everything is the same but u backflip on backflip"],"gold_per_floor":[20,38,57,75,75,75,75,75,75,75,100,121,160,160,160,289,289,304,158,158,174,212,212,212,212,212,230,251,290,3,18,18,142,142,165,498,508,558,780,780,813,813,813,840,840,872,872,884,884,884,884,884,206,237,237,237],"floor_reached":55,"playtime":2125,"items_purged":["Strike_R","Strike_R","Strike_R"],"score":1020,"play_id":"4197ae79-bd9c-4545-ab23-f19708361bb6","local_time":"20210105052823","is_ascension_mode":true,"campfire_choices":[{"data":"Blood for Blood","floor":6.0,"key":"SMITH"},{"data":"Pummel","floor":8.0,"key":"SMITH"},{"data":"Shrug It Off","floor":10.0,"key":"SMITH"},{"data":"Barricade","floor":15.0,"key":"SMITH"},{"floor":23,"key":"REST"},{"data":"Second Wind","floor":25,"key":"SMITH"},{"data":"Apotheosis","floor":32,"key":"SMITH"},{"data":"True Grit","floor":40,"key":"SMITH"},{"floor":42,"key":"RECALL"},{"data":"Battle Trance","floor":45,"key":"SMITH"},{"floor":49,"key":"REST"},{"data":"Shrug It Off","floor":52,"key":"SMITH"}],"circlet_count":0,"master_deck":["Defend_R","Defend_R","Defend_R","Bash","Shrug It Off+1","Pummel+1","Blood for Blood+1","Shrug It Off+1","Barricade+1","Immolate","Ghostly Armor","Second Wind+1","Shockwave+1","Power Through+1","Battle Trance+1","Apotheosis+1","True Grit+1","Pommel Strike+1","Entrench+1","Madness+1","Seeing Red+1","Feel No Pain","Panacea+1","Infernal Blade+1"],"relics":["Burning Blood","Shuriken","Eternal Feather","Meat on the Bone","Regal Pillow","Velvet Choker","Red Mask","Matryoshka","Anchor","SlaversCollar","Mango","Toxic Egg 2","Boot","Lantern","Centennial Puzzle","Prayer Wheel","OrangePellets","Sundial","Self Forming Clay"],"acts_visited":["Exordium","TheCity","TheBeyond","TheEnding"],"potions_floor_usage":[33,46,55,55,55],"damage_taken":[{"damage":1.0,"enemies":"2 Louse","floor":1.0,"turns":3.0},{"damage":0.0,"enemies":"Small Slimes","floor":2.0,"turns":3.0},{"damage":3.0,"enemies":"Jaw Worm","floor":3.0,"turns":4.0},{"damage":10.0,"enemies":"Exordium Wildlife","floor":4.0,"turns":4.0},{"damage":7.0,"enemies":"2 Fungi Beasts","floor":11.0,"turns":3.0},{"damage":3.0,"enemies":"Looter","floor":12.0,"turns":4.0},{"damage":24.0,"enemies":"Lagavulin","floor":13.0,"turns":7.0},{"damage":51.0,"enemies":"The Guardian","floor":16.0,"turns":20.0},{"damage":23.0,"enemies":"2 Thieves","floor":18.0,"turns":4.0},{"damage":19.0,"enemies":"Chosen","floor":21.0,"turns":7.0},{"damage":41,"enemies":"Masked Bandits","floor":22,"turns":5},{"damage":25,"enemies":"Shelled Parasite and Fungi","floor":27,"turns":5},{"damage":0,"enemies":"Snecko","floor":28,"turns":8},{"damage":70,"enemies":"Book of Stabbing","floor":29,"turns":10},{"damage":0,"enemies":"3 Cultists","floor":31,"turns":5},{"damage":15,"enemies":"Collector","floor":33,"turns":15},{"damage":0,"enemies":"3 Shapes","floor":35,"turns":3},{"damage":0,"enemies":"3 Darklings","floor":37,"turns":5},{"damage":0,"enemies":"Mind Bloom Boss Battle","floor":38,"turns":11},{"damage":22,"enemies":"Reptomancer","floor":41,"turns":9},{"damage":3,"enemies":"Nemesis","floor":46,"turns":13},{"damage":38,"enemies":"Spire Growth","floor":48,"turns":9},{"damage":17,"enemies":"Donu and Deca","floor":50,"turns":17},{"damage":38,"enemies":"Shield and Spear","floor":54,"turns":16},{"damage":51,"enemies":"The Heart","floor":55,"turns":18}],"seed_played":"2552420584149493868","potions_obtained":[{"floor":2.0,"key":"Regen Potion"},{"floor":12.0,"key":"Block Potion"},{"floor":22,"key":"BlessingOfTheForge"},{"floor":28,"key":"FairyPotion"},{"floor":31,"key":"Fruit Juice"},{"floor":33,"key":"FearPotion"},{"floor":38,"key":"Weak Potion"},{"floor":46,"key":"LiquidMemories"}],"is_trial":false,"path_per_floor":["M","M","M","M","?","R","?","R","T","R","M","M","E","T","R","B",null,"M","$","?","M","?","R","?","R","T","M","M","E","$","M","R","B",null,"M","?","M","?","?","R","E","R","T","T","R","E","?","M","R","B",null,"R","$","E","B"],"character_chosen":"IRONCLAD","items_purchased":["Ghostly Armor","Apotheosis","Feel No Pain","OrangePellets","Panacea+1","Sundial"],"campfire_rested":2,"item_purchase_floors":[19,30,53,53,53,53],"current_hp_per_floor":[77,80,80,76,56,56,49,49,49,55,54,57,39,39,45,27,67,50,50,50,49,26,74,74,80,80,61,67,42,42,48,57,48,72,78,78,80,94,94,94,78,90,90,90,94,99,89,57,99,88,96,99,99,67,16,16],"gold":237,"neow_bonus":"TRANSFORM_TWO_CARDS","is_daily":false,"chose_seed":false,"campfire_upgraded":9,"win_rate":0.0,"timestamp":1609792103,"path_taken":["M","M","M","M","?","R","?","R","T","R","M","?","E","?","R","BOSS","M","$","?","M","?","R","?","R","T","M","M","E","$","?","R","BOSS","M","?","M","?","?","R","E","R","T","?","R","E","?","M","R","BOSS","R","$","E","BOSS"],"items_purchased_type":["Card","Card","Card","Relic","Card","Relic"],"build_version":"2020-12-22","purchased_purges":3,"victory":false,"max_hp_per_floor":[80,80,80,80,80,80,80,80,80,80,80,80,80,80,80,80,80,80,80,80,80,80,80,80,80,80,80,80,80,80,80,80,80,80,80,80,80,94,94,94,94,94,94,94,94,99,99,99,99,99,99,99,99,99,99,99],"card_choices":[{"not_picked":["Shrug It Off","Clash","Flex"],"picked":"SKIP","floor":1.0},{"not_picked":["Anger","Armaments","Havoc"],"picked":"SKIP","floor":2.0},{"not_picked":["Headbutt","Battle Trance"],"picked":"Blood for Blood","floor":3.0},{"not_picked":["Infernal Blade","Havoc"],"picked":"Shrug It Off","floor":4.0},{"not_picked":["Iron Wave","True Grit"],"picked":"Barricade","floor":11.0},{"not_picked":["Clash","Dark Embrace","Warcry"],"picked":"SKIP","floor":12.0},{"not_picked":["Thunderclap","Sword Boomerang","Clothesline"],"picked":"SKIP","floor":13.0},{"not_picked":["Barricade","Corruption"],"picked":"Immolate","floor":16.0},{"not_picked":["Reckless Charge","Sword Boomerang","Cleave+1"],"picked":"SKIP","floor":18.0},{"not_picked":["Perfected Strike","Twin Strike+1"],"picked":"Shockwave+1","floor":21.0},{"not_picked":["Perfected Strike","Flex"],"picked":"Power Through+1","floor":27},{"not_picked":["Perfected Strike","Anger","Clothesline"],"picked":"SKIP","floor":28},{"not_picked":["Anger","Sword Boomerang+1"],"picked":"Battle Trance","floor":29},{"not_picked":["Iron Wave+1","Anger","Pommel Strike"],"picked":"SKIP","floor":31},{"not_picked":["Anger","Uppercut","Dual Wield+1"],"picked":"SKIP","floor":35},{"not_picked":["Pommel Strike+1","Sever Soul+1"],"picked":"True Grit","floor":37},{"not_picked":["Dual Wield+1","Blood for Blood+1"],"picked":"Pommel Strike+1","floor":38},{"not_picked":["Sentinel+1","Shrug It Off+1"],"picked":"Entrench+1","floor":41},{"not_picked":["Double Tap+1","Clash+1","Sentinel+1"],"picked":"SKIP","floor":46},{"not_picked":["Trip+1","Finesse+1"],"picked":"Madness+1","floor":47},{"not_picked":["Dropkick+1","Thunderclap+1"],"picked":"Seeing Red+1","floor":48},{"not_picked":["Clothesline","Wild Strike","Twin Strike"],"picked":"SKIP","floor":48},{"not_picked":["True Grit+1","Rage+1"],"picked":"Infernal Blade+1","floor":54}],"player_experience":545454,"relics_obtained":[{"floor":9.0,"key":"Eternal Feather"},{"floor":13.0,"key":"Meat on the Bone"},{"floor":14.0,"key":"Regal Pillow"},{"floor":22,"key":"Red Mask"},{"floor":26,"key":"Matryoshka"},{"floor":29,"key":"Anchor"},{"floor":38,"key":"Mango"},{"floor":41,"key":"Toxic Egg 2"},{"floor":43,"key":"Boot"},{"floor":44,"key":"Lantern"},{"floor":44,"key":"Centennial Puzzle"},{"floor":46,"key":"Prayer Wheel"},{"floor":54,"key":"Self Forming Clay"}],"event_choices":[{"damage_healed":0.0,"max_hp_gain":0.0,"max_hp_loss":0.0,"gold_gain":0.0,"event_name":"Golden Idol","player_choice":"Take Damage","floor":5.0,"gold_loss":0.0,"damage_taken":20.0,"relics_obtained":["Golden Idol"]},{"damage_healed":0.0,"max_hp_gain":0.0,"max_hp_loss":0.0,"gold_gain":0.0,"event_name":"Scrap Ooze","player_choice":"Success","floor":7.0,"gold_loss":0.0,"damage_taken":7.0,"relics_obtained":["Shuriken"]},{"damage_healed":0.0,"max_hp_gain":0.0,"max_hp_loss":0.0,"gold_gain":0.0,"event_name":"The Library","player_choice":"Read","floor":20.0,"gold_loss":0.0,"damage_taken":0.0,"cards_obtained":["Second Wind"]},{"damage_healed":0,"gold_gain":0,"player_choice":"Fought Bandits","damage_taken":0,"max_hp_gain":0,"max_hp_loss":0,"event_name":"Masked Bandits","floor":22,"gold_loss":0},{"cards_removed":["Strike_R"],"damage_healed":0,"gold_gain":0,"player_choice":"Offered Basic","damage_taken":0,"max_hp_gain":0,"max_hp_loss":0,"event_name":"Bonfire Elementals","floor":24,"gold_loss":0},{"damage_healed":0,"gold_gain":333,"player_choice":"Gave Idol","damage_taken":0,"max_hp_gain":0,"max_hp_loss":0,"event_name":"The Moai Head","floor":36,"relics_lost":["Golden Idol"],"gold_loss":0},{"damage_healed":0,"gold_gain":0,"player_choice":"Fight","damage_taken":0,"max_hp_gain":0,"max_hp_loss":0,"event_name":"MindBloom","floor":38,"gold_loss":0},{"damage_healed":0,"gold_gain":222,"player_choice":"Wore Mask","damage_taken":0,"max_hp_gain":0,"max_hp_loss":0,"event_name":"Tomb of Lord Red Mask","floor":39,"gold_loss":0},{"damage_healed":0,"gold_gain":0,"player_choice":"Memory 3","damage_taken":10,"max_hp_gain":0,"max_hp_loss":0,"event_name":"SensoryStone","floor":47,"gold_loss":0}],"is_beta":false,"boss_relics":[{"not_picked":["Tiny House","Runic Dome"],"picked":"Velvet Choker"},{"not_picked":["Runic Cube","Sozu"],"picked":"SlaversCollar"}],"items_purged_floors":[19,30,53],"is_endless":false,"potions_floor_spawned":[2,12,22,28,31,33,38,41,46],"killed_by":"The Heart","ascension_level":8}}