{"host":"wwo1kwxjf4eyz37q","time":1609753714,"event":{"mods":["AchievementEnabler","BaseMod","Colored Map","Minty Spire (QoL Compilation)","Quick Restart","SuperFastMode"],"gold_per_floor":[359,187,201,201,201,201,230,230,257,268,283,312,312,325,325,427,427,439,180,180,191,191,191,210,210,281,316,350,70,87,101,101,203,203,215,234,248,267,217,248,248,248,248,248,248,41,60,73,73,73],"floor_reached":51,"playtime":3133,"items_purged":["Strike_B","Meteor Strike","All For One","Blizzard","Cold Snap"],"score":777,"play_id":"34aa4e70-0007-45ae-bfd7-e722fcb7f1c7","local_time":"20210104184834","is_ascension_mode":true,"campfire_choices":[{"data":"Zap","floor":6.0,"key":"SMITH"},{"data":"Dualcast","floor":8.0,"key":"SMITH"},{"floor":15.0,"key":"REST"},{"data":"Coolheaded","floor":23.0,"key":"SMITH"},{"data":"Coolheaded","floor":25.0,"key":"SMITH"},{"floor":32.0,"key":"REST"},{"data":"Consume","floor":41.0,"key":"SMITH"},{"data":"Seek","floor":45.0,"key":"SMITH"},{"data":"Thinking Ahead","floor":49.0,"key":"SMITH"}],"circlet_count":0,"master_deck":["Zap+1","Dualcast+1","Sunder+1","Streamline","Turbo","Coolheaded+1","Conserve Battery","Conserve Battery","BootSequence","Core Surge","Leap","Stack","Consume+1","Electrodynamics+1","Coolheaded+1","Beam Cell+1","Sweeping Beam+1","Tempest","Storm+1","Seek+1","Loop+1","Buffer+1","Storm+1","Redo+1","Hologram","Flash of Steel","Dark Shackles","Thinking Ahead+1","Defragment+1"],"relics":["Cracked Core","Bronze Scales","Frozen Egg 2","Tiny Chest","Smiling Mask","Art of War","Nloth\u0027s Gift","Regal Pillow","White Beast Statue","Calipers","Philosopher\u0027s Stone","Potion Belt","Bottled Lightning"],"acts_visited":["Exordium","TheCity","TheBeyond"],"potions_floor_usage":[50,50],"damage_taken":[{"damage":1.0,"enemies":"Cultist","floor":1.0,"turns":3.0},{"damage":5.0,"enemies":"Small Slimes","floor":3.0,"turns":2.0},{"damage":28.0,"enemies":"Gremlin Nob","floor":7.0,"turns":4.0},{"damage":0.0,"enemies":"2 Louse","floor":10.0,"turns":2.0},{"damage":6.0,"enemies":"Exordium Thugs","floor":11.0,"turns":2.0},{"damage":16.0,"enemies":"Lagavulin","floor":12.0,"turns":5.0},{"damage":2.0,"enemies":"3 Louse","floor":14.0,"turns":2.0},{"damage":12.0,"enemies":"The Guardian","floor":16.0,"turns":11.0},{"damage":21.0,"enemies":"Shell Parasite","floor":18.0,"turns":4.0},{"damage":0.0,"enemies":"3 Byrds","floor":21.0,"turns":2.0},{"damage":5.0,"enemies":"Snake Plant","floor":24.0,"turns":3.0},{"damage":0.0,"enemies":"3 Cultists","floor":27.0,"turns":3.0},{"damage":23.0,"enemies":"Gremlin Leader","floor":28.0,"turns":7.0},{"damage":23.0,"enemies":"Snecko","floor":30.0,"turns":5.0},{"damage":2.0,"enemies":"Cultist and Chosen","floor":31.0,"turns":3.0},{"damage":25.0,"enemies":"Automaton","floor":33.0,"turns":6.0},{"damage":0.0,"enemies":"Orb Walker","floor":35.0,"turns":3.0},{"damage":0.0,"enemies":"3 Darklings","floor":36.0,"turns":2.0},{"damage":0.0,"enemies":"Transient","floor":37.0,"turns":5.0},{"damage":9.0,"enemies":"Spire Growth","floor":38.0,"turns":5.0},{"damage":0.0,"enemies":"Reptomancer","floor":40.0,"turns":3.0},{"damage":2.0,"enemies":"3 Darklings","floor":47.0,"turns":3.0},{"damage":0.0,"enemies":"Sphere and 2 Shapes","floor":48.0,"turns":2.0},{"damage":29,"enemies":"Awakened One","floor":50,"turns":11}],"seed_played":"-5283217553850797127","potions_obtained":[{"floor":1.0,"key":"ColorlessPotion"},{"floor":21.0,"key":"PotionOfCapacity"},{"floor":24.0,"key":"SneckoOil"},{"floor":27.0,"key":"Regen Potion"},{"floor":28.0,"key":"AttackPotion"},{"floor":30.0,"key":"Swift Potion"},{"floor":31.0,"key":"PowerPotion"},{"floor":33.0,"key":"AttackPotion"},{"floor":35.0,"key":"AttackPotion"},{"floor":36.0,"key":"BlessingOfTheForge"},{"floor":37.0,"key":"SpeedPotion"},{"floor":38.0,"key":"DistilledChaos"},{"floor":40.0,"key":"FairyPotion"},{"floor":47.0,"key":"LiquidMemories"},{"floor":48.0,"key":"FocusPotion"}],"is_trial":false,"path_per_floor":["M","$","M","?","?","R","E","R","T","M","M","E","?","M","R","B",null,"M","$","?","M","T","R","M","R","T","M","E","$","M","M","R","B",null,"M","M","M","M","$","E","R","?","T","?","R","$","M","M","R","B",null],"character_chosen":"DEFECT","items_purchased":["Streamline","Turbo","Coolheaded","Art of War","Storm+1","Seek","Defragment+1","LiquidMemories"],"campfire_rested":2,"item_purchase_floors":[2,2,19,19,29,29,46,46],"current_hp_per_floor":[53,53,48,73,61,61,33,33,33,33,27,11,11,9,31,19,75,54,54,54,54,54,54,49,49,49,49,41,41,18,16,53,28,75,75,75,75,66,66,66,66,56,56,56,56,56,54,54,54,25],"gold":73,"neow_bonus":"TWO_FIFTY_GOLD","is_daily":false,"chose_seed":false,"campfire_upgraded":7,"win_rate":0.0,"timestamp":1609753714,"path_taken":["M","$","M","?","?","R","E","R","T","M","M","E","?","M","R","BOSS","M","$","?","?","?","R","M","R","T","M","E","$","M","M","R","BOSS","M","M","M","M","$","E","R","?","T","?","R","$","M","M","R","BOSS"],"items_purchased_type":["Card","Card","Card","Relic","Card","Card","Card","Potion"],"build_version":"2020-12-22","purchased_purges":5,"victory":true,"max_hp_per_floor":[75,75,75,75,75,75,75,75,75,75,75,75,75,75,75,75,75,75,75,75,75,75,75,75,75,75,75,75,75,75,75,75,75,75,75,75,75,75,75,75,75,75,75,75,75,75,75,75,75,75],"card_choices":[{"not_picked":["Compile Driver","Double Energy"],"picked":"Sunder","floor":1.0},{"not_picked":["Steam","Rebound"],"picked":"Cold Snap","floor":3.0},{"not_picked":["Barrage","Sweeping Beam"],"picked":"Coolheaded","floor":7.0},{"not_picked":["Beam Cell","Streamline"],"picked":"Conserve Battery","floor":10.0},{"not_picked":["Redo","Turbo"],"picked":"Conserve Battery","floor":11.0},{"not_picked":["Rainbow","Sunder"],"picked":"Creative AI+1","floor":12.0},{"not_picked":["Streamline","Compile Driver"],"picked":"BootSequence","floor":14.0},{"not_picked":["Rainbow","Fission"],"picked":"Core Surge","floor":16.0},{"not_picked":["Streamline+1","Gash","Stack"],"picked":"SKIP","floor":18.0},{"not_picked":["Streamline","Scrape","Leap"],"picked":"SKIP","floor":21.0},{"not_picked":["Reinforced Body+1","Static Discharge+1"],"picked":"Beam Cell+1","floor":24.0},{"not_picked":["Hologram","Aggregate+1"],"picked":"Sweeping Beam+1","floor":27.0},{"not_picked":["FTL+1","Sweeping Beam"],"picked":"Tempest","floor":28.0},{"not_picked":["Electrodynamics+1","Stack"],"picked":"Loop+1","floor":30.0},{"not_picked":["Machine Learning+1","BootSequence","Go for the Eyes"],"picked":"SKIP","floor":31.0},{"not_picked":["Core Surge","Reboot"],"picked":"Buffer+1","floor":33.0},{"not_picked":["Streamline","Leap","Hello World+1"],"picked":"SKIP","floor":35.0},{"not_picked":["Coolheaded","Gash"],"picked":"Storm+1","floor":36.0},{"not_picked":["Hello World+1","Reinforced Body+1"],"picked":"Redo+1","floor":37.0},{"not_picked":["Skim+1","Gash"],"picked":"Hologram","floor":38.0},{"not_picked":["Gash","Streamline+1","Stack+1"],"picked":"SKIP","floor":40.0},{"not_picked":["Secret Weapon","Discovery"],"picked":"Flash of Steel","floor":42.0},{"not_picked":["The Bomb","Secret Technique"],"picked":"Dark Shackles","floor":42.0},{"not_picked":["Flash of Steel","PanicButton"],"picked":"Thinking Ahead","floor":42.0},{"not_picked":["Rebound","Steam+1","Skim+1"],"picked":"SKIP","floor":47.0},{"not_picked":["Scrape+1","Hologram+1","Rebound"],"picked":"SKIP","floor":48.0}],"player_experience":179117,"relics_obtained":[{"floor":7.0,"key":"Frozen Egg 2"},{"floor":9.0,"key":"Tiny Chest"},{"floor":12.0,"key":"Smiling Mask"},{"floor":22.0,"key":"Regal Pillow"},{"floor":26.0,"key":"White Beast Statue"},{"floor":28.0,"key":"Calipers"},{"floor":40.0,"key":"Potion Belt"},{"floor":43.0,"key":"Bottled Lightning"}],"event_choices":[{"damage_healed":25.0,"max_hp_gain":0.0,"max_hp_loss":0.0,"gold_gain":0.0,"event_name":"Big Fish","player_choice":"Banana","floor":4.0,"gold_loss":0.0,"damage_taken":0.0},{"damage_healed":0.0,"max_hp_gain":0.0,"max_hp_loss":0.0,"gold_gain":0.0,"event_name":"Scrap Ooze","player_choice":"Success","floor":5.0,"gold_loss":0.0,"damage_taken":12.0,"relics_obtained":["Bronze Scales"]},{"damage_healed":0.0,"max_hp_gain":0.0,"max_hp_loss":0.0,"gold_gain":0.0,"event_name":"Upgrade Shrine","player_choice":"Upgraded","floor":13.0,"gold_loss":0.0,"damage_taken":0.0,"cards_upgraded":["Sunder"]},{"damage_healed":0.0,"max_hp_gain":0.0,"max_hp_loss":0.0,"gold_gain":0.0,"event_name":"N\u0027loth","player_choice":"Traded Relic","floor":20.0,"relics_lost":["Pandora\u0027s Box"],"gold_loss":0.0,"damage_taken":0.0,"relics_obtained":["Nloth\u0027s Gift"]},{"damage_healed":0.0,"max_hp_gain":0.0,"max_hp_loss":0.0,"gold_gain":0.0,"event_name":"SensoryStone","player_choice":"Memory 3","floor":42.0,"gold_loss":0.0,"damage_taken":10.0},{"cards_removed":["Creative AI"],"damage_healed":0.0,"max_hp_gain":0.0,"max_hp_loss":0.0,"gold_gain":0.0,"event_name":"Purifier","player_choice":"Purged","floor":44.0,"gold_loss":0.0,"damage_taken":0.0}],"is_beta":false,"boss_relics":[{"not_picked":["FrozenCore","Black Star"],"picked":"Pandora\u0027s Box"},{"not_picked":["SacredBark","Snecko Eye"],"picked":"Philosopher\u0027s Stone"}],"items_purged_floors":[2,19,29,39,46],"is_endless":false,"potions_floor_spawned":[1,7,21,24,27,28,30,31,33,35,36,37,38,40,47,48],"ascension_level":2}}