{"host":"ifw7cdx76lcpw3w9","time":1609750933,"event":{"mods":["AchievementEnabler","Act Like it!","BaseMod","Conspire","Friendly Minions","Minty Spire (QoL Compilation)","Potionbrewer","StSLib","The Factory"],"gold_per_floor":[113,213,226,226,237,237,262,66,89,89,123,123,151,171,171,171,171],"floor_reached":16,"playtime":1622,"items_purged":["potionbrewer:PotionbrewerStrike"],"score":108,"play_id":"c404f21f-0978-488c-8fda-9e2755ba5c05","local_time":"20210104020213","is_ascension_mode":false,"campfire_choices":[{"data":"potionbrewer:PortableLab","floor":6,"key":"SMITH"},{"data":"potionbrewer:ChemicalRage","floor":10,"key":"SMITH"},{"data":"potionbrewer:IronHeart","floor":12,"key":"SMITH"},{"data":"potionbrewer:TwoForOne","floor":15,"key":"SMITH"}],"circlet_count":0,"master_deck":["potionbrewer:PotionbrewerStrike","potionbrewer:PotionbrewerStrike","potionbrewer:PotionbrewerStrike","potionbrewer:PotionbrewerDefend","potionbrewer:PotionbrewerDefend","potionbrewer:PotionbrewerDefend","potionbrewer:PotionbrewerDefend","potionbrewer:Collect+1","potionbrewer:ChemicalSpill","potionbrewer:PortableLab+1","potionbrewer:IronHeart+1","potionbrewer:ChemicalRage+1","potionbrewer:Contingency","potionbrewer:LabJournal","potionbrewer:TwoForOne+1","potionbrewer:CrossReference"],"relics":["potionbrewer:PotionKit","NeowsBlessing","Happy Flower","Bag of Marbles","Odd Mushroom"],"acts_visited":["Exordium"],"potions_floor_usage":[7,7,11,11,11,13,14,16,16,16,16,16],"damage_taken":[{"damage":0,"enemies":"Jaw Worm","floor":1,"turns":1},{"damage":0,"enemies":"Cultist","floor":3,"turns":1},{"damage":0,"enemies":"2 Louse","floor":5,"turns":1},{"damage":17,"enemies":"3 Sentries","floor":7,"turns":11},{"damage":2,"enemies":"Lagavulin","floor":11,"turns":8},{"damage":5,"enemies":"The Mushroom Lair","floor":13,"turns":5},{"damage":0,"enemies":"Exordium Thugs","floor":14,"turns":5},{"damage":58,"enemies":"Slime Boss","floor":16,"turns":7}],"seed_played":"3626597757067172703","potions_obtained":[{"floor":1,"key":"potionbrewer:AcidPotion"},{"floor":3,"key":"SpeedPotion"},{"floor":5,"key":"BlessingOfTheForge"},{"floor":13,"key":"potionbrewer:NoxiousPotion"}],"is_trial":false,"path_per_floor":["M","?","M","?","M","R","E","$","T","R","E","R","?","M","R","B"],"character_chosen":"POTIONBREWER","items_purchased":["potionbrewer:ChemicalRage","potionbrewer:Contingency"],"campfire_rested":0,"item_purchase_floors":[8,8],"current_hp_per_floor":[75,75,75,75,75,75,58,58,58,58,56,56,51,51,51,0,0],"gold":171,"neow_bonus":"THREE_ENEMY_KILL","is_daily":false,"chose_seed":false,"campfire_upgraded":4,"win_rate":0.0,"timestamp":1609750933,"path_taken":["M","?","?","?","M","R","E","?","T","R","E","R","?","M","R","BOSS"],"items_purchased_type":["Card","Card"],"build_version":"2020-12-22","purchased_purges":1,"victory":false,"max_hp_per_floor":[75,75,75,75,75,75,75,75,75,75,75,75,75,75,75,75,75],"card_choices":[{"not_picked":["potionbrewer:ChemicalShroud","potionbrewer:LabJournal"],"picked":"potionbrewer:PortableLab","floor":1},{"not_picked":["potionbrewer:ExplosiveReaction","potionbrewer:Brandish","potionbrewer:Toxicity"],"picked":"SKIP","floor":3},{"not_picked":["potionbrewer:Toxicity","potionbrewer:Brandish","potionbrewer:QuickStep","potionbrewer:Prototype"],"picked":"SKIP","floor":5},{"not_picked":["potionbrewer:Refill","potionbrewer:OneTwoPunch","potionbrewer:Prototype"],"picked":"potionbrewer:IronHeart","floor":7},{"not_picked":["potionbrewer:ExplosiveReaction","potionbrewer:QuickStep"],"picked":"potionbrewer:LabJournal","floor":11},{"not_picked":["potionbrewer:AcidCloud","potionbrewer:OneTwoPunch"],"picked":"potionbrewer:TwoForOne","floor":13},{"not_picked":["potionbrewer:Contingency","potionbrewer:TimeBomb","potionbrewer:Prototype"],"picked":"potionbrewer:CrossReference","floor":14}],"player_experience":55864,"relics_obtained":[{"floor":7,"key":"Happy Flower"},{"floor":11,"key":"Bag of Marbles"},{"floor":13,"key":"Odd Mushroom"}],"event_choices":[{"damage_healed":0,"gold_gain":100,"player_choice":"Pray","damage_taken":0,"max_hp_gain":0,"max_hp_loss":0,"event_name":"Golden Shrine","floor":2,"gold_loss":0},{"damage_healed":0,"gold_gain":0,"player_choice":"Upgraded","damage_taken":0,"max_hp_gain":0,"max_hp_loss":0,"event_name":"Upgrade Shrine","floor":4,"gold_loss":0,"cards_upgraded":["potionbrewer:Collect"]},{"damage_healed":0,"gold_gain":0,"player_choice":"Fought Mushrooms","damage_taken":0,"max_hp_gain":0,"max_hp_loss":0,"event_name":"Mushrooms","floor":13,"gold_loss":0}],"is_beta":false,"boss_relics":[],"items_purged_floors":[8],"is_endless":false,"potions_floor_spawned":[1,3,5,13],"killed_by":"Slime Boss","ascension_level":0}}