{"host":"u0qetpmu4y58k1tf","time":1609769598,"event":{"mods":["AchievementEnabler","BaseMod","Colored Map","Colored Powertips","Hermit","Marisa£¨Ùöéë¡¡Øª×âÞÞ£©","Minty Spire (QoL Compilation)","Replay The Spire","StSLib","SuperFastMode","The Bug Knight","The Cursed","The Hierophant","The Runesmith"],"gold_per_floor":[112,37,37,37,37,37,70,70,139,155,185,185,227,267,385,545,545,606,680,765,837,837,837,837,491,567,482,506,574,661,732,732,979,979,1024,1086,1086,1318,303,303,374,27,27,27,72,72,175,175,175,249],"floor_reached":51,"playtime":2695,"items_purged":["Strike_G","Defend_G","Strike_G","Strike_G"],"score":919,"play_id":"de74f8e9-b585-4031-a711-08fa02d1bf19","local_time":"20210104231318","is_ascension_mode":false,"campfire_choices":[{"data":"Blade Dance","floor":6,"key":"SMITH"},{"data":"ReplayTheSpireMod:Scrap Shanks","floor":8,"key":"SMITH"},{"data":"Calculated Gamble","floor":23,"key":"SMITH"},{"floor":32,"key":"REST"},{"data":"Mayhem","floor":40,"key":"SMITH"},{"data":"Madness","floor":49,"key":"SMITH"}],"circlet_count":0,"master_deck":["Strike_G","Strike_G","Defend_G","Defend_G+1","Defend_G","Defend_G+1","Survivor","Neutralize","Blade Dance+1","ReplayTheSpireMod:Scrap Shanks+1","Prepared","Backflip","Acrobatics+1","Blade Dance","Tools of the Trade","Prepared","Hidden Blade","Outmaneuver+1","Calculated Gamble+1","ReplayTheSpireMod:Scrap Shanks","Flash of Steel","Escape Plan+1","Acrobatics","Reflex","Venomology","Prepared+1","Backstab","Slice+1","Prepared","Blind","Slice","Mayhem+1","A Thousand Cuts","Prepared","Panache","Footwork+1","Madness+1","Madness","Underhanded Strike+1"],"relics":["Ring of the Snake","NeowsBlessing","Golden Idol","War Paint","Replay:Bandana","Iron Hammer","Spirit Poop","Snecko Scales","MutagenicStrength","Orrery","ReplayTheSpireMod:Shallot","Pantograph","Gremlin Food","Bottled Tornado","Sozu","Vajra","Toolbox","Pet Ghost","Dream Catcher","Pen Nib","Peace Pipe"],"acts_visited":["Exordium","TheCity","TheBeyond"],"potions_floor_usage":[36,38],"damage_taken":[{"damage":0,"enemies":"2 Louse","floor":1,"turns":1},{"damage":0,"enemies":"3 Sentries","floor":7,"turns":2},{"damage":0,"enemies":"Jaw Worm","floor":10,"turns":1},{"damage":0,"enemies":"Small Slimes","floor":11,"turns":1},{"damage":3,"enemies":"Gremlin Gang","floor":13,"turns":3},{"damage":0,"enemies":"Lots of Slimes","floor":14,"turns":5},{"damage":34,"enemies":"Fading Forest","floor":16,"turns":11},{"damage":10,"enemies":"2 Thieves","floor":18,"turns":2},{"damage":2,"enemies":"3 Byrds","floor":19,"turns":3},{"damage":9,"enemies":"Centurion and Healer","floor":20,"turns":3},{"damage":11,"enemies":"Shelled Parasite and Fungi","floor":21,"turns":2},{"damage":0,"enemies":"Chosen and Byrds","floor":29,"turns":3},{"damage":9,"enemies":"Gremlin Leader","floor":30,"turns":2},{"damage":0,"enemies":"Snake Plant","floor":31,"turns":3},{"damage":0,"enemies":"Champ","floor":33,"turns":4},{"damage":0,"enemies":"Orb Walker","floor":35,"turns":1},{"damage":33,"enemies":"3 Shapes","floor":36,"turns":3},{"damage":0,"enemies":"Transient","floor":38,"turns":5},{"damage":0,"enemies":"Nemesis","floor":41,"turns":1},{"damage":0,"enemies":"Jaw Worm Horde","floor":45,"turns":1},{"damage":0,"enemies":"Mind Bloom Boss Battle","floor":47,"turns":2},{"damage":23,"enemies":"Donu and Deca","floor":50,"turns":3}],"seed_played":"1834646924176464985","potions_obtained":[{"floor":7,"key":"Regen Potion"},{"floor":13,"key":"SpeedPotion"},{"floor":14,"key":"Elixir"},{"floor":19,"key":"Poison Potion"},{"floor":20,"key":"Venom Potion"},{"floor":21,"key":"Elixir"},{"floor":33,"key":"PowerPotion"}],"is_trial":false,"path_per_floor":["M","$","?","?","$","R","E","R","T","M","M","?","M","M","R_BF","B",null,"M","M","M","M","?","R","?","$","T","?","T","M","E","M","R","B",null,"M","M","?","M","$","R","E","$","T","$","M","?","?","?","R","B",null],"character_chosen":"THE_SILENT","items_purchased":["Flash of Steel","Orrery","Vajra","Prepared","Blind","Toolbox","Pet Ghost","Slice","Mayhem","A Thousand Cuts","Panache"],"campfire_rested":1,"item_purchase_floors":[25,25,39,39,39,39,39,39,39,39,42],"current_hp_per_floor":[70,70,53,53,53,53,53,53,53,53,53,53,50,50,50,16,70,60,58,49,38,38,38,38,38,38,38,38,38,29,29,50,70,70,70,37,37,51,51,51,51,51,51,51,51,42,67,67,67,47],"gold":249,"neow_bonus":"THREE_ENEMY_KILL","is_daily":false,"chose_seed":false,"campfire_upgraded":5,"win_rate":0.0,"timestamp":1609769598,"path_taken":["M","$","?","?","$","R","E","R","T","M","M","?","M","M","R_BF","BOSS","M","?","?","M","?","R","?","$","T","?","?","M","E","M","R","BOSS","M","M","?","M","$","R","E","?","T","$","M","?","?","?","R","BOSS"],"items_purchased_type":["Card","Relic","Relic","Card","Card","Relic","Relic","Card","Card","Card","Card"],"build_version":"2020-12-22","purchased_purges":4,"victory":true,"max_hp_per_floor":[70,70,70,70,70,70,70,70,70,70,70,70,70,70,70,70,70,70,70,70,70,70,70,70,70,70,70,70,70,70,70,70,70,70,70,70,70,70,70,70,70,70,70,70,70,70,70,70,70,70],"card_choices":[{"not_picked":["Deflect","Quick Slash"],"picked":"Blade Dance","floor":1},{"not_picked":["Caltrops","Backflip"],"picked":"ReplayTheSpireMod:Scrap Shanks","floor":7},{"not_picked":["Dodge and Roll","Poisoned Stab"],"picked":"Prepared","floor":10},{"not_picked":["Dodge and Roll","Dagger Spray"],"picked":"Backflip","floor":11},{"not_picked":["Quick Slash","Riddle With Holes"],"picked":"Acrobatics","floor":13},{"not_picked":["PiercingWail","Dash"],"picked":"Blade Dance","floor":14},{"not_picked":["Doppelganger","Adrenaline"],"picked":"Tools of the Trade","floor":16},{"not_picked":["Flying Knee","Fluid Movement"],"picked":"Prepared","floor":18},{"not_picked":["ReplayTheSpireMod:The Works+1","Calculated Gamble"],"picked":"Hidden Blade","floor":19},{"not_picked":["Distraction","Crippling Poison"],"picked":"Outmaneuver+1","floor":20},{"not_picked":["Backflip","Sucker Punch+1"],"picked":"Calculated Gamble","floor":21},{"not_picked":["Hidden Blade+1","Fluid Movement+1"],"picked":"Escape Plan+1","floor":25},{"not_picked":["Outmaneuver","Crippling Poison"],"picked":"Acrobatics","floor":25},{"not_picked":["Calculated Gamble","Outmaneuver"],"picked":"Reflex","floor":25},{"not_picked":["Draining Mist+1","Dodge and Roll"],"picked":"Outmaneuver+1","floor":25},{"not_picked":["Fluid Movement","Sucker Punch","Die Die Die"],"picked":"SKIP","floor":29},{"not_picked":["Quick Slash+1","PiercingWail","ReplayTheSpireMod:Tripwire+1"],"picked":"SKIP","floor":30},{"not_picked":["Poisoned Stab","Blade Dance","ReplayTheSpireMod:Exploit Weakness"],"picked":"SKIP","floor":31},{"not_picked":["Glass Knife","Bullet Time"],"picked":"Venomology","floor":33},{"not_picked":["Dodge and Roll","Sucker Punch"],"picked":"Prepared+1","floor":35},{"not_picked":["All Out Attack+1","Fluid Movement+1"],"picked":"Backstab","floor":36},{"not_picked":["Dodge and Roll+1","Footwork"],"picked":"Slice+1","floor":38},{"not_picked":["Backflip+1","Acrobatics"],"picked":"Prepared","floor":41},{"not_picked":["Sucker Punch","Acrobatics"],"picked":"Footwork+1","floor":45},{"not_picked":["PiercingWail+1","Backflip+1"],"picked":"Underhanded Strike+1","floor":47}],"player_experience":10507,"relics_obtained":[{"floor":7,"key":"Replay:Bandana"},{"floor":9,"key":"Iron Hammer"},{"floor":26,"key":"ReplayTheSpireMod:Shallot"},{"floor":28,"key":"Gremlin Food"},{"floor":30,"key":"Bottled Tornado"},{"floor":41,"key":"Dream Catcher"},{"floor":43,"key":"Pen Nib"},{"floor":47,"key":"Peace Pipe"}],"event_choices":[{"damage_healed":0,"gold_gain":0,"player_choice":"Take Damage","damage_taken":17,"relics_obtained":["Golden Idol"],"max_hp_gain":0,"max_hp_loss":0,"event_name":"Golden Idol","floor":3,"gold_loss":0},{"damage_healed":0,"gold_gain":0,"player_choice":"Box","damage_taken":0,"relics_obtained":["War Paint"],"max_hp_gain":0,"max_hp_loss":0,"event_name":"Big Fish","floor":4,"gold_loss":0,"cards_obtained":["Regret"]},{"cards_removed":["Regret"],"damage_healed":0,"gold_gain":0,"player_choice":"Offered Curse","damage_taken":0,"relics_obtained":["Spirit Poop"],"max_hp_gain":0,"max_hp_loss":0,"event_name":"Bonfire Elementals","floor":12,"gold_loss":0},{"damage_healed":0,"gold_gain":0,"player_choice":"Inject Mutagens","damage_taken":0,"relics_obtained":["MutagenicStrength"],"max_hp_gain":0,"max_hp_loss":0,"event_name":"Drug Dealer","floor":22,"gold_loss":0},{"damage_healed":0,"gold_gain":0,"player_choice":"Read","damage_taken":0,"max_hp_gain":0,"max_hp_loss":0,"event_name":"The Library","floor":24,"gold_loss":0,"cards_obtained":["ReplayTheSpireMod:Scrap Shanks"]},{"damage_healed":0,"gold_gain":0,"player_choice":"Obtained Relic","damage_taken":0,"relics_obtained":["Pantograph"],"max_hp_gain":0,"max_hp_loss":0,"event_name":"Addict","floor":27,"gold_loss":85},{"cards_removed":["Outmaneuver"],"damage_healed":0,"gold_gain":0,"player_choice":"Removed Skill","damage_taken":0,"max_hp_gain":0,"max_hp_loss":0,"event_name":"Falling","floor":37,"gold_loss":0},{"damage_healed":0,"gold_gain":0,"player_choice":"Embrace Madness","damage_taken":9,"max_hp_gain":0,"max_hp_loss":0,"event_name":"Winding Halls","floor":46,"gold_loss":0,"cards_obtained":["Madness","Madness"]},{"damage_healed":0,"gold_gain":0,"player_choice":"Fight","damage_taken":0,"max_hp_gain":0,"max_hp_loss":0,"event_name":"MindBloom","floor":47,"gold_loss":0}],"is_beta":false,"boss_relics":[{"not_picked":["Replay:Drink Me","Replay:Wanted Poster"],"picked":"Snecko Scales"},{"not_picked":["Black Star","Snecko Eye"],"picked":"Sozu"}],"items_purged_floors":[2,25,39,42],"is_endless":false,"potions_floor_spawned":[7,13,14,19,20,21,29,33,36,41,47],"ascension_level":0}}