{"host":"97uhrltlnmtdj0hv","time":1609777238,"event":{"mods":["2.2 Compatiblity","AchievementEnabler","Act Like it!","Aspiration","Bartender","BaseMod","Better Match","Better Note","Better Skull","Better Third Choice","BetterRewards","Colored Map","Colored Powertips","Conspire","Elementarium","Energized Spire","Friendly Minions","Gensokyo","GifTheSpireLib","Gold Saver","Halation","Hallownest","Hermit","Hubris","Infinite Spire","Jorbs\u0027s Wanderer Trilogy","Koishi","Luminous","Marisa????????","Minty Spire (QoL Compilation)","Pale of the Ancients","Permanent Neow","Potionbrewer","Quick Restart","Rare Cards Sparkle","Replay The Spire","Reworked Bosses","Robot Space Explorer","Shade Mod","Somnambulant","Spicy Shops","Spikes Relics","StSLib","Stuff the Spire","SuperFastMode","The Blackbeard","The Bug Knight","The Cursed","The Druid","The Marked","The Necromancer","The Problem Sleuth","The Senshi","The Servant 0.9.4","The Vixen","TheVacant","Trackpad","Wandering Minibosses","everything is the same but u backflip on backflip"],"gold_per_floor":[393,7,0,0,17,297,63,63,90,100,100,108,117,150,150,229,229,173,184,137,61,56,51,51],"floor_reached":23,"playtime":1494,"items_purged":[],"score":228,"play_id":"16bc6884-4949-4bb7-8dd5-89f9c881de70","local_time":"20210104092038","is_ascension_mode":false,"campfire_choices":[{"data":"RobotSpaceExplorer:Autoloader","floor":15,"key":"SMITH"}],"circlet_count":0,"master_deck":["RobotSpaceExplorer:Strike","RobotSpaceExplorer:Strike","RobotSpaceExplorer:Strike","RobotSpaceExplorer:Strike","RobotSpaceExplorer:Defend","RobotSpaceExplorer:Defend","RobotSpaceExplorer:Defend","RobotSpaceExplorer:Scan","RobotSpaceExplorer:Scanner","RobotSpaceExplorer:ScrapMissile","RobotSpaceExplorer:Pulsar+1","RobotSpaceExplorer:Pulsar","RobotSpaceExplorer:IronShell","RobotSpaceExplorer:Discharger","RobotSpaceExplorer:MiniLasers","Gensokyo:SummonYinYangFox","RobotSpaceExplorer:Calculate","RobotSpaceExplorer:Probe","RobotSpaceExplorer:MiniDrones","RobotSpaceExplorer:Autoloader+1","RobotSpaceExplorer:Wormhole","RobotSpaceExplorer:SurgingShield","Invigoration","Heavy Blade+1","RobotSpaceExplorer:Fix"],"relics":["RobotSpaceExplorer:RoboCore","potionbrewer:Keyblade","hubris:Icosahedron","Blue Doll","PreservedInsect","Lantern","StuffTheSpire:Mouthbags","Gensokyo:CelestialsFlawlessClothing","halation:AfternoonTea","StuffTheSpire:MayFlowers","Gensokyo:Companionship","potionbrewer:ToyAutogyro","aspiration:IroncladSkillbook","Bag of Preparation"],"acts_visited":["Exordium","Gensokyo:Gensokyo"],"potions_floor_usage":[16,16,19,20],"damage_taken":[{"damage":0,"enemies":"Gensokyo:2_Kodama","floor":1,"turns":5},{"damage":0,"enemies":"Gensokyo:3_Fairies","floor":3,"turns":7},{"damage":9,"enemies":"Gensokyo:Gryphon","floor":5,"turns":5},{"damage":18,"enemies":"Gensokyo:Mamizou","floor":6,"turns":12},{"damage":7,"enemies":"Gensokyo:Kitsune","floor":10,"turns":4},{"damage":0,"enemies":"Gensokyo:VengefulSpirit","floor":12,"turns":3},{"damage":0,"enemies":"Gensokyo:2_Rabbits","floor":13,"turns":4},{"damage":0,"enemies":"Gensokyo:Aya","floor":14,"turns":3},{"damage":11,"enemies":"Gensokyo:Kokoro","floor":16,"turns":15},{"damage":2,"enemies":"Hallownest:3_Youths","floor":18,"turns":8},{"damage":14,"enemies":"Hallownest:Flukemon_and_Top","floor":19,"turns":7},{"damage":50,"enemies":"Hallownest:Master_and_Novice","floor":20,"turns":8},{"damage":9,"enemies":"Hallownest:3_Mistakes","floor":22,"turns":6},{"damage":38,"enemies":"Hallownest:eliteWatcherKnight","floor":23,"turns":6}],"seed_played":"1449014578788617259","potions_obtained":[{"floor":6,"key":"PowerPotion"},{"floor":12,"key":"potionbrewer:QuicksilverPotion"},{"floor":13,"key":"Block Potion"},{"floor":16,"key":"BlessingOfTheForge"},{"floor":20,"key":"Weak Potion"},{"floor":22,"key":"potionbrewer:DiscountPotion"}],"is_trial":false,"path_per_floor":["M","COS","M","?","M","E","$","?","T","M","T","M","M","E","R","B",null,"M","M","M","$","M","E"],"character_chosen":"RobotSpaceExplorer","items_purchased":["Lantern","StuffTheSpire:Mouthbags","Bag of Preparation"],"campfire_rested":0,"item_purchase_floors":[7,7,21],"current_hp_per_floor":[75,75,75,75,66,48,48,30,30,23,23,23,75,75,75,70,75,75,71,31,31,29,75,75],"gold":51,"neow_bonus":"TRANSFORM_CARD","is_daily":false,"chose_seed":false,"campfire_upgraded":1,"win_rate":0.0,"timestamp":1609777238,"path_taken":["M","COS","M","?","M","E","$","?","T","M","?","M","M","E","R","BOSS","M","M","M","$","M","E"],"items_purchased_type":["Relic","Relic","Relic"],"build_version":"2020-12-22","purchased_purges":0,"victory":false,"max_hp_per_floor":[75,75,75,75,75,75,75,75,75,75,75,75,75,75,75,75,75,75,75,75,75,75,75,75],"card_choices":[{"not_picked":["RobotSpaceExplorer:ImprovisedAttack","RobotSpaceExplorer:SurgingShield"],"picked":"RobotSpaceExplorer:ScrapMissile","floor":1},{"not_picked":["RobotSpaceExplorer:ShockKick+1","RobotSpaceExplorer:FranticSearch+1"],"picked":"RobotSpaceExplorer:Pulsar+1","floor":3},{"not_picked":["RobotSpaceExplorer:SurgingShield","RobotSpaceExplorer:StunGrenade"],"picked":"RobotSpaceExplorer:Pulsar","floor":3},{"not_picked":["RobotSpaceExplorer:Counterblock","RobotSpaceExplorer:ExhaustFan"],"picked":"RobotSpaceExplorer:IronShell","floor":5},{"not_picked":["RobotSpaceExplorer:SwiftStep","RobotSpaceExplorer:GlueShot"],"picked":"RobotSpaceExplorer:Discharger","floor":6},{"not_picked":["RobotSpaceExplorer:Probe","RobotSpaceExplorer:ScrapMissile"],"picked":"RobotSpaceExplorer:Calculate","floor":10},{"not_picked":["RobotSpaceExplorer:FrostMissile","RobotSpaceExplorer:Explosion"],"picked":"RobotSpaceExplorer:Probe","floor":12},{"not_picked":["RobotSpaceExplorer:Pulsar","RobotSpaceExplorer:ScrapToss"],"picked":"RobotSpaceExplorer:MiniDrones","floor":13},{"not_picked":["RobotSpaceExplorer:Discharger","RobotSpaceExplorer:Probe"],"picked":"RobotSpaceExplorer:Autoloader","floor":14},{"not_picked":["RobotSpaceExplorer:Exploration","RobotSpaceExplorer:Explosion"],"picked":"RobotSpaceExplorer:Wormhole","floor":16},{"not_picked":["conspire:ExplosiveBarrier+1","StuffTheSpire:RockThrow","RobotSpaceExplorer:SwiftStep"],"picked":"RobotSpaceExplorer:SurgingShield","floor":18},{"not_picked":["Pummel","RobotSpaceExplorer:SurgingShield","RobotSpaceExplorer:GlueShot"],"picked":"Invigoration","floor":19},{"not_picked":["RobotSpaceExplorer:SwiftStep","RobotSpaceExplorer:FreezingShield","Body Slam"],"picked":"Heavy Blade+1","floor":20},{"not_picked":["RobotSpaceExplorer:FranticSearch","RobotSpaceExplorer:FrostMissile+1","StuffTheSpire:Incineration"],"picked":"RobotSpaceExplorer:Fix","floor":22}],"player_experience":362484,"relics_obtained":[{"floor":6,"key":"PreservedInsect"},{"floor":9,"key":"halation:AfternoonTea"},{"floor":11,"key":"StuffTheSpire:MayFlowers"},{"floor":14,"key":"potionbrewer:ToyAutogyro"}],"event_choices":[],"is_beta":false,"boss_relics":[{"not_picked":["conspire:RunicOctahedron","halation:MonkeysPaw"],"picked":"aspiration:IroncladSkillbook"}],"items_purged_floors":[],"is_endless":false,"potions_floor_spawned":[6,12,13,16,20,22],"killed_by":"Hallownest:eliteWatcherKnight","ascension_level":0}}