{"host":"vsgmwxc1n8l4tqfd","time":1609770880,"event":{"mods":["AchievementEnabler","BaseMod","Bestiary","Block Reminder","Colored Map","Colored Powertips","Minty Spire (QoL Compilation)","Quick Restart"],"gold_per_floor":[111,111,56,75,89,108,108,120,147,147,147,23,42,58,58,189,189,209,209,209,232,331,331,351,351,351,351,371,391,391,407,407,407,407],"floor_reached":33,"playtime":1098,"items_purged":["Injury"],"score":239,"play_id":"c11eaa5e-b693-46a3-b30e-ff1c3b4b0c4d","local_time":"20210104143440","is_ascension_mode":false,"campfire_choices":[{"data":"Bouncing Flask","floor":7,"key":"SMITH"},{"data":"Slice","floor":11,"key":"SMITH"},{"data":"Poisoned Stab","floor":15,"key":"SMITH"},{"data":"Corpse Explosion","floor":23,"key":"SMITH"},{"data":"Bane","floor":25,"key":"SMITH"},{"data":"Bane","floor":27,"key":"SMITH"},{"floor":30,"key":"REST"},{"floor":32,"key":"REST"}],"circlet_count":0,"master_deck":["Strike_G","Strike_G","Strike_G","Strike_G","Strike_G","Defend_G","Defend_G","Defend_G","Defend_G","Defend_G","Survivor","Neutralize","Bane+1","Bouncing Flask+1","Bane+1","All Out Attack","Slice+1","Poisoned Stab+1","Terror","Well Laid Plans","Corpse Explosion+1","Dagger Spray+1","Backstab","Writhe","Infinite Blades","Underhanded Strike","Eviscerate","Dodge and Roll"],"relics":["Ring of the Snake","Blood Vial","Tiny Chest","Golden Idol","Busted Crown","PreservedInsect","Potion Belt","Unceasing Top"],"acts_visited":["Exordium","TheCity"],"potions_floor_usage":[16,16,24,29],"damage_taken":[{"damage":0,"enemies":"Cultist","floor":1,"turns":5},{"damage":0,"enemies":"Jaw Worm","floor":4,"turns":5},{"damage":0,"enemies":"2 Louse","floor":5,"turns":2},{"damage":6,"enemies":"Large Slime","floor":6,"turns":9},{"damage":0,"enemies":"3 Louse","floor":8,"turns":2},{"damage":0,"enemies":"2 Fungi Beasts","floor":13,"turns":2},{"damage":7,"enemies":"Blue Slaver","floor":14,"turns":2},{"damage":29,"enemies":"The Guardian","floor":16,"turns":6},{"damage":0,"enemies":"Chosen","floor":18,"turns":4},{"damage":0,"enemies":"3 Byrds","floor":24,"turns":2},{"damage":21,"enemies":"Snake Plant","floor":28,"turns":2},{"damage":22,"enemies":"Centurion and Healer","floor":29,"turns":3},{"damage":11,"enemies":"Cultist and Chosen","floor":31,"turns":5},{"damage":76,"enemies":"Automaton","floor":33,"turns":6}],"seed_played":"5974665949493113474","potions_obtained":[{"floor":6,"key":"Poison Potion"},{"floor":8,"key":"Ancient Potion"},{"floor":14,"key":"DistilledChaos"},{"floor":16,"key":"ColorlessPotion"},{"floor":28,"key":"AttackPotion"},{"floor":29,"key":"SteroidPotion"}],"is_trial":false,"path_per_floor":["M","?","?","M","M","M","R","M","T","?","R","$","M","M","R","B",null,"M","?","?","T","?","R","M","R","T","R","M","M","R","M","R","B"],"character_chosen":"THE_SILENT","items_purchased":["Poisoned Stab"],"campfire_rested":2,"item_purchase_floors":[12],"current_hp_per_floor":[77,77,77,77,77,71,71,73,73,73,73,73,75,70,70,43,77,77,77,77,77,77,77,77,77,77,77,56,36,59,50,73,0,0],"gold":407,"neow_bonus":"TEN_PERCENT_HP_BONUS","is_daily":false,"chose_seed":false,"campfire_upgraded":6,"win_rate":0.0,"timestamp":1609770880,"path_taken":["M","?","?","M","?","M","R","M","T","?","R","$","M","M","R","BOSS","M","?","?","?","?","R","M","R","T","R","M","M","R","M","R","BOSS"],"items_purchased_type":["Card"],"build_version":"2020-12-22","purchased_purges":1,"victory":false,"max_hp_per_floor":[77,77,77,77,77,77,77,77,77,77,77,77,77,77,77,77,77,77,77,77,77,77,77,77,77,77,77,77,77,77,77,77,77,77],"card_choices":[{"not_picked":["Slice","Masterful Stab"],"picked":"Bane","floor":1},{"not_picked":["Prepared","Deflect"],"picked":"Bouncing Flask","floor":4},{"not_picked":["PiercingWail","Underhanded Strike"],"picked":"Bane","floor":5},{"not_picked":["Riddle With Holes","Tactician"],"picked":"All Out Attack","floor":6},{"not_picked":["Glass Knife","Blade Dance"],"picked":"Slice","floor":8},{"not_picked":["Prepared","Distraction"],"picked":"Terror","floor":13},{"not_picked":["Flying Knee","Masterful Stab"],"picked":"Well Laid Plans","floor":14},{"not_picked":["A Thousand Cuts","Doppelganger"],"picked":"Corpse Explosion","floor":16},{"not_picked":[],"picked":"Dagger Spray+1","floor":18},{"not_picked":[],"picked":"Infinite Blades","floor":24},{"not_picked":[],"picked":"Underhanded Strike","floor":28},{"not_picked":[],"picked":"Eviscerate","floor":29},{"not_picked":[],"picked":"Dodge and Roll","floor":31}],"player_experience":46603,"relics_obtained":[{"floor":9,"key":"Tiny Chest"},{"floor":21,"key":"Potion Belt"},{"floor":26,"key":"Unceasing Top"}],"event_choices":[{"damage_healed":0,"gold_gain":0,"player_choice":"Leave","damage_taken":0,"max_hp_gain":0,"max_hp_loss":0,"event_name":"The Cleric","floor":2,"gold_loss":0},{"damage_healed":0,"gold_gain":0,"player_choice":"Paid Gold","damage_taken":0,"relics_obtained":["Blood Vial"],"max_hp_gain":0,"max_hp_loss":0,"event_name":"WeMeetAgain","floor":3,"gold_loss":55},{"damage_healed":0,"gold_gain":0,"player_choice":"Take Wound","damage_taken":0,"relics_obtained":["Golden Idol"],"max_hp_gain":0,"max_hp_loss":0,"event_name":"Golden Idol","floor":10,"gold_loss":0,"cards_obtained":["Injury"]},{"damage_healed":0,"gold_gain":0,"player_choice":"Read","damage_taken":0,"max_hp_gain":0,"max_hp_loss":0,"event_name":"The Library","floor":19,"gold_loss":0,"cards_obtained":["Backstab"]},{"damage_healed":0,"gold_gain":0,"player_choice":"Opened","damage_taken":0,"relics_obtained":["PreservedInsect"],"max_hp_gain":0,"max_hp_loss":0,"event_name":"The Mausoleum","floor":20,"gold_loss":0,"cards_obtained":["Writhe"]},{"damage_healed":0,"gold_gain":99,"player_choice":"Stole From Cult","damage_taken":0,"max_hp_gain":0,"max_hp_loss":0,"event_name":"Nest","floor":22,"gold_loss":0}],"is_beta":false,"boss_relics":[{"not_picked":["Runic Dome","Ring of the Serpent"],"picked":"Busted Crown"}],"items_purged_floors":[12],"is_endless":false,"potions_floor_spawned":[6,8,14,16,28,29],"killed_by":"Automaton","ascension_level":0}}