{"host":"eryfehc3mia1cukk","time":1609784032,"event":{"mods":["AchievementEnabler","Ascension Unlocker","BaseMod","Colored Map","Filter the Spire","Minty Spire (QoL Compilation)","Relic Stats","StSLib","SuperFastMode"],"gold_per_floor":[114,129,144,144,163,163,177,177,177,177,55,130,147,147,147,245,245,258,168,182,194,206,206,206,206,232,232,232,248,248,258,258,357,357,368,114,134,83,95,95,113,113,183,202,212,227,227,239,239,239],"floor_reached":51,"playtime":2647,"items_purged":["Strike_G","Strike_G"],"score":670,"play_id":"abd46112-9fbf-4558-be4b-520f3d8a9ec5","local_time":"20210104131352","is_ascension_mode":false,"campfire_choices":[{"data":"Neutralize","floor":6.0,"key":"SMITH"},{"data":"Envenom","floor":8.0,"key":"SMITH"},{"floor":15.0,"key":"REST"},{"data":"Crippling Poison","floor":23.0,"key":"SMITH"},{"data":"Survivor","floor":27.0,"key":"SMITH"},{"data":"Accuracy","floor":30.0,"key":"SMITH"},{"floor":32.0,"key":"REST"},{"data":"Malaise","floor":40.0,"key":"SMITH"},{"floor":49,"key":"REST"}],"circlet_count":0,"master_deck":["Strike_G","Defend_G","Defend_G","Defend_G+1","Defend_G+1","Defend_G","Survivor+1","Neutralize+1","Cloak And Dagger+1","Cloak And Dagger","Deadly Poison","Accuracy+1","Envenom+1","PiercingWail","Dagger Spray","PiercingWail+1","Corpse Explosion","Crippling Poison+1","Blur","Malaise+1","Leg Sweep","Dash","PiercingWail","Terror","Calculated Gamble+1","Caltrops+1","Purity","Leg Sweep+1"],"relics":["Runic Pyramid"],"acts_visited":["Exordium","TheCity","TheBeyond"],"potions_floor_usage":[48,48,48,50,50],"damage_taken":[{"damage":0.0,"enemies":"Cultist","floor":1.0,"turns":4.0},{"damage":0.0,"enemies":"2 Louse","floor":2.0,"turns":4.0},{"damage":0.0,"enemies":"Small Slimes","floor":3.0,"turns":4.0},{"damage":0.0,"enemies":"Red Slaver","floor":5.0,"turns":4.0},{"damage":5.0,"enemies":"Gremlin Gang","floor":7.0,"turns":6.0},{"damage":6.0,"enemies":"2 Fungi Beasts","floor":13.0,"turns":4.0},{"damage":24.0,"enemies":"Slime Boss","floor":16.0,"turns":11.0},{"damage":2.0,"enemies":"Shell Parasite","floor":18.0,"turns":7.0},{"damage":0.0,"enemies":"2 Thieves","floor":20.0,"turns":5.0},{"damage":0.0,"enemies":"Snake Plant","floor":21.0,"turns":7.0},{"damage":9.0,"enemies":"Snecko","floor":22.0,"turns":5.0},{"damage":1.0,"enemies":"Colosseum Slavers","floor":28.0,"turns":4.0},{"damage":4.0,"enemies":"Centurion and Healer","floor":29.0,"turns":5.0},{"damage":0.0,"enemies":"Snake Plant","floor":31.0,"turns":6.0},{"damage":57.0,"enemies":"Champ","floor":33.0,"turns":15.0},{"damage":2.0,"enemies":"3 Shapes","floor":35.0,"turns":3.0},{"damage":4.0,"enemies":"3 Darklings","floor":37.0,"turns":5.0},{"damage":20.0,"enemies":"Jaw Worm Horde","floor":39.0,"turns":5.0},{"damage":8.0,"enemies":"Maw","floor":41.0,"turns":10.0},{"damage":10.0,"enemies":"3 Darklings","floor":44.0,"turns":6.0},{"damage":47.0,"enemies":"Transient","floor":45.0,"turns":5.0},{"damage":4.0,"enemies":"Maw","floor":46.0,"turns":11.0},{"damage":6,"enemies":"Jaw Worm Horde","floor":48,"turns":6},{"damage":27,"enemies":"Time Eater","floor":50,"turns":21}],"seed_played":"-4433335967049608192","potions_obtained":[{"floor":5.0,"key":"Fire Potion"},{"floor":7.0,"key":"SkillPotion"},{"floor":13.0,"key":"Strength Potion"},{"floor":20.0,"key":"DuplicationPotion"},{"floor":22.0,"key":"Block Potion"},{"floor":29.0,"key":"Poison Potion"},{"floor":33.0,"key":"Regen Potion"},{"floor":35.0,"key":"Block Potion"},{"floor":41.0,"key":"EntropicBrew"}],"is_trial":false,"path_per_floor":["M","M","M","T","M","R","M","R","T","?","$","?","M","?","R","B",null,"M","?","M","M","M","R","?","?","T","R","?","M","R","M","R","B",null,"M","$","M","$","M","R","M","?","T","M","M","M","?","M","R","B",null],"character_chosen":"THE_SILENT","items_purchased":["PiercingWail","Leg Sweep","Dash","PiercingWail"],"campfire_rested":3,"item_purchase_floors":[11,36,36,38],"current_hp_per_floor":[70,70,70,70,70,70,65,65,65,58,58,47,41,27,48,24,70,68,68,68,68,59,59,59,46,46,46,45,41,41,41,63,6,75,73,73,69,69,49,49,41,85,85,75,43,39,39,33,58,31],"gold":239,"neow_bonus":"BOSS_RELIC","is_daily":false,"chose_seed":false,"campfire_upgraded":6,"win_rate":0.0,"timestamp":1609784032,"path_taken":["M","M","M","?","M","R","?","R","T","?","$","?","M","?","R","BOSS","M","?","?","?","M","R","?","?","T","R","?","M","R","M","R","BOSS","M","$","M","$","M","R","M","?","T","M","M","M","?","M","R","BOSS"],"items_purchased_type":["Card","Card","Card","Card"],"build_version":"2020-12-22","purchased_purges":2,"victory":true,"max_hp_per_floor":[70,70,70,70,70,70,70,70,70,70,70,70,70,70,70,70,70,70,70,70,70,70,70,70,75,75,75,75,75,75,75,75,75,75,75,75,75,75,75,75,75,85,85,85,85,85,85,85,85,85],"relic_stats":{"counters":[24,163],"obtain_stats":[{"Ring of the Snake":0,"Runic Pyramid":0},{"Ring of the Snake":0,"Runic Pyramid":0},{"Ring of the Snake":0,"Runic Pyramid":0}]},"card_choices":[{"not_picked":["Slice","Flying Knee"],"picked":"Cloak And Dagger","floor":1.0},{"not_picked":["Tactician","Flying Knee"],"picked":"Cloak And Dagger","floor":2.0},{"not_picked":["Catalyst","Quick Slash"],"picked":"Deadly Poison","floor":3.0},{"not_picked":["Sucker Punch","Flying Knee"],"picked":"Accuracy","floor":5.0},{"not_picked":["Cloak And Dagger","Dagger Spray"],"picked":"Envenom","floor":7.0},{"not_picked":["Acrobatics","All Out Attack"],"picked":"Dagger Spray","floor":13.0},{"not_picked":["Night Terror","Phantasmal Killer"],"picked":"Die Die Die","floor":16.0},{"not_picked":["Cloak And Dagger","Deadly Poison"],"picked":"PiercingWail+1","floor":18.0},{"not_picked":["Finisher","Escape Plan","Dagger Spray"],"picked":"SKIP","floor":20.0},{"not_picked":["Bane","Poisoned Stab"],"picked":"Corpse Explosion","floor":21.0},{"not_picked":["Poisoned Stab+1","Dash"],"picked":"Crippling Poison","floor":22.0},{"not_picked":["Acrobatics","Quick Slash"],"picked":"Blur","floor":29.0},{"not_picked":["Choke","Cloak And Dagger+1","Expertise+1"],"picked":"SKIP","floor":31.0},{"not_picked":["Grand Finale","Tools of the Trade"],"picked":"Malaise","floor":33.0},{"not_picked":["Blur","Dagger Spray+1","Prepared"],"picked":"SKIP","floor":35.0},{"not_picked":["Quick Slash","Poisoned Stab","Expertise+1"],"picked":"SKIP","floor":37.0},{"not_picked":["Dagger Spray+1","Setup"],"picked":"Terror","floor":39.0},{"not_picked":["Deflect","Expertise+1"],"picked":"Calculated Gamble+1","floor":41.0},{"not_picked":["Blade Dance+1","Tactician","Calculated Gamble+1"],"picked":"SKIP","floor":44.0},{"not_picked":["Outmaneuver+1","Sucker Punch","Skewer+1"],"picked":"SKIP","floor":45.0},{"not_picked":["All Out Attack+1","Acrobatics"],"picked":"Caltrops+1","floor":46.0},{"not_picked":["Bandage Up","Enlightenment"],"picked":"Purity","floor":47.0},{"not_picked":["Accuracy","Caltrops"],"picked":"Leg Sweep+1","floor":48}],"player_experience":440454,"relics_obtained":[],"event_choices":[{"cards_removed":["Strike_G"],"damage_healed":0.0,"max_hp_gain":0.0,"max_hp_loss":0.0,"gold_gain":0.0,"event_name":"Golden Wing","player_choice":"Card Removal","floor":10.0,"gold_loss":0.0,"damage_taken":7.0},{"damage_healed":0.0,"max_hp_gain":0.0,"max_hp_loss":0.0,"gold_gain":75.0,"event_name":"World of Goop","player_choice":"Gather Gold","floor":12.0,"gold_loss":0.0,"damage_taken":11.0},{"damage_healed":0.0,"max_hp_gain":0.0,"max_hp_loss":0.0,"gold_gain":0.0,"event_name":"Shining Light","player_choice":"Entered Light","floor":14.0,"gold_loss":0.0,"damage_taken":14.0,"cards_upgraded":["Cloak And Dagger","Defend_G"]},{"cards_removed":["Strike_G"],"damage_healed":0.0,"max_hp_gain":0.0,"max_hp_loss":0.0,"gold_gain":0.0,"event_name":"Designer","player_choice":"Upgrade and Remove","floor":19.0,"gold_loss":90.0,"damage_taken":0.0,"cards_upgraded":["Defend_G"]},{"damage_healed":0.0,"max_hp_gain":5.0,"max_hp_loss":0.0,"gold_gain":0.0,"event_name":"Forgotten Altar","player_choice":"Shed Blood","floor":25.0,"gold_loss":0.0,"damage_taken":18.0},{"damage_healed":0.0,"max_hp_gain":0.0,"max_hp_loss":0.0,"gold_gain":0.0,"event_name":"Colosseum","player_choice":"Fight","floor":28.0,"gold_loss":0.0,"damage_taken":0.0},{"damage_healed":0.0,"max_hp_gain":0.0,"max_hp_loss":0.0,"gold_gain":0.0,"event_name":"Colosseum","player_choice":"Fled From Nobs","floor":28.0,"gold_loss":0.0,"damage_taken":0.0},{"cards_removed":["Die Die Die"],"damage_healed":34.0,"max_hp_gain":10.0,"max_hp_loss":0.0,"gold_gain":0.0,"event_name":"Bonfire Elementals","player_choice":"Offered Rare","floor":42.0,"gold_loss":0.0,"damage_taken":0.0},{"damage_healed":0.0,"max_hp_gain":0.0,"max_hp_loss":0.0,"gold_gain":0.0,"event_name":"SensoryStone","player_choice":"Memory 1","floor":47.0,"gold_loss":0.0,"damage_taken":0.0}],"is_beta":false,"boss_relics":[{"not_picked":["Philosopher\u0027s Stone","Calling Bell","Empty Cage"]},{"not_picked":["Snecko Eye","Cursed Key","SacredBark"]}],"items_purged_floors":[11,36],"is_endless":false,"potions_floor_spawned":[5,7,13,20,21,22,28,29,33,35,41,44],"ascension_level":0}}