{"host":"ifhtq4ixo5m3h13u","time":1609762594,"event":{"mods":["BaseMod","Minty Spire (QoL Compilation)","StSLib","Waifu the Spire","vexMod","¡¾ÒÅÎï¿¨ÅÆ¡¿REMEMod"],"gold_per_floor":[119,132,132,152,152,186,205,223,223,223,235,262,262,278,278,381,381,591,607,622,223,223,454,96,315,315,334,391,316,316,316,316,415,415],"floor_reached":33,"playtime":1960,"items_purged":["Writhe","Normality"],"score":306,"play_id":"cb86a75b-6c20-4ded-b6e8-dd59bbca870f","local_time":"20210104201634","is_ascension_mode":false,"campfire_choices":[{"data":"Thinking Ahead","floor":10.0,"key":"SMITH"},{"floor":13.0,"key":"REST"},{"data":"REME_Cut","floor":15.0,"key":"SMITH"},{"floor":30.0,"key":"REST"},{"floor":32.0,"key":"REST"}],"circlet_count":0,"master_deck":["Strike_R","Strike_R","Strike_R","Strike_R","Strike_R","Defend_R","Defend_R","Defend_R","Defend_R","Bash","Dramatic Entrance","Thinking Ahead+1","Rage","Shockwave","REME_Cut+1","Bloodletting","Anger","Flame Barrier","Perfected Strike","Double Tap","Ghostly Armor","Warcry","Panache"],"relics":["Burning Blood","REME_ComplimentaryCards","Question Card","Meat on the Bone","InkBottle","REME_DemonsWealth","Vajra","Pen Nib","vexMod:Dragonfruit","vexMod:ConsolationPrize"],"acts_visited":["Exordium","TheCity"],"potions_floor_usage":[33],"damage_taken":[{"damage":10.0,"enemies":"2 Louse","floor":1.0,"turns":3.0},{"damage":9.0,"enemies":"Cultist","floor":2.0,"turns":4.0},{"damage":1.0,"enemies":"Jaw Worm","floor":4.0,"turns":4.0},{"damage":44.0,"enemies":"Lagavulin","floor":6.0,"turns":9.0},{"damage":6.0,"enemies":"2 Fungi Beasts","floor":7.0,"turns":4.0},{"damage":0.0,"enemies":"3 Louse","floor":8.0,"turns":2.0},{"damage":9.0,"enemies":"Blue Slaver","floor":11.0,"turns":4.0},{"damage":25.0,"enemies":"3 Sentries","floor":12.0,"turns":6.0},{"damage":10.0,"enemies":"Large Slime","floor":14.0,"turns":7.0},{"damage":40.0,"enemies":"Hexaghost","floor":16.0,"turns":8.0},{"damage":43.0,"enemies":"2 Thieves","floor":18.0,"turns":5.0},{"damage":18.0,"enemies":"3 Byrds","floor":19.0,"turns":4.0},{"damage":27.0,"enemies":"Centurion and Healer","floor":20.0,"turns":4.0},{"damage":62.0,"enemies":"Slavers","floor":23.0,"turns":7.0},{"damage":15.0,"enemies":"Snecko","floor":25.0,"turns":5.0},{"damage":0.0,"enemies":"Cultist and Chosen","floor":27.0,"turns":4.0},{"damage":39.0,"enemies":"Centurion and Healer","floor":28.0,"turns":4.0},{"damage":123,"enemies":"Champ","floor":33,"turns":12}],"seed_played":"7314343034538619989","potions_obtained":[{"floor":1.0,"key":"SneckoOil"},{"floor":3.0,"key":"FairyPotion"},{"floor":3.0,"key":"ColorlessPotion"},{"floor":6.0,"key":"PowerPotion"},{"floor":18.0,"key":"FearPotion"},{"floor":23.0,"key":"DistilledChaos"}],"is_trial":false,"path_per_floor":["M","M","?","M","$","E","M","M","T","R","M","E","R","M","R","B",null,"M","M","M","$","?","E","$","M","T","M","M","?","R","?","R","B"],"character_chosen":"IRONCLAD","items_purchased":["Panache","Vajra","vexMod:Dragonfruit"],"campfire_rested":3,"item_purchase_floors":[21,21,24],"current_hp_per_floor":[76,73,73,78,78,40,40,46,46,46,55,48,72,68,68,46,80,55,55,46,46,80,36,41,44,44,50,29,29,54,54,79,0,0],"gold":415,"neow_bonus":"RANDOM_COLORLESS","is_daily":false,"chose_seed":false,"campfire_upgraded":2,"win_rate":0.0,"timestamp":1609762594,"path_taken":["M","M","?","M","?","E","M","M","T","R","M","E","R","M","R","BOSS","M","M","M","$","?","E","$","?","T","M","M","?","R","?","R","BOSS"],"items_purchased_type":["Card","Relic","Relic"],"build_version":"2020-12-22","purchased_purges":2,"victory":false,"max_hp_per_floor":[80,80,80,80,80,80,80,80,80,80,80,80,80,80,80,80,80,80,80,80,80,80,80,85,85,85,85,85,85,85,85,85,85,85],"card_choices":[{"not_picked":["REME_TwoStrings","Forethought"],"picked":"Dramatic Entrance","floor":0.0},{"not_picked":["Iron Wave","Thunderclap"],"picked":"Rage","floor":1.0},{"not_picked":["Infernal Blade","Disarm","Dual Wield"],"picked":"SKIP","floor":2.0},{"not_picked":["Disarm","Metallicize"],"picked":"Shockwave","floor":4.0},{"not_picked":["Wild Strike","Searing Blow","Sever Soul"],"picked":"SKIP","floor":6.0},{"not_picked":["Power Through","Second Wind","Wild Strike"],"picked":"REME_Cut","floor":7.0},{"not_picked":["Infernal Blade","Cleave","Shrug It Off"],"picked":"Bloodletting","floor":8.0},{"not_picked":["Combust","Burning Pact","True Grit"],"picked":"Anger","floor":11.0},{"not_picked":["Seeing Red","Offering","Cleave"],"picked":"Flame Barrier","floor":12.0},{"not_picked":["Headbutt","REME_FearOfPain","Body Slam"],"picked":"Perfected Strike","floor":14.0},{"not_picked":["Juggernaut","Immolate","Demon Form"],"picked":"Double Tap","floor":16.0},{"not_picked":["True Grit","Flex","Thunderclap","Wild Strike"],"picked":"Writhe","floor":18.0},{"not_picked":["Clothesline","Havoc","True Grit+1","Clumsy"],"picked":"Ghostly Armor","floor":19.0},{"not_picked":["Sentinel","Evolve","Twin Strike","Normality"],"picked":"Warcry","floor":20.0},{"not_picked":["Anger+1","Havoc","Sever Soul+1","Clothesline"],"picked":"Normality","floor":23.0},{"not_picked":["Clothesline","Rupture","Wild Strike","True Grit"],"picked":"vexMod:UltimateCard","floor":25.0},{"not_picked":["Iron Wave","Perfected Strike","REME_Cut+1","Body Slam","Writhe"],"picked":"SKIP","floor":27.0},{"not_picked":["Brutality","Shrug It Off","Thunderclap","Sword Boomerang+1","Normality"],"picked":"SKIP","floor":28.0}],"player_experience":37516,"relics_obtained":[{"floor":6.0,"key":"Question Card"},{"floor":9.0,"key":"Meat on the Bone"},{"floor":12.0,"key":"InkBottle"},{"floor":23.0,"key":"Pen Nib"},{"floor":26.0,"key":"vexMod:ConsolationPrize"}],"event_choices":[{"damage_healed":0.0,"max_hp_gain":0.0,"max_hp_loss":0.0,"gold_gain":0.0,"event_name":"Lab","player_choice":"Got Potions","floor":3.0,"gold_loss":0.0,"damage_taken":0.0},{"damage_healed":34.0,"max_hp_gain":0.0,"max_hp_loss":0.0,"gold_gain":0.0,"event_name":"Wheel of Change","player_choice":"Full Heal","floor":22.0,"gold_loss":0.0,"damage_taken":0.0},{"cards_removed":["vexMod:UltimateCard"],"damage_healed":0.0,"max_hp_gain":0.0,"max_hp_loss":0.0,"gold_gain":0.0,"event_name":"Beggar","player_choice":"Gave Gold","floor":29.0,"gold_loss":75.0,"damage_taken":0.0},{"damage_healed":0.0,"max_hp_gain":0.0,"max_hp_loss":0.0,"gold_gain":0.0,"event_name":"Vampires","player_choice":"Ignored","floor":31.0,"gold_loss":0.0,"damage_taken":0.0}],"is_beta":false,"boss_relics":[{"not_picked":["Fusion Hammer","Empty Cage"],"picked":"REME_DemonsWealth"}],"items_purged_floors":[21,24],"is_endless":false,"potions_floor_spawned":[1,6,7,8,14,18,23],"killed_by":"Champ","ascension_level":0}}