{"host":"Troy","time":1609775491,"event":{"mods":["BaseMod","Colored Map","Highlight Path","Minty Spire (QoL Compilation)","Permanent Neow"],"gold_per_floor":[110,75,75,19,34,34,49,49,49,81,92,107,107,127,127,127,127],"floor_reached":16,"playtime":731,"items_purged":[],"score":204,"play_id":"526684b0-49c3-40ec-89f7-28fb7894a672","local_time":"20210104105131","is_ascension_mode":true,"campfire_choices":[{"floor":6.0,"key":"DIG"},{"data":"Crippling Poison","floor":8.0,"key":"SMITH"},{"data":"Wraith Form v2","floor":13.0,"key":"SMITH"},{"floor":15.0,"key":"DIG"}],"circlet_count":0,"master_deck":["AscendersBane","Strike_G","Strike_G","Strike_G","Strike_G","Strike_G","Defend_G","Defend_G","Defend_G","Defend_G","Defend_G","Survivor","Neutralize","Dagger Spray+1","Dagger Throw","All Out Attack","Crippling Poison+1","Dagger Throw","Wraith Form v2+1","Heel Hook"],"relics":["Ring of the Snake","Shovel","Potion Belt","Matryoshka","Incense Burner","Ornamental Fan"],"acts_visited":["Exordium"],"potions_floor_usage":[16,16],"damage_taken":[{"damage":5.0,"enemies":"Small Slimes","floor":1.0,"turns":6.0},{"damage":0.0,"enemies":"2 Louse","floor":5.0,"turns":2.0},{"damage":0.0,"enemies":"Cultist","floor":7.0,"turns":3.0},{"damage":24.0,"enemies":"Gremlin Nob","floor":10.0,"turns":4.0},{"damage":0.0,"enemies":"Lots of Slimes","floor":11.0,"turns":1.0},{"damage":6.0,"enemies":"3 Louse","floor":12.0,"turns":2.0},{"damage":5.0,"enemies":"Blue Slaver","floor":14.0,"turns":3.0},{"damage":20,"enemies":"Hexaghost","floor":16,"turns":9}],"seed_played":"-3017000584961337215","potions_obtained":[{"floor":5.0,"key":"PowerPotion"},{"floor":11.0,"key":"Strength Potion"},{"floor":12.0,"key":"AttackPotion"}],"is_trial":false,"path_per_floor":["M","?","?","$","M","R","M","R","T","E","M","M","R","M","R","B"],"character_chosen":"THE_SILENT","items_purchased":["Dagger Throw"],"campfire_rested":0,"item_purchase_floors":[4],"current_hp_per_floor":[39,55,55,55,55,55,55,55,55,31,31,25,25,20,20,0,0],"gold":127,"neow_bonus":"ONE_RARE_RELIC","is_daily":false,"chose_seed":false,"campfire_upgraded":2,"win_rate":0.0,"timestamp":1609775491,"path_taken":["M","?","?","$","?","R","M","R","T","E","?","M","R","M","R","BOSS"],"items_purchased_type":["Card"],"build_version":"2020-12-18","purchased_purges":0,"victory":false,"max_hp_per_floor":[66,66,66,66,66,66,66,66,66,66,66,66,66,66,66,66,66],"card_choices":[{"not_picked":["Expertise","Backflip"],"picked":"Dagger Spray","floor":1.0},{"not_picked":["PiercingWail","Predator"],"picked":"All Out Attack","floor":5.0},{"not_picked":["Slice","Bane"],"picked":"Crippling Poison","floor":7.0},{"not_picked":["Infinite Blades","Accuracy"],"picked":"Dagger Throw","floor":10.0},{"not_picked":["Flying Knee","Eviscerate"],"picked":"Wraith Form v2","floor":11.0},{"not_picked":["Slice","Cloak And Dagger","Choke"],"picked":"SKIP","floor":12.0},{"not_picked":["Expertise","Deflect"],"picked":"Heel Hook","floor":14.0}],"player_experience":4058182,"relics_obtained":[{"floor":6.0,"key":"Potion Belt"},{"floor":9.0,"key":"Matryoshka"},{"floor":10.0,"key":"Incense Burner"},{"floor":15.0,"key":"Ornamental Fan"}],"event_choices":[{"damage_healed":16.0,"max_hp_gain":0.0,"max_hp_loss":0.0,"gold_gain":0.0,"event_name":"The Cleric","player_choice":"Healed","floor":2.0,"gold_loss":35.0,"damage_taken":0.0},{"damage_healed":0.0,"max_hp_gain":0.0,"max_hp_loss":0.0,"gold_gain":0.0,"event_name":"Upgrade Shrine","player_choice":"Upgraded","floor":3.0,"gold_loss":0.0,"damage_taken":0.0,"cards_upgraded":["Dagger Spray"]}],"is_beta":true,"boss_relics":[],"items_purged_floors":[],"is_endless":false,"potions_floor_spawned":[5,11,12],"killed_by":"Hexaghost","ascension_level":20}}