{"host":"newqdrzxfhh2im9e","time":1609745816,"event":{"mods":["AchievementEnabler","BaseMod","BetterRewards","Block Reminder","Colored Map","Jorbs\u0027s Wanderer Trilogy","Minty Spire (QoL Compilation)","Rare Cards Sparkle","Shop Mod","StSLib"],"gold_per_floor":[116,131,142,157,3,32,32,66,66,94,166,131,131,165,165,270,270,284,294,0,14,14,39,53,53,53,67,84,84,116,148,160,172,172],"floor_reached":33,"playtime":2567,"items_purged":[],"score":521,"play_id":"6c417107-413a-4a2a-bc37-f45d691ac903","local_time":"20210103233656","is_ascension_mode":true,"campfire_choices":[{"data":"Doom and Gloom","floor":7,"key":"SMITH"},{"floor":13,"key":"REST"},{"data":"1","floor":15,"key":"LIFT"},{"floor":25,"key":"REST"},{"floor":32,"key":"REST"}],"circlet_count":0,"master_deck":["Strike_B","Strike_B","Strike_B","Strike_B","Defend_B","Defend_B","Defend_B","Defend_B","Zap","Dualcast","Sunder","Gash","Self Repair","Chaos","Doom and Gloom+1","White Noise","Lockon","Thunder Strike","Electrodynamics","CurseOfTheBell","Glacier+1","Static Discharge+1","Gash","Core Surge","Streamline+1","FTL","Hello World+1","Creative AI","Machine Learning","Self Repair"],"relics":["Cracked Core","Orichalcum","Cables","Girya","CaptainsWheel","Darkstone Periapt","Calling Bell","Dream Catcher","Symbiotic Virus","Gambling Chip","PreservedInsect","MealTicket","Nloth\u0027s Gift","Nunchaku","Happy Flower","MawBank"],"acts_visited":["Exordium","TheCity"],"potions_floor_usage":[4,6,10,16,18,21,27,30,33],"damage_taken":[{"damage":0,"enemies":"Cultist","floor":1,"turns":2},{"damage":0,"enemies":"2 Louse","floor":2,"turns":1},{"damage":0,"enemies":"Jaw Worm","floor":3,"turns":3},{"damage":11,"enemies":"3 Louse","floor":4,"turns":3},{"damage":30,"enemies":"Lagavulin","floor":6,"turns":6},{"damage":16,"enemies":"Gremlin Nob","floor":8,"turns":4},{"damage":28,"enemies":"Lagavulin","floor":10,"turns":5},{"damage":2,"enemies":"Gremlin Nob","floor":14,"turns":3},{"damage":22,"enemies":"The Guardian","floor":16,"turns":7},{"damage":1,"enemies":"Spheric Guardian","floor":18,"turns":3},{"damage":13,"enemies":"Shell Parasite","floor":19,"turns":4},{"damage":11,"enemies":"Centurion and Healer","floor":21,"turns":4},{"damage":14,"enemies":"Slavers","floor":23,"turns":2},{"damage":6,"enemies":"Cultist and Chosen","floor":24,"turns":4},{"damage":9,"enemies":"Snake Plant","floor":27,"turns":4},{"damage":4,"enemies":"Snecko","floor":28,"turns":4},{"damage":26,"enemies":"Book of Stabbing","floor":30,"turns":3},{"damage":10,"enemies":"Sentry and Sphere","floor":31,"turns":4},{"damage":81,"enemies":"Automaton","floor":33,"turns":6}],"seed_played":"4723064777322154839","potions_obtained":[{"floor":1,"key":"PotionOfCapacity"},{"floor":2,"key":"PowerPotion"},{"floor":4,"key":"LiquidMemories"},{"floor":14,"key":"ColorlessPotion"},{"floor":16,"key":"DistilledChaos"},{"floor":19,"key":"AttackPotion"},{"floor":23,"key":"CultistPotion"},{"floor":24,"key":"LiquidMemories"},{"floor":31,"key":"Weak Potion"}],"is_trial":false,"path_per_floor":["M","M","M","M","$","E","R","E","T","E","?","?","R","E","R","B",null,"M","M","$","M","?","E","M","R","T","M","M","?","E","M","R","B"],"character_chosen":"DEFECT","items_purchased":["Orichalcum","PreservedInsect","MealTicket"],"campfire_rested":3,"item_purchase_floors":[5,20,20],"current_hp_per_floor":[68,68,68,64,64,41,41,32,32,11,11,28,48,46,46,31,65,71,65,65,61,61,47,48,70,70,61,64,64,38,35,57,0,0],"gold":172,"neow_bonus":"THREE_RARE_CARDS","is_daily":false,"chose_seed":false,"campfire_upgraded":1,"win_rate":0.0,"timestamp":1609745816,"path_taken":["M","M","?","?","$","E","R","E","T","E","?","?","R","E","R","BOSS","M","M","$","M","?","E","M","R","T","M","?","?","E","M","R","BOSS"],"items_purchased_type":["Relic","Relic","Relic"],"build_version":"2020-12-22","purchased_purges":0,"victory":false,"max_hp_per_floor":[68,68,68,68,68,68,68,68,68,68,68,68,68,68,68,68,74,74,74,74,74,74,74,74,74,74,74,74,74,74,74,74,74,74],"card_choices":[{"not_picked":["Core Surge","Hyperbeam"],"picked":"Electrodynamics","floor":0.0},{"not_picked":["Skim","FTL"],"picked":"Sunder","floor":1},{"not_picked":["Conserve Battery","Compile Driver"],"picked":"Gash","floor":2},{"not_picked":["Gash","Hello World"],"picked":"Self Repair","floor":3},{"not_picked":["Barrage","Turbo"],"picked":"Chaos","floor":4},{"not_picked":["Gash","Aggregate"],"picked":"Doom and Gloom","floor":6},{"not_picked":["Hologram","Heatsinks"],"picked":"White Noise","floor":8},{"not_picked":["Sunder","Reinforced Body"],"picked":"Lockon","floor":10},{"not_picked":["Scrape","Hologram"],"picked":"Thunder Strike","floor":14},{"not_picked":["Buffer","Fission"],"picked":"Electrodynamics","floor":16},{"not_picked":["Leap","Darkness"],"picked":"Glacier+1","floor":18},{"not_picked":["Rebound","Beam Cell"],"picked":"Static Discharge+1","floor":19},{"not_picked":["Leap","Hologram"],"picked":"Gash","floor":21},{"not_picked":["Beam Cell+1","Static Discharge"],"picked":"Core Surge","floor":23},{"not_picked":["Go for the Eyes","Steam"],"picked":"Streamline+1","floor":24},{"not_picked":["Ball Lightning","Redo+1"],"picked":"FTL","floor":25},{"not_picked":["Rebound","Stack"],"picked":"Hello World+1","floor":27},{"not_picked":["Redo","Reprogram"],"picked":"Creative AI","floor":28},{"not_picked":["Biased Cognition","Cold Snap+1"],"picked":"Machine Learning","floor":30},{"not_picked":["Beam Cell","Consume"],"picked":"Self Repair","floor":31}],"player_experience":686099,"relics_obtained":[{"floor":6,"key":"Sundial"},{"floor":8,"key":"Cables"},{"floor":9,"key":"Girya"},{"floor":10,"key":"CaptainsWheel"},{"floor":14,"key":"Darkstone Periapt"},{"floor":17,"key":"Dream Catcher"},{"floor":17,"key":"Symbiotic Virus"},{"floor":17,"key":"Gambling Chip"},{"floor":23,"key":"Nunchaku"},{"floor":26,"key":"Happy Flower"},{"floor":30,"key":"MawBank"}],"event_choices":[{"damage_healed":0,"gold_gain":72,"player_choice":"Gained Gold","damage_taken":0,"max_hp_gain":0,"max_hp_loss":0,"event_name":"Golden Wing","floor":11,"gold_loss":0},{"damage_healed":17,"gold_gain":0,"player_choice":"Healed","damage_taken":0,"max_hp_gain":0,"max_hp_loss":0,"event_name":"The Cleric","floor":12,"gold_loss":35},{"damage_healed":0,"gold_gain":0,"player_choice":"Traded Relic","damage_taken":0,"relics_obtained":["Nloth\u0027s Gift"],"max_hp_gain":0,"max_hp_loss":0,"event_name":"N\u0027loth","floor":22,"relics_lost":["Sundial"],"gold_loss":0},{"damage_healed":0,"gold_gain":0,"player_choice":"Ignored","damage_taken":0,"max_hp_gain":0,"max_hp_loss":0,"event_name":"Ghosts","floor":29,"gold_loss":0}],"is_beta":false,"boss_relics":[{"not_picked":["Cursed Key","Busted Crown"],"picked":"Calling Bell"}],"items_purged_floors":[],"is_endless":false,"potions_floor_spawned":[1,2,4,14,16,19,23,24,31],"killed_by":"Automaton","ascension_level":5}}