{"host":"0azimyi6n3ugndj4","time":1609786212,"event":{"mods":["2.2 Compatiblity","BaseMod","Bestiary","Conspire","Curses Come First","Defuse TimeMaze Blight","Hermit","Hyrulean Relics","Infinite Spire","Minty Spire (QoL Compilation)","Relic Stats","Replay The Spire","StSLib","SuperFastMode","The Cursed","The Hierophant","Uncapped","¡¼?Úª?ø«¡½REMEMod"],"gold_per_floor":[152,202,202,261,209,205,205],"floor_reached":6,"playtime":180,"items_purged":[],"score":197,"play_id":"458e3808-3b72-448a-b860-266583e2b576","local_time":"20210105035012","daily_mods":["SealedDeck","Hoarder","Insanity","Chimera","Specialized","Vintage","ControlledChaos","Allstar","Diverse","Colorless Cards","Heirloom","Time Dilation","Flight","Elite Swarm","Lethality","Midas","Binary"],"is_ascension_mode":true,"campfire_choices":[],"circlet_count":0,"master_deck":["Demon Form","Wraith Form v2","Echo Form","DevaForm","AscendersBane","Bash","Survivor","Zap","Eruption","Strike_R","Strike_G","Strike_B","Defend_R","Defend_G","Defend_P","CrushJoints","BowlingBash","Replay:Bootleg Shield Generator","Dark Shackles","Replay:Battleflow","TheCursedMod:VitalStrike","Distraction","BowlingBash","REME_Repentance","hermit:TrackingShot","hierophant:Doubloon","hermit:Misfire","TheCursedMod:Stretching","Redo","Doom and Gloom","Crippling Poison","TheCursedMod:Obscuration","Replay:Undeath\u0027s Touch","Cleave","hermit:ItchyTrigger","REME_ShadowStrike","hierophant:RecallFunds","TheCursedMod:Mangle","Replay:Bootleg Shield Generator","Consecrate","Outmaneuver","hermit:Midnight","ReplayTheSpireMod:Exploit Weakness","Prepared","hierophant:RepressedViolence","hierophant:HammerAndAnvil","Iron Wave","Thunderclap","hermit:Vantage","Wild Strike","EmptyMind","hermit:Manifest","Cold Snap","hierophant:Shelter","TheCursedMod:FleshFromBone+1","Quick Slash","Quick Slash","Run Through","Madness","TheCursedMod:TacticalStrike","Spot Weakness","TheCursedMod:FleshFromBone","Armaments","Spot Weakness","Corruption","Corruption","Corruption","Corruption","Corruption","Corruption","Corruption","Corruption","Corruption","Corruption","Corruption","Corruption","Corruption","Corruption","Corruption","hermit:Cheat","hermit:Cheat","hermit:Cheat","Recycle","Recycle","Recycle","Power Through","Power Through","Power Through","hierophant:Rebuild","hierophant:Rebuild","hierophant:Rebuild","Cleave","Cleave","Cleave","ClearTheMind","ClearTheMind","ClearTheMind","Wild Strike","Wild Strike","Wild Strike","Blood for Blood","Blood for Blood","Blood for Blood","Discovery+1","Discovery","Discovery","TheCursedMod:CursedMace","TheCursedMod:CursedMace","TheCursedMod:CursedMace","Sadistic Nature","Sadistic Nature","Sadistic Nature"],"relics":["hermit:Momento","Frozen Eye","Busted Crown","REME_ComplimentaryCards","Counterbalance","Replay:Wax Seal","Meat on the Bone","War Paint","conspire:InfiniteJournal","Girya"],"acts_visited":["Exordium"],"potions_floor_usage":[],"damage_taken":[{"damage":5,"enemies":"Cultist","floor":1,"turns":5},{"damage":11,"enemies":"Jaw Worm","floor":2,"turns":4},{"damage":10,"enemies":"2 Louse","floor":4,"turns":3},{"damage":8,"enemies":"Looter","floor":5,"turns":5},{"damage":42,"enemies":"Gremlin Nob","floor":6,"turns":4}],"seed_played":"2214679726458460271","potions_obtained":[],"is_trial":true,"path_per_floor":["M","M","?","M","M","E"],"character_chosen":"HERMIT","items_purchased":[],"campfire_rested":0,"item_purchase_floors":[],"current_hp_per_floor":[59,48,48,38,42,0,0],"gold":205,"neow_bonus":"","is_daily":false,"chose_seed":false,"campfire_upgraded":0,"win_rate":0.0,"timestamp":1609786212,"path_taken":["M","?","?","?","?","E"],"items_purchased_type":[],"build_version":"2020-12-22","purchased_purges":0,"victory":false,"max_hp_per_floor":[71,71,71,71,71,71,71],"relic_stats":{"Busted Crown":8,"counters":[5,21],"War Paint":["TheCursedMod:FleshFromBone","Discovery"],"obtain_stats":[{"Frozen Eye":0,"Girya":5,"Busted Crown":0,"Counterbalance":0,"Replay:Wax Seal":1,"War Paint":3,"hermit:Momento":0,"REME_ComplimentaryCards":0,"Meat on the Bone":2,"conspire:InfiniteJournal":4},{"Frozen Eye":0,"Girya":4,"Busted Crown":0,"Counterbalance":0,"Replay:Wax Seal":1,"War Paint":2,"hermit:Momento":0,"REME_ComplimentaryCards":0,"Meat on the Bone":2,"conspire:InfiniteJournal":3},{"Frozen Eye":0,"Girya":17,"Busted Crown":0,"Counterbalance":0,"Replay:Wax Seal":5,"War Paint":9,"hermit:Momento":0,"REME_ComplimentaryCards":0,"Meat on the Bone":9,"conspire:InfiniteJournal":12}],"Meat on the Bone":12},"card_choices":[],"player_experience":1523451,"relics_obtained":[{"floor":1,"key":"Replay:Wax Seal"},{"floor":2,"key":"Meat on the Bone"},{"floor":4,"key":"conspire:InfiniteJournal"},{"floor":5,"key":"Girya"}],"event_choices":[{"cards_removed":["Heavy Blade"],"damage_healed":0,"gold_gain":0,"player_choice":"Gave Card","damage_taken":0,"relics_obtained":["War Paint"],"max_hp_gain":0,"max_hp_loss":0,"event_name":"WeMeetAgain","floor":3,"gold_loss":0}],"is_beta":false,"boss_relics":[],"items_purged_floors":[],"is_endless":false,"potions_floor_spawned":[],"killed_by":"Gremlin Nob","ascension_level":20}}