{"host":"5wznv0010959mrmz","time":1609720755,"event":{"mods":["BaseMod","Highlight Path","Minty Spire (QoL Compilation)"],"gold_per_floor":[112,112,124,136,168,211,275,287,299,326,368,400,412,424,436,448,448],"floor_reached":16,"playtime":376,"items_purged":[],"score":266,"play_id":"52d6f075-8825-4658-8ebe-7e299b5c7f7e","local_time":"20210103183915","is_ascension_mode":true,"campfire_choices":[{"data":"Backstab","floor":8,"key":"SMITH"},{"data":"Blade Dance","floor":13,"key":"SMITH"},{"data":"Neutralize","floor":15,"key":"SMITH"}],"circlet_count":0,"master_deck":["AscendersBane","Strike_G","Strike_G","Strike_G","Strike_G","Defend_G","Defend_G","Defend_G+1","Defend_G","Defend_G","Survivor","Neutralize+1","Dagger Spray+1","Escape Plan","Backstab+1","Backflip","Blade Dance+1"],"relics":["Ring of the Snake","NeowsBlessing","MawBank","Bottled Lightning","Bag of Marbles","Meat on the Bone","Blood Vial"],"acts_visited":["Exordium"],"potions_floor_usage":[11,16,16],"damage_taken":[{"damage":0,"enemies":"Cultist","floor":1,"turns":1},{"damage":0,"enemies":"Small Slimes","floor":5,"turns":1},{"damage":0,"enemies":"3 Sentries","floor":6,"turns":1},{"damage":1,"enemies":"Jaw Worm","floor":10,"turns":2},{"damage":31,"enemies":"Lagavulin","floor":11,"turns":7},{"damage":0,"enemies":"3 Louse","floor":12,"turns":1},{"damage":30,"enemies":"The Guardian","floor":16,"turns":14}],"seed_played":"8348923183150945400","potions_obtained":[{"floor":6,"key":"FearPotion"},{"floor":10,"key":"LiquidMemories"},{"floor":11,"key":"GhostInAJar"}],"is_trial":false,"path_per_floor":["M","?","$","?","M","E","T","R","T","M","E","M","R","?","R","B"],"character_chosen":"THE_SILENT","items_purchased":[],"campfire_rested":0,"item_purchase_floors":[],"current_hp_per_floor":[59,48,48,28,28,28,28,28,28,39,20,34,34,27,27,0,0],"gold":448,"neow_bonus":"THREE_ENEMY_KILL","is_daily":false,"chose_seed":false,"campfire_upgraded":3,"win_rate":0.0,"timestamp":1609720755,"path_taken":["M","?","$","?","M","E","?","R","T","M","E","M","R","?","R","BOSS"],"items_purchased_type":[],"build_version":"2020-12-22","purchased_purges":0,"victory":false,"max_hp_per_floor":[66,66,66,66,66,66,66,66,66,66,66,66,66,66,66,66,66],"card_choices":[{"not_picked":["Flying Knee","Infinite Blades"],"picked":"Dagger Spray","floor":1},{"not_picked":["Noxious Fumes","Acrobatics"],"picked":"Escape Plan","floor":5},{"not_picked":["Deflect","Infinite Blades"],"picked":"Backstab","floor":6},{"not_picked":["PiercingWail","Bouncing Flask"],"picked":"Backflip","floor":10},{"not_picked":["Dodge and Roll","Night Terror"],"picked":"Blade Dance","floor":11},{"not_picked":["Choke","PiercingWail","Skewer"],"picked":"SKIP","floor":12}],"player_experience":388330,"relics_obtained":[{"floor":6,"key":"Bottled Lightning"},{"floor":7,"key":"Bag of Marbles"},{"floor":9,"key":"Meat on the Bone"},{"floor":11,"key":"Blood Vial"}],"event_choices":[{"damage_healed":0,"gold_gain":0,"player_choice":"Success","damage_taken":11,"relics_obtained":["MawBank"],"max_hp_gain":0,"max_hp_loss":0,"event_name":"Scrap Ooze","floor":2,"gold_loss":0},{"damage_healed":0,"gold_gain":0,"player_choice":"Entered Light","damage_taken":20,"max_hp_gain":0,"max_hp_loss":0,"event_name":"Shining Light","floor":4,"gold_loss":0,"cards_upgraded":["Dagger Spray","Defend_G"]},{"cards_removed":["Strike_G"],"damage_healed":0,"gold_gain":0,"player_choice":"Card Removal","damage_taken":7,"max_hp_gain":0,"max_hp_loss":0,"event_name":"Golden Wing","floor":14,"gold_loss":0}],"is_beta":false,"boss_relics":[],"items_purged_floors":[],"is_endless":false,"potions_floor_spawned":[6,10,11],"killed_by":"The Guardian","ascension_level":20}}