{"host":"J","time":1609748745,"event":{"mods":["AchievementEnabler","BaseMod","Block Reminder","Highlight Path","Minty Spire (QoL Compilation)","Permanent Neow","Quick Restart","Relic Stats","UnlockEverythingMod"],"gold_per_floor":[111,125,50,63,138,138,138,138],"floor_reached":7,"playtime":25059,"items_purged":[],"score":82,"play_id":"62b596cb-ae1e-4924-ae11-e76acacec977","local_time":"20210104092545","is_ascension_mode":true,"campfire_choices":[{"data":"Aggregate","floor":6,"key":"SMITH"}],"circlet_count":0,"master_deck":["AscendersBane","Strike_B","Strike_B","Strike_B","Defend_B","Defend_B","Defend_B","Defend_B","Zap","Dualcast","Aggregate+1","Cold Snap","Compile Driver"],"relics":["Philosopher\u0027s Stone"],"acts_visited":["Exordium"],"potions_floor_usage":[7],"damage_taken":[{"damage":0,"enemies":"2 Louse","floor":1,"turns":2},{"damage":9,"enemies":"Small Slimes","floor":2,"turns":4},{"damage":1,"enemies":"Jaw Worm","floor":4,"turns":4},{"damage":10,"enemies":"Gremlin Nob","floor":7,"turns":3}],"seed_played":"5861243432595106072","potions_obtained":[{"floor":1,"key":"Strength Potion"},{"floor":2,"key":"LiquidMemories"},{"floor":4,"key":"Regen Potion"}],"is_trial":false,"path_per_floor":["M","M","?","M","?","R","E"],"character_chosen":"DEFECT","items_purchased":[],"campfire_rested":0,"item_purchase_floors":[],"current_hp_per_floor":[64,55,55,54,43,43,42,42],"gold":138,"neow_bonus":"BOSS_RELIC","is_daily":false,"chose_seed":false,"campfire_upgraded":1,"win_rate":0.0,"timestamp":1609748745,"path_taken":["M","M","?","M","?","R","E"],"items_purchased_type":[],"build_version":"2020-12-18","purchased_purges":0,"victory":false,"max_hp_per_floor":[71,71,71,71,71,71,71,71],"relic_stats":{"counters":[4,13],"obtain_stats":[{"Philosopher\u0027s Stone":0,"Cracked Core":0},{"Philosopher\u0027s Stone":0,"Cracked Core":0},{"Philosopher\u0027s Stone":0,"Cracked Core":0}]},"card_choices":[{"not_picked":["Hello World","Melter"],"picked":"Aggregate","floor":1},{"not_picked":["Blizzard","Leap"],"picked":"Cold Snap","floor":2},{"not_picked":["Barrage","Hologram"],"picked":"Compile Driver","floor":4}],"player_experience":280308,"relics_obtained":[],"event_choices":[{"cards_removed":["Strike_B"],"damage_healed":0,"gold_gain":0,"player_choice":"Card Removal","damage_taken":0,"max_hp_gain":0,"max_hp_loss":0,"event_name":"The Cleric","floor":3,"gold_loss":75},{"damage_healed":0,"gold_gain":75,"player_choice":"Gather Gold","damage_taken":11,"max_hp_gain":0,"max_hp_loss":0,"event_name":"World of Goop","floor":5,"gold_loss":0}],"is_beta":true,"boss_relics":[],"items_purged_floors":[],"is_endless":false,"potions_floor_spawned":[1,2,4],"killed_by":"Gremlin Nob","ascension_level":20}}