{"host":"3j7xx3dgykcuif7u","time":1609723450,"event":{"mods":["2.2 Compatiblity","Bard","BaseMod","Better Note","Better Third Choice","BetterRewards","Colored Map","Colored Powertips","Conspire","Custom Start","Downfall","Faster Ascension Climbing","Friendly Minions","GifTheSpireLib","Gremlin Skip","Hermit","Highlight Path","Hubris","Infinite Spire","Mad Scientist","Marisa????????","Mimic Mod","Minty Spire (QoL Compilation)","Permanent Neow","Potionbrewer","Quick Restart","RNG Fix","Relic Sorter","Relic Stats","Replay The Spire","Shop Mod","Somnambulant","StSLib","Stuff the Spire","SuperFastMode","The Blue Laboratory","The Construct","The Disciple","The Jungle","The Mystic","The Servant 0.9.4","vexMod"],"gold_per_floor":[112,112,130,130,142,172,172,172,172,172,182,195,229,243,243,321,321,336,351,38,52,52,52,72,72,72,87,104,139,239,274,274,349,349,364,375,375,385,405,433,433,433,433,201,201,231,256,274,274,288,288,288,135,155,155],"floor_reached":56,"playtime":7154,"items_purged":["bard:Strike"],"score":2177,"play_id":"99651421-6409-4f35-b135-789de71a8e83","local_time":"20210103192410","is_ascension_mode":true,"campfire_choices":[{"data":"bard:StudiedStrike","floor":8.0,"key":"SMITH"},{"floor":10.0,"key":"REST"},{"data":"bard:Gamble","floor":23.0,"key":"SMITH"},{"data":"bard:Sift","floor":25.0,"key":"SMITH"},{"floor":32.0,"key":"REST"},{"data":"bard:QuickSong","floor":42.0,"key":"SMITH"},{"floor":49.0,"key":"RECALL"},{"floor":52.0,"key":"REST"}],"circlet_count":0,"master_deck":["AscendersBane","bard:Strike","bard:Strike","bard:Defend","bard:Defend","bard:Defend","bard:Defend","bard:Inspire","bard:Sift+1","bard:ViciousMockery","bard:StudiedStrike+1","Neutralize","Malaise","bard:LifeDrain+1","bard:Thunderwave+1","bard:DiscordantVoice","bard:CuttingWords+1","bard:TinyHut","bard:ReverseGravity+1","bard:Thunderwave+1","bard:Gamble+1","bard:FeastOnFear","bard:FeastOnFear","bard:StudiedStrike+1","infinitespire:NeuralNetwork","bard:StudiedStrike+1","bard:QuickSong+1","bard:SplendidForm+1","bard:QuickSong+1","Leg Sweep","bard:Sift+1","bard:HideousLaughter+1","bard:Shifting+1","bard:FalseLife+1","bard:Heroism","bard:Sonata+1","bard:GreaterMagicWeapon+1","bard:BestowCurse+1","bard:Sift+1","bard:PowerWordStun+1"],"relics":["bard:BagPipes","m_ChordRing","hubris:GlazedTorus","StuffTheSpire:GrapeVine","MerchantsRug","Paper Crane","Chemical X","vexMod:DeviousBotling","StuffTheSpire:Gunfinga","ReplayTheSpireMod:Shallot","vexMod:HeadHunter","Thread and Needle","Golden Egg","Red Mask","Bronze Scales","Replay:Bottled Flurry","bard:ConductorsBaton","StuffTheSpire:Experiment12","vexMod:RetaliationKit","Whetstone","infinitespire:ShieldingShard"],"acts_visited":["Exordium","TheCity","TheBeyond","TheEnding"],"potions_floor_usage":[55,55],"damage_taken":[{"damage":4.0,"enemies":"2 Louse","floor":1.0,"turns":4.0},{"damage":0.0,"enemies":"Cultist","floor":3.0,"turns":4.0},{"damage":0.0,"enemies":"Small Slimes","floor":5.0,"turns":2.0},{"damage":33.0,"enemies":"Replay:BlueRogue","floor":6.0,"turns":6.0},{"damage":1.0,"enemies":"Exordium Thugs","floor":11.0,"turns":3.0},{"damage":3.0,"enemies":"Looter","floor":12.0,"turns":2.0},{"damage":3.0,"enemies":"Gremlin Nob","floor":13.0,"turns":3.0},{"damage":10.0,"enemies":"conspire:2 RoseBushes","floor":14.0,"turns":4.0},{"damage":0.0,"enemies":"The Guardian","floor":16.0,"turns":7.0},{"damage":0.0,"enemies":"Spheric Guardian","floor":18.0,"turns":3.0},{"damage":8.0,"enemies":"Chosen","floor":19.0,"turns":2.0},{"damage":11.0,"enemies":"Snake Plant","floor":21.0,"turns":6.0},{"damage":0.0,"enemies":"conspire:Head Lice","floor":24.0,"turns":5.0},{"damage":0.0,"enemies":"Cultist and Chosen","floor":27.0,"turns":3.0},{"damage":0.0,"enemies":"Centurion and Healer","floor":28.0,"turns":3.0},{"damage":0.0,"enemies":"Gremlin Leader","floor":29.0,"turns":4.0},{"damage":9.0,"enemies":"Colosseum Slavers","floor":30.0,"turns":3.0},{"damage":12.0,"enemies":"Colosseum Nobs","floor":30.0,"turns":5.0},{"damage":0.0,"enemies":"Masked Bandits","floor":31.0,"turns":2.0},{"damage":6.0,"enemies":"conspire:MysteriousRune","floor":33.0,"turns":7.0},{"damage":0.0,"enemies":"3 Shapes","floor":35.0,"turns":3.0},{"damage":0.0,"enemies":"Orb Walker","floor":36.0,"turns":4.0},{"damage":4.0,"enemies":"Transient","floor":38.0,"turns":5.0},{"damage":9.0,"enemies":"Maw","floor":39.0,"turns":5.0},{"damage":0.0,"enemies":"Nemesis","floor":40.0,"turns":7.0},{"damage":0.0,"enemies":"Reptomancer","floor":46.0,"turns":7.0},{"damage":0.0,"enemies":"Mind Bloom Boss Battle","floor":47.0,"turns":4.0},{"damage":11.0,"enemies":"Jaw Worm Horde","floor":48.0,"turns":3.0},{"damage":45.0,"enemies":"Donu and Deca","floor":50.0,"turns":10.0},{"damage":16,"enemies":"Shield and Spear","floor":54,"turns":7},{"damage":23,"enemies":"The Heart","floor":55,"turns":7}],"seed_played":"-2586722655388895371","potions_obtained":[{"floor":1.0,"key":"blueLaboratory:EnragingPotion"},{"floor":12.0,"key":"Explosive Potion"},{"floor":13.0,"key":"Block Potion"},{"floor":16.0,"key":"AttackPotion"},{"floor":18.0,"key":"blueLaboratory:Moonshine"},{"floor":24.0,"key":"potionbrewer:SplittingPotion"},{"floor":29.0,"key":"blueLaboratory:LouseDecoction"},{"floor":36.0,"key":"potionbrewer:StunPotion"},{"floor":40.0,"key":"Ancient Potion"}],"is_trial":false,"path_per_floor":["M","?","M","?","M","E","?","R","T","R","M","M","E","M","R_BF","B",null,"M","M","$","M","AVR","R","E","R","T","M","M","E","?","?","R","B",null,"M","M","?","M","M","E","?","R","T","$","?","E","?","M","R","B",null,"R","$","E","B",null],"character_chosen":"BARD","items_purchased":["MerchantsRug","Paper Crane","bard:FeastOnFear","bard:ConductorsBaton","bard:FalseLife+1","StuffTheSpire:Experiment12","Whetstone"],"campfire_rested":3,"item_purchase_floors":[20,20,20,44,44,44,53],"current_hp_per_floor":[59,59,59,59,59,26,26,26,26,47,46,43,40,30,51,51,65,65,57,57,46,46,46,46,46,46,46,46,46,25,25,46,40,93,93,93,100,96,87,87,87,87,87,87,87,87,87,76,76,31,83,100,100,84,61],"gold":155,"neow_bonus":"TRANSFORM_CARD","is_daily":false,"chose_seed":false,"campfire_upgraded":4,"win_rate":0.0,"timestamp":1609723450,"path_taken":["M","?","M","?","M","E","?","R","T","R","M","M","E","?","R_BF","BOSS","M","M","$","M","AVR","R","E","R","T","M","M","E","?","?","R","BOSS","M","M","?","M","?","E","?","R","T","$","?","E","?","M","R","BOSS","R","$","E","BOSS"],"items_purchased_type":["Relic","Relic","Card","Relic","Card","Relic","Relic"],"build_version":"2020-12-22","purchased_purges":1,"victory":true,"max_hp_per_floor":[70,70,70,70,70,70,70,70,70,70,70,70,70,70,70,70,70,70,70,70,70,70,70,70,70,70,70,70,70,70,70,70,70,100,100,100,100,100,100,100,100,100,100,100,100,100,100,100,100,100,100,100,100,100,100],"relic_stats":{"counters":[31,136],"Bronze Scales":[168],"Chemical X":[13],"Whetstone":["bard:Thunderwave","bard:ReverseGravity"],"obtain_stats":[{"bard:BagPipes":0,"Golden Egg":30,"StuffTheSpire:GrapeVine":13,"Whetstone":53,"StuffTheSpire:Experiment12":44,"StuffTheSpire:Gunfinga":24,"infinitespire:ShieldingShard":54,"Honey Jar":17,"vexMod:DeviousBotling":22,"Red Mask":31,"Replay:Bottled Flurry":43,"Chemical X":22,"vexMod:RetaliationKit":47,"hubris:GlazedTorus":6,"MerchantsRug":20,"bard:PitchPipe":0,"Thread and Needle":30,"Paper Crane":20,"bard:ConductorsBaton":44,"m_ChordRing":4,"ReplayTheSpireMod:Shallot":26,"vexMod:HeadHunter":29,"Bronze Scales":40,"vexMod:BigBerry":34,"infinitespire:Midas Blood":46},{"bard:BagPipes":0,"Golden Egg":18,"StuffTheSpire:GrapeVine":7,"Whetstone":29,"StuffTheSpire:Experiment12":25,"StuffTheSpire:Gunfinga":13,"infinitespire:ShieldingShard":30,"Honey Jar":9,"vexMod:DeviousBotling":12,"Red Mask":19,"Replay:Bottled Flurry":25,"Chemical X":12,"vexMod:RetaliationKit":27,"hubris:GlazedTorus":4,"MerchantsRug":11,"bard:PitchPipe":0,"Thread and Needle":18,"Paper Crane":11,"bard:ConductorsBaton":25,"m_ChordRing":2,"ReplayTheSpireMod:Shallot":13,"vexMod:HeadHunter":16,"Bronze Scales":25,"vexMod:BigBerry":20,"infinitespire:Midas Blood":26},{"bard:BagPipes":0,"Golden Egg":67,"StuffTheSpire:GrapeVine":24,"Whetstone":122,"StuffTheSpire:Experiment12":100,"StuffTheSpire:Gunfinga":50,"infinitespire:ShieldingShard":129,"Honey Jar":34,"vexMod:DeviousBotling":45,"Red Mask":69,"Replay:Bottled Flurry":100,"Chemical X":45,"vexMod:RetaliationKit":111,"hubris:GlazedTorus":16,"MerchantsRug":39,"bard:PitchPipe":0,"Thread and Needle":67,"Paper Crane":39,"bard:ConductorsBaton":100,"m_ChordRing":8,"ReplayTheSpireMod:Shallot":50,"vexMod:HeadHunter":60,"Bronze Scales":100,"vexMod:BigBerry":76,"infinitespire:Midas Blood":107}]},"card_choices":[{"not_picked":["bard:Sift","bard:Silence"],"picked":"bard:ViciousMockery","floor":1.0},{"not_picked":["bard:LingeringEcho","bard:Greatness"],"picked":"bard:StudiedStrike","floor":3.0},{"not_picked":["bard:StudiedStrike","bard:Parry"],"picked":"Malaise","floor":5.0},{"not_picked":["bard:Blink","bard:ViciousMockery"],"picked":"bard:LifeDrain","floor":6.0},{"not_picked":["Sucker Punch","bard:CuttingWords"],"picked":"bard:Thunderwave","floor":11.0},{"not_picked":["bard:MantleOfInspiration","bard:HarmoniousVoice"],"picked":"bard:DiscordantVoice","floor":12.0},{"not_picked":["bard:GuardPoint","bard:LocateObject"],"picked":"bard:CuttingWords","floor":13.0},{"not_picked":["bard:Balestra","ReplayTheSpireMod:Exploit Weakness"],"picked":"bard:TinyHut","floor":14.0},{"not_picked":["bard:Haste","bard:FingerOfDeath"],"picked":"bard:ReverseGravity","floor":16.0},{"not_picked":["bard:PrismaticSpray","bard:LifeDrain"],"picked":"bard:Thunderwave+1","floor":18.0},{"not_picked":["bard:CuttingWords","bard:EchoEcho+1"],"picked":"bard:Gamble","floor":19.0},{"not_picked":["bard:CuttingWords","bard:SongBolt"],"picked":"bard:StudiedStrike+1","floor":21.0},{"not_picked":["bard:EnGarde+1","bard:FirstStrike"],"picked":"bard:StudiedStrike+1","floor":24.0},{"not_picked":["bard:Balestra","bard:FalseLife","bard:Sift"],"picked":"SKIP","floor":27.0},{"not_picked":["bard:LingeringEcho","bard:Rhapsody","bard:BucklerBash"],"picked":"SKIP","floor":28.0},{"not_picked":["bard:FirstStrike","bard:Balestra","bard:Flourish"],"picked":"SKIP","floor":29.0},{"not_picked":["bard:CuttingWords","bard:StudiedStrike+1"],"picked":"bard:QuickSong","floor":30.0},{"not_picked":["bard:ReverseGravity","bard:MnemonicVestments"],"picked":"bard:SplendidForm","floor":33.0},{"not_picked":["bard:LingeringEcho","bard:FalseLife","bard:Rest"],"picked":"SKIP","floor":35.0},{"not_picked":["bard:SongBolt","bard:Focused"],"picked":"bard:QuickSong+1","floor":36.0},{"not_picked":["bard:InspiringSong","bard:Rest"],"picked":"Leg Sweep","floor":38.0},{"not_picked":["bard:StudiedStrike","bard:FeastOnFear"],"picked":"bard:Sift+1","floor":39.0},{"not_picked":["bard:Rhapsody","bard:DeathMetal"],"picked":"bard:Wish","floor":40.0},{"not_picked":["bard:PhantasmalForce","Sucker Punch"],"picked":"bard:Shifting","floor":40.0},{"not_picked":["bard:Encore","bard:SplendidForm"],"picked":"bard:Wish","floor":46.0},{"not_picked":["bard:LingeringPerformance+1","bard:Fermata"],"picked":"bard:BestowCurse+1","floor":46.0},{"not_picked":["bard:DervishDance","bard:Gamble"],"picked":"bard:Sift+1","floor":47.0},{"not_picked":["bard:CuttingWords+1","bard:GuardPoint","bard:InspiringSong+1"],"picked":"SKIP","floor":48.0},{"not_picked":["bard:Sonata","bard:BottledSong"],"picked":"bard:PowerWordStun","floor":54},{"not_picked":["bard:ThickOfTheFight","bard:QuickSong","bard:Fermata"],"picked":"SKIP","floor":54}],"player_experience":981716,"relics_obtained":[{"floor":6.0,"key":"hubris:GlazedTorus"},{"floor":13.0,"key":"StuffTheSpire:GrapeVine"},{"floor":24.0,"key":"StuffTheSpire:Gunfinga"},{"floor":26.0,"key":"ReplayTheSpireMod:Shallot"},{"floor":29.0,"key":"vexMod:HeadHunter"},{"floor":30.0,"key":"Thread and Needle"},{"floor":30.0,"key":"Golden Egg"},{"floor":31.0,"key":"Red Mask"},{"floor":40.0,"key":"Bronze Scales"},{"floor":43.0,"key":"Replay:Bottled Flurry"},{"floor":46.0,"key":"infinitespire:Midas Blood"},{"floor":47.0,"key":"vexMod:RetaliationKit"},{"floor":54,"key":"infinitespire:ShieldingShard"}],"event_choices":[{"damage_healed":0.0,"max_hp_gain":0.0,"max_hp_loss":0.0,"gold_gain":0.0,"event_name":"betterNote:BetterNote","player_choice":"Ignored","floor":2.0,"gold_loss":0.0,"damage_taken":0.0,"cards_obtained":["potionbrewer:Prototype"]},{"damage_healed":0.0,"max_hp_gain":0.0,"max_hp_loss":0.0,"gold_gain":0.0,"event_name":"Upgrade Shrine","player_choice":"Upgraded","floor":7.0,"gold_loss":0.0,"damage_taken":0.0,"cards_upgraded":["bard:LifeDrain"]},{"damage_healed":0.0,"max_hp_gain":0.0,"max_hp_loss":0.0,"gold_gain":0.0,"event_name":"Colosseum","player_choice":"Fight","floor":30.0,"gold_loss":0.0,"damage_taken":0.0},{"damage_healed":0.0,"max_hp_gain":0.0,"max_hp_loss":0.0,"gold_gain":0.0,"event_name":"Colosseum","player_choice":"Fought Nobs","floor":30.0,"gold_loss":0.0,"damage_taken":0.0},{"damage_healed":0.0,"max_hp_gain":0.0,"max_hp_loss":0.0,"gold_gain":0.0,"event_name":"Masked Bandits","player_choice":"Fought Bandits","floor":31.0,"gold_loss":0.0,"damage_taken":0.0},{"damage_healed":0.0,"max_hp_gain":0.0,"max_hp_loss":0.0,"gold_gain":0.0,"event_name":"The Woman in Blue","player_choice":"Bought 0 Potions","floor":41.0,"gold_loss":0.0,"damage_taken":0.0},{"damage_healed":0.0,"max_hp_gain":0.0,"max_hp_loss":0.0,"gold_gain":0.0,"event_name":"Match and Keep!","player_choice":"2 cards matched","floor":45.0,"gold_loss":0.0,"damage_taken":0.0,"cards_obtained":["bard:Heroism","bard:Sonata"]},{"damage_healed":0.0,"max_hp_gain":0.0,"max_hp_loss":0.0,"gold_gain":0.0,"event_name":"MindBloom","player_choice":"Fight","floor":47.0,"gold_loss":0.0,"damage_taken":0.0}],"is_beta":false,"boss_relics":[{"not_picked":["Runic Pyramid","hubris:VirtuousBlindfold"],"picked":"Honey Jar"},{"not_picked":["Empty Cage","StuffTheSpire:Kangaroo"],"picked":"vexMod:BigBerry"}],"items_purged_floors":[53],"is_endless":false,"potions_floor_spawned":[1,12,13,16,18,24,27,28,29,36,40,48],"ascension_level":13}}