{"host":"bpkhhmvsfrvlto2l","time":1609802959,"event":{"mods":["2.2 Compatiblity","Act Like it!","AlwaysNeverKeys","BaseMod","Better Silent Start","Challenge The Spire","Colored Map","Colored Powertips","Custom Start","Downfall","Energized Spire","Friendly Minions","GifTheSpireLib","Halation","Hubris","Infinite Spire","Ironclad Rager","Mimic Mod","Minty Spire (QoL Compilation)","Permanent Neow","Quick Restart","Random Character Button","Relic Sorter","Replay The Spire","Spikes Relics","StSLib","Stuff the Spire","Swap Starting Deck Mod","Trackpad"],"gold_per_floor":[115,115,115,88,100,100,111,126,126,161,178,194,16,87,87,192,192,206,206,57,82,94,141,168,180,192,204,204],"floor_reached":27,"playtime":1201,"items_purged":["Strike_G"],"score":233,"play_id":"c68005c4-46ce-4085-830e-833c05b19fcb","local_time":"20210104182919","is_ascension_mode":false,"campfire_choices":[{"data":"Neutralize","floor":6,"key":"SMITH"},{"data":"Noxious Fumes","floor":15,"key":"SMITH"}],"circlet_count":0,"master_deck":["Strike_G","Strike_G","Strike_G","Defend_G","Defend_G","Defend_G","Defend_G","Survivor","Neutralize+1","Dagger Spray","Caltrops","Glass Knife","Caltrops","Noxious Fumes","Noxious Fumes+1","StuffTheSpire:Injection","Pot Of Greed","Pot Of Greed","A Thousand Cuts","Poisoned Stab"],"relics":["Ring of the Snake","halation:PinkSoulGem","Grinning Jar","hubris:SlimyHat","FossilizedHelix","StuffTheSpire:RunicConfusion","MawBank","halation:SwordOfLegend","infinitespire:Bottled Soul","halation:EternalFortune","infinitespire:BottledMercury"],"acts_visited":["TheCity"],"potions_floor_usage":[10,10,16,16,24,24,24,27,27,27],"damage_taken":[{"damage":0.0,"enemies":"2 Louse","floor":1.0,"turns":5.0},{"damage":0,"enemies":"Small Slimes","floor":5,"turns":4},{"damage":1,"enemies":"Cultist","floor":7,"turns":4},{"damage":6,"enemies":"Large Slime","floor":8,"turns":9},{"damage":11,"enemies":"3 Sentries","floor":10,"turns":4},{"damage":0,"enemies":"Lots of Slimes","floor":11,"turns":4},{"damage":0,"enemies":"Looter","floor":12,"turns":3},{"damage":14,"enemies":"Hexaghost","floor":16,"turns":8},{"damage":0,"enemies":"Chosen","floor":18,"turns":5},{"damage":10,"enemies":"Shell Parasite","floor":21,"turns":4},{"damage":51,"enemies":"Gremlin Leader","floor":23,"turns":6},{"damage":0,"enemies":"Snake Plant","floor":24,"turns":1},{"damage":16,"enemies":"Centurion and Healer","floor":27,"turns":4}],"seed_played":"-5430125826574592815","potions_obtained":[{"floor":0.0,"key":"Weak Potion"},{"floor":0.0,"key":"AttackPotion"},{"floor":0.0,"key":"Slimebound:ThreeZeroPotion"},{"floor":11,"key":"SpeedPotion"},{"floor":12,"key":"Ancient Potion"},{"floor":14,"key":"EntropicBrew"},{"floor":21,"key":"CultistPotion"},{"floor":24,"key":"champ:CounterPotion"}],"is_trial":false,"path_per_floor":["M","?","?","?","M","R","M","M","T","E","M","M","$","?","R","B",null,"M","?","?","M","AVR","E","M","?","T","M"],"character_chosen":"THE_SILENT","items_purchased":["Noxious Fumes","StuffTheSpire:Injection"],"campfire_rested":0,"item_purchase_floors":[13,13],"current_hp_per_floor":[70,70,70,70,70,70,69,63,63,52,52,52,52,52,52,38,70,70,70,70,60,60,9,9,12,12,0,0],"gold":204,"neow_bonus":"THREE_SMALL_POTIONS","is_daily":false,"chose_seed":false,"campfire_upgraded":2,"win_rate":0.0,"timestamp":1609802959,"path_taken":["M","?","?","?","M","R","M","M","T","E","M","M","$","?","R","BOSS","M","?","?","M","AVR","E","?","?","T","M"],"items_purchased_type":["Card","Card"],"build_version":"2020-12-22","purchased_purges":1,"victory":false,"max_hp_per_floor":[70,70,70,70,70,70,70,70,70,70,70,70,70,70,70,70,70,70,70,70,70,70,70,70,73,73,73,73],"card_choices":[{"not_picked":["Underhanded Strike","StuffTheSpire:Sprint"],"picked":"Dagger Spray","floor":7},{"not_picked":["Pace","Sucker Punch"],"picked":"Caltrops","floor":8},{"not_picked":["StuffTheSpire:BumpUp","Bane"],"picked":"Glass Knife","floor":10},{"not_picked":["Deflect","Prepared"],"picked":"Caltrops","floor":11},{"not_picked":["Burst","ReplayTheSpireMod:From All Sides"],"picked":"A Thousand Cuts","floor":16},{"not_picked":["Masterful Stab","Dash"],"picked":"Poisoned Stab","floor":21}],"player_experience":27289,"relics_obtained":[{"floor":9,"key":"hubris:SlimyHat"},{"floor":10,"key":"FossilizedHelix"},{"floor":14,"key":"Grinning Jar"},{"floor":23,"key":"infinitespire:Bottled Soul"},{"floor":26,"key":"infinitespire:BottledMercury"}],"event_choices":[{"damage_healed":0,"gold_gain":0,"player_choice":"Ignored","damage_taken":0,"max_hp_gain":0,"max_hp_loss":0,"event_name":"Liars Game","floor":3,"gold_loss":0},{"damage_healed":0,"gold_gain":0,"player_choice":"Left Gold","damage_taken":0,"max_hp_gain":0,"max_hp_loss":0,"event_name":"World of Goop","floor":4,"gold_loss":27},{"damage_healed":0,"gold_gain":0,"player_choice":"Ignored","damage_taken":0,"max_hp_gain":0,"max_hp_loss":0,"event_name":"Vampires","floor":19,"gold_loss":0},{"damage_healed":0,"gold_gain":0,"player_choice":"Paid Gold","damage_taken":0,"relics_obtained":["MawBank"],"max_hp_gain":0,"max_hp_loss":0,"event_name":"WeMeetAgain","floor":20,"gold_loss":149}],"is_beta":false,"boss_relics":[{"not_picked":["Replay:Drink Me","energizedSpire:CursedPentagram"],"picked":"StuffTheSpire:RunicConfusion"}],"items_purged_floors":[13],"is_endless":false,"potions_floor_spawned":[5,7,11,12,21,24],"killed_by":"Centurion and Healer","ascension_level":0}}