{"host":"e52c7hvho6xny3hd","time":1609770020,"event":{"mods":["AchievementEnabler","BaseMod","Colored Map","DeckTracker","Minty Spire (QoL Compilation)","Permanent Neow","StSLib"],"gold_per_floor":[111,128,142,158,83,83,102,122,147,160,160,19,19,35,35,35,35],"floor_reached":16,"playtime":685,"items_purged":["Strike_P","Strike_P"],"score":139,"play_id":"7759cd40-0ec5-4f6f-ba64-412d8f01806b","local_time":"20210104232020","is_ascension_mode":true,"campfire_choices":[{"data":"Eruption","floor":6.0,"key":"SMITH"},{"data":"Worship","floor":11,"key":"SMITH"},{"data":"DeceiveReality","floor":15,"key":"SMITH"}],"circlet_count":0,"master_deck":["Strike_P","Defend_P","Defend_P","Defend_P+1","Defend_P","Eruption+1","Vigilance","ForeignInfluence+1","DeceiveReality+1","Worship+1","Wallop","FlurryOfBlows","FollowUp","LikeWater","Adaptation+1","Evaluate"],"relics":["PureWater","War Paint"],"acts_visited":["Exordium"],"potions_floor_usage":[],"damage_taken":[{"damage":5.0,"enemies":"2 Louse","floor":1.0,"turns":4.0},{"damage":0.0,"enemies":"Cultist","floor":2.0,"turns":3.0},{"damage":0.0,"enemies":"Jaw Worm","floor":3.0,"turns":3.0},{"damage":6.0,"enemies":"Lots of Slimes","floor":4.0,"turns":2.0},{"damage":2,"enemies":"2 Fungi Beasts","floor":7,"turns":3},{"damage":0,"enemies":"Large Slime","floor":8,"turns":5},{"damage":0,"enemies":"Gremlin Gang","floor":10,"turns":2},{"damage":7,"enemies":"3 Louse","floor":14,"turns":4},{"damage":0,"enemies":"Slime Boss","floor":16,"turns":3}],"seed_played":"-3634195137511344762","potions_obtained":[{"floor":1.0,"key":"ColorlessPotion"},{"floor":7,"key":"Block Potion"}],"is_trial":false,"path_per_floor":["M","M","M","M","$","R","M","M","T","M","R","$","?","M","R","B"],"character_chosen":"WATCHER","items_purchased":["Adaptation"],"campfire_rested":0,"item_purchase_floors":[12],"current_hp_per_floor":[60,60,60,54,54,54,52,52,52,52,52,52,52,45,45,45,45],"gold":35,"neow_bonus":"REMOVE_CARD","is_daily":false,"chose_seed":false,"campfire_upgraded":3,"win_rate":0.0,"timestamp":1609770020,"path_taken":["M","M","M","M","$","R","M","M","T","M","R","$","?","M","R","BOSS"],"items_purchased_type":["Card"],"build_version":"2020-12-22","purchased_purges":2,"victory":false,"max_hp_per_floor":[72,72,72,72,72,72,72,72,72,72,72,72,72,72,72,72,72],"card_choices":[{"not_picked":["PathToVictory","FlyingSleeves"],"picked":"ForeignInfluence","floor":1.0},{"not_picked":["Nirvana","SashWhip"],"picked":"DeceiveReality","floor":2.0},{"not_picked":["InnerPeace","FlyingSleeves"],"picked":"Worship","floor":3.0},{"not_picked":["Halt","JustLucky"],"picked":"Wallop","floor":4.0},{"not_picked":["Evaluate","ClearTheMind"],"picked":"FlurryOfBlows","floor":7},{"not_picked":["Protect","Nirvana"],"picked":"FollowUp","floor":8},{"not_picked":["Scrawl","Halt"],"picked":"LikeWater","floor":10},{"not_picked":["FollowUp","Halt"],"picked":"Evaluate","floor":14}],"player_experience":622833,"relics_obtained":[{"floor":9,"key":"War Paint"}],"event_choices":[{"damage_healed":0,"gold_gain":0,"player_choice":"Upgraded","damage_taken":0,"max_hp_gain":0,"max_hp_loss":0,"event_name":"Upgrade Shrine","floor":13,"gold_loss":0,"cards_upgraded":["Adaptation"]}],"is_beta":false,"boss_relics":[],"items_purged_floors":[5,12],"is_endless":false,"potions_floor_spawned":[1,7],"killed_by":"Slime Boss","ascension_level":9}}