{"host":"Qube","time":1609801201,"event":{"mods":["AchievementEnabler","BaseMod","Colored Map","Colored Powertips","Minty Spire (QoL Compilation)","Quick Restart","Random Character Button","StSLib"],"gold_per_floor":[12,12,12,31,49,81,81,81,107,126,126,153,170,190,190,264,264,279,294,239,249,7,7,7,7,7],"floor_reached":25,"playtime":988,"items_purged":[],"score":415,"play_id":"800f70aa-7bff-4a41-8b8d-bbf6ab5e1c93","local_time":"20210104150001","is_ascension_mode":true,"campfire_choices":[{"data":"Dualcast","floor":7.0,"key":"SMITH"},{"floor":11.0,"key":"REST"},{"floor":15,"key":"REST"},{"floor":23,"key":"REST"}],"circlet_count":0,"master_deck":["AscendersBane","Strike_B","Defend_B","Defend_B","Zap+1","Dualcast+1","Rebound","Ball Lightning","Lockon","Conserve Battery","Leap","Chaos","Reinforced Body","Conserve Battery","Biased Cognition","Ball Lightning","Tempest","Electrodynamics","Writhe"],"relics":["Cracked Core","Blood Vial","Bag of Marbles","Smiling Mask","Empty Cage","Mercury Hourglass","Membership Card","CaptainsWheel"],"acts_visited":["Exordium","TheCity"],"potions_floor_usage":[14,16,25,25],"damage_taken":[{"damage":10.0,"enemies":"2 Louse","floor":1.0,"turns":2.0},{"damage":7.0,"enemies":"Jaw Worm","floor":4.0,"turns":2.0},{"damage":1.0,"enemies":"Cultist","floor":5.0,"turns":3.0},{"damage":30.0,"enemies":"Lagavulin","floor":6.0,"turns":4.0},{"damage":0.0,"enemies":"Exordium Thugs","floor":10.0,"turns":3.0},{"damage":11.0,"enemies":"3 Sentries","floor":12.0,"turns":5.0},{"damage":19.0,"enemies":"Lots of Slimes","floor":13.0,"turns":3.0},{"damage":0,"enemies":"Large Slime","floor":14,"turns":3},{"damage":32,"enemies":"The Guardian","floor":16,"turns":11},{"damage":21,"enemies":"Shell Parasite","floor":18,"turns":6},{"damage":6,"enemies":"Spheric Guardian","floor":19,"turns":4},{"damage":19,"enemies":"Snake Plant","floor":21,"turns":4},{"damage":57,"enemies":"Book of Stabbing","floor":25,"turns":4}],"seed_played":"7890909536537334396","potions_obtained":[{"floor":1.0,"key":"Regen Potion"},{"floor":4.0,"key":"Strength Potion"},{"floor":10.0,"key":"FearPotion"},{"floor":13.0,"key":"GamblersBrew"},{"floor":14,"key":"Strength Potion"},{"floor":21,"key":"AttackPotion"}],"is_trial":false,"path_per_floor":["M","?","$","M","M","E","R","?","T","M","R","E","M","M","R","B",null,"M","M","?","M","$","R","?","E"],"character_chosen":"DEFECT","items_purchased":["Membership Card","Electrodynamics"],"campfire_rested":3,"item_purchase_floors":[22,22],"current_hp_per_floor":[54,54,54,47,46,16,16,16,16,18,39,30,13,15,36,6,55,36,32,32,15,15,36,36,0,0],"gold":7,"neow_bonus":"REMOVE_TWO","is_daily":false,"chose_seed":false,"campfire_upgraded":1,"win_rate":0.0,"timestamp":1609801201,"path_taken":["M","?","$","M","M","E","R","?","T","?","R","E","M","M","R","BOSS","M","M","?","?","$","R","?","E"],"items_purchased_type":["Relic","Card"],"build_version":"2020-12-18","purchased_purges":0,"victory":false,"max_hp_per_floor":[71,71,71,71,71,71,71,71,71,71,71,71,71,71,71,71,71,71,71,71,71,71,71,71,71,71],"card_choices":[{"not_picked":["Storm","Stack"],"picked":"Rebound","floor":1.0},{"not_picked":["Coolheaded","Force Field"],"picked":"Ball Lightning","floor":4.0},{"not_picked":["Redo","Conserve Battery"],"picked":"Lockon","floor":5.0},{"not_picked":["Steam","Stack"],"picked":"Conserve Battery","floor":6.0},{"not_picked":["Steam","Sweeping Beam"],"picked":"Leap","floor":10.0},{"not_picked":["Barrage","Consume"],"picked":"Chaos","floor":12.0},{"not_picked":["Loop","Barrage"],"picked":"Reinforced Body","floor":13.0},{"not_picked":["Static Discharge","Stack"],"picked":"Conserve Battery","floor":14},{"not_picked":["Hyperbeam","Buffer"],"picked":"Biased Cognition","floor":16},{"not_picked":["Cold Snap","Steam+1"],"picked":"Ball Lightning","floor":18},{"not_picked":["Beam Cell","Gash","Redo"],"picked":"SKIP","floor":19},{"not_picked":["White Noise","Auto Shields"],"picked":"Tempest","floor":21}],"player_experience":756136,"relics_obtained":[{"floor":6.0,"key":"Blood Vial"},{"floor":9.0,"key":"Bag of Marbles"},{"floor":12.0,"key":"Smiling Mask"}],"event_choices":[{"damage_healed":0.0,"max_hp_gain":0.0,"max_hp_loss":0.0,"gold_gain":0.0,"event_name":"Living Wall","player_choice":"Grow","floor":2.0,"gold_loss":0.0,"damage_taken":0.0,"cards_upgraded":["Zap"]},{"cards_removed":["Strike_B"],"damage_healed":0.0,"max_hp_gain":0.0,"max_hp_loss":0.0,"gold_gain":0.0,"event_name":"Bonfire Elementals","player_choice":"Offered Basic","floor":8.0,"gold_loss":0.0,"damage_taken":0.0},{"damage_healed":0,"gold_gain":0,"player_choice":"Paid Gold","damage_taken":0,"relics_obtained":["Mercury Hourglass"],"max_hp_gain":0,"max_hp_loss":0,"event_name":"WeMeetAgain","floor":20,"gold_loss":55},{"damage_healed":0,"gold_gain":0,"player_choice":"Opened","damage_taken":0,"relics_obtained":["CaptainsWheel"],"max_hp_gain":0,"max_hp_loss":0,"event_name":"The Mausoleum","floor":24,"gold_loss":0,"cards_obtained":["Writhe"]}],"is_beta":true,"boss_relics":[{"not_picked":["Runic Pyramid","FrozenCore"],"picked":"Empty Cage"}],"items_purged_floors":[],"is_endless":false,"potions_floor_spawned":[1,4,10,13,14,21],"killed_by":"Book of Stabbing","ascension_level":19}}