{"host":"kh6fvhxn285ncg0o","time":1609770058,"event":{"mods":["Act Like it!","BaseMod","Colored Map","Friendly Minions","Keyboard Shortcuts","Minty Spire (QoL Compilation)","Quick Restart","Relic Stats","StSLib","SuperFastMode"],"gold_per_floor":[112,37,37,55,78,111,111,138,164,164,183,183,202,236,236,314,314,325,336,352,370,370,402,402,402,402,402,402,432,43,72,72,151,151,164,219,238,238,138,164,198,227,251,267,279,305,305,331,331,331,331,331,331,173,208,208,208],"floor_reached":56,"playtime":1693,"items_purged":["Strike_R","Strike_R","Immolate"],"score":2838,"play_id":"d51945fb-84af-4328-9336-49b096678f50","local_time":"20210104232058","is_ascension_mode":true,"campfire_choices":[{"data":"Reckless Charge","floor":7.0,"key":"SMITH"},{"data":"Pommel Strike","floor":12.0,"key":"SMITH"},{"data":"Flame Barrier","floor":15.0,"key":"SMITH"},{"data":"Fiend Fire","floor":24.0,"key":"SMITH"},{"floor":27.0,"key":"REST"},{"data":"Burning Pact","floor":32.0,"key":"SMITH"},{"data":"Feel No Pain","floor":47.0,"key":"SMITH"},{"floor":49.0,"key":"RECALL"},{"data":"Body Slam","floor":53.0,"key":"SMITH"}],"circlet_count":0,"master_deck":["AscendersBane","Defend_R","Defend_R","Defend_R","Bash+1","Flame Barrier+1","Burning Pact+1","Reckless Charge+1","Pommel Strike+1","Fiend Fire+1","Shrug It Off","Fire Breathing","Dropkick+1","Necronomicurse","Cleave+1","Power Through+1","Dual Wield+1","Feel No Pain+1","Barricade","Shrug It Off+1","Impervious+1","Body Slam+1","Warcry+1","Impatience+1","Battle Trance+1"],"relics":["Burning Blood","Orichalcum","Lantern","Eternal Feather","Art of War","Nunchaku","Red Skull","Runic Pyramid","Bag of Preparation","Necronomicon","Toxic Egg 2","MawBank","Happy Flower","Vajra","Coffee Dripper","WingedGreaves","Champion Belt","Toy Ornithopter","Smiling Mask","Pantograph","PreservedInsect","Whetstone"],"acts_visited":["Exordium","TheCity","TheBeyond","TheEnding"],"potions_floor_usage":[],"damage_taken":[{"damage":10.0,"enemies":"2 Louse","floor":1.0,"turns":2.0},{"damage":2.0,"enemies":"Jaw Worm","floor":4.0,"turns":6.0},{"damage":42.0,"enemies":"3 Sentries","floor":6.0,"turns":17.0},{"damage":20.0,"enemies":"Gremlin Nob","floor":8.0,"turns":4.0},{"damage":0.0,"enemies":"Cultist","floor":11.0,"turns":3.0},{"damage":0.0,"enemies":"Large Slime","floor":13.0,"turns":4.0},{"damage":17.0,"enemies":"Lagavulin","floor":14.0,"turns":6.0},{"damage":40.0,"enemies":"Hexaghost","floor":16.0,"turns":8.0},{"damage":3.0,"enemies":"Chosen","floor":18.0,"turns":4.0},{"damage":15.0,"enemies":"Shell Parasite","floor":19.0,"turns":3.0},{"damage":5.0,"enemies":"Cultist and Chosen","floor":20.0,"turns":5.0},{"damage":2.0,"enemies":"Snecko","floor":21.0,"turns":3.0},{"damage":37.0,"enemies":"Slavers","floor":23.0,"turns":5.0},{"damage":13.0,"enemies":"Book of Stabbing","floor":29.0,"turns":3.0},{"damage":5.0,"enemies":"Slavers","floor":31.0,"turns":6.0},{"damage":0.0,"enemies":"Champ","floor":33.0,"turns":5.0},{"damage":0.0,"enemies":"3 Darklings","floor":35.0,"turns":1.0},{"damage":6.0,"enemies":"2 Orb Walkers","floor":36.0,"turns":4.0},{"damage":0.0,"enemies":"Orb Walker","floor":37.0,"turns":1.0},{"damage":0.0,"enemies":"Giant Head","floor":40.0,"turns":6.0},{"damage":0.0,"enemies":"Nemesis","floor":41.0,"turns":6.0},{"damage":0.0,"enemies":"Giant Head","floor":42.0,"turns":6.0},{"damage":0.0,"enemies":"Writhing Mass","floor":44.0,"turns":5.0},{"damage":14.0,"enemies":"Sphere and 2 Shapes","floor":45.0,"turns":3.0},{"damage":0.0,"enemies":"Nemesis","floor":46.0,"turns":7.0},{"damage":0.0,"enemies":"Giant Head","floor":48.0,"turns":6.0},{"damage":0.0,"enemies":"Donu and Deca","floor":50.0,"turns":12.0},{"damage":0.0,"enemies":"Time Eater","floor":51.0,"turns":7.0},{"damage":34.0,"enemies":"Shield and Spear","floor":55.0,"turns":7.0},{"damage":0,"enemies":"The Heart","floor":56,"turns":1}],"seed_played":"-2428178736586210158","potions_obtained":[{"floor":1.0,"key":"DuplicationPotion"},{"floor":11.0,"key":"SpeedPotion"},{"floor":13.0,"key":"Regen Potion"},{"floor":16.0,"key":"SmokeBomb"},{"floor":18.0,"key":"SpeedPotion"},{"floor":20.0,"key":"FearPotion"},{"floor":21.0,"key":"Explosive Potion"},{"floor":33.0,"key":"LiquidMemories"},{"floor":35.0,"key":"LiquidMemories"},{"floor":44.0,"key":"Weak Potion"},{"floor":55.0,"key":"CultistPotion"}],"is_trial":false,"path_per_floor":["M","?","?","M","T","E","R","E","T","?","M","R","M","E","R","B",null,"M","M","M","M","?","E","R","?","T","R","?","E","$","E","R","B",null,"M","?","M","?","$","E","E","E","T","M","M","E","R","E","R","B","B",null,"R","$","E","B"],"character_chosen":"IRONCLAD","items_purchased":["Dual Wield+1","Happy Flower","Feel No Pain","Impatience+1"],"campfire_rested":1,"item_purchase_floors":[30,30,30,54],"current_hp_per_floor":[64,64,64,68,68,32,38,24,24,24,30,36,42,31,37,8,58,61,52,53,57,57,26,35,14,14,45,45,38,38,39,51,57,71,75,75,75,75,75,75,75,75,75,75,67,73,75,75,75,75,75,75,75,75,47,72,72],"gold":208,"neow_bonus":"RANDOM_COMMON_RELIC","is_daily":false,"chose_seed":false,"campfire_upgraded":7,"win_rate":0.0,"timestamp":1609770058,"path_taken":["M","?","?","M","?","E","R","E","T","?","M","R","M","E","R","BOSS","M","?","M","M","?","E","R","?","T","R","?","E","$","E","R","BOSS","M","?","M","?","$","E","E","E","T","M","M","E","R","E","R","BOSS","BOSS","R","$","E","BOSS"],"items_purchased_type":["Card","Relic","Card","Card"],"build_version":"2020-12-22","purchased_purges":3,"victory":false,"max_hp_per_floor":[75,75,75,75,75,75,75,75,75,75,75,75,75,75,75,75,75,75,75,75,75,75,75,75,75,75,75,75,75,75,75,75,75,75,75,75,75,75,75,75,75,75,75,75,75,75,75,75,75,75,75,75,75,75,75,75,75],"relic_stats":{"Happy Flower":[27],"counters":[30,156],"Eternal Feather":50,"PreservedInsect":77,"Bag of Preparation":[34],"Whetstone":["Cleave","Dropkick"],"Orichalcum":[234],"MawBank":12,"Smiling Mask":75,"Burning Blood":124,"Nunchaku":[28],"Pantograph":25,"Art of War":[31],"Necronomicon":[32],"Champion Belt":[16],"obtain_stats":[{"Lantern":5,"Happy Flower":30,"Vajra":31,"Eternal Feather":6,"PreservedInsect":48,"Bag of Preparation":23,"Whetstone":55,"Orichalcum":0,"MawBank":29,"Smiling Mask":42,"Burning Blood":0,"Nunchaku":9,"Pantograph":46,"WingedGreaves":36,"Art of War":8,"Necronomicon":25,"Coffee Dripper":34,"Champion Belt":40,"Toxic Egg 2":26,"Red Skull":14,"Toy Ornithopter":41,"Runic Pyramid":17},{"Lantern":2,"Happy Flower":14,"Vajra":15,"Eternal Feather":3,"PreservedInsect":26,"Bag of Preparation":13,"Whetstone":29,"Orichalcum":0,"MawBank":14,"Smiling Mask":22,"Burning Blood":0,"Nunchaku":4,"Pantograph":25,"WingedGreaves":18,"Art of War":4,"Necronomicon":13,"Coffee Dripper":16,"Champion Belt":20,"Toxic Egg 2":13,"Red Skull":7,"Toy Ornithopter":21,"Runic Pyramid":8},{"Lantern":8,"Happy Flower":73,"Vajra":79,"Eternal Feather":25,"PreservedInsect":129,"Bag of Preparation":70,"Whetstone":155,"Orichalcum":0,"MawBank":73,"Smiling Mask":108,"Burning Blood":0,"Nunchaku":29,"Pantograph":123,"WingedGreaves":89,"Art of War":29,"Necronomicon":70,"Coffee Dripper":84,"Champion Belt":96,"Toxic Egg 2":70,"Red Skull":42,"Toy Ornithopter":102,"Runic Pyramid":50}],"Toy Ornithopter":0},"card_choices":[{"not_picked":["Bloodletting","Anger"],"picked":"Flame Barrier","floor":1.0},{"not_picked":["Flex","True Grit"],"picked":"Burning Pact","floor":4.0},{"not_picked":["Perfected Strike","Headbutt"],"picked":"Reckless Charge","floor":6.0},{"not_picked":["Sentinel","Perfected Strike"],"picked":"Pommel Strike","floor":11.0},{"not_picked":["Cleave","Perfected Strike","Clash"],"picked":"SKIP","floor":13.0},{"not_picked":["True Grit","Pommel Strike","Clothesline"],"picked":"SKIP","floor":14.0},{"not_picked":["True Grit","Pommel Strike","Clothesline"],"picked":"SKIP","floor":14.0},{"not_picked":["Limit Break","Corruption"],"picked":"Fiend Fire","floor":16.0},{"not_picked":["Heavy Blade","Clothesline"],"picked":"Shrug It Off","floor":18.0},{"not_picked":["Thunderclap+1","Pommel Strike"],"picked":"Fire Breathing","floor":19.0},{"not_picked":["Armaments","Heavy Blade","Limit Break"],"picked":"SKIP","floor":20.0},{"not_picked":["Warcry","Pommel Strike"],"picked":"Dropkick","floor":21.0},{"not_picked":["Headbutt","Armaments","Rupture"],"picked":"SKIP","floor":23.0},{"not_picked":["Twin Strike","Bludgeon"],"picked":"Power Through+1","floor":29.0},{"not_picked":["Heavy Blade","Armaments+1"],"picked":"Barricade","floor":31.0},{"not_picked":["Fiend Fire","Barricade"],"picked":"Immolate","floor":33.0},{"not_picked":["Havoc+1","Sword Boomerang"],"picked":"Shrug It Off+1","floor":35.0},{"not_picked":["Ghostly Armor+1","Clash+1"],"picked":"Impervious+1","floor":37.0},{"not_picked":["Warcry+1","Perfected Strike"],"picked":"Body Slam","floor":40.0},{"not_picked":["Limit Break+1","True Grit+1","Spot Weakness+1"],"picked":"SKIP","floor":41.0},{"not_picked":["Hemokinesis","Body Slam+1","Clothesline"],"picked":"SKIP","floor":42.0},{"not_picked":["Shrug It Off+1","Pommel Strike","Rupture"],"picked":"SKIP","floor":44.0},{"not_picked":["Uppercut","Pommel Strike+1","Clash"],"picked":"SKIP","floor":45.0},{"not_picked":["Wild Strike","Pommel Strike","Perfected Strike"],"picked":"SKIP","floor":46.0},{"not_picked":["Shrug It Off+1","Combust"],"picked":"Warcry+1","floor":48.0},{"not_picked":["Havoc+1","Wild Strike+1"],"picked":"Battle Trance+1","floor":55.0}],"player_experience":3365361,"relics_obtained":[{"floor":5.0,"key":"Lantern"},{"floor":6.0,"key":"Eternal Feather"},{"floor":8.0,"key":"Art of War"},{"floor":9.0,"key":"Nunchaku"},{"floor":14.0,"key":"Red Skull"},{"floor":23.0,"key":"Bag of Preparation"},{"floor":25.0,"key":"Necronomicon"},{"floor":26.0,"key":"Toxic Egg 2"},{"floor":29.0,"key":"MawBank"},{"floor":31.0,"key":"Vajra"},{"floor":36.0,"key":"WingedGreaves"},{"floor":40.0,"key":"Champion Belt"},{"floor":41.0,"key":"Toy Ornithopter"},{"floor":42.0,"key":"Smiling Mask"},{"floor":46.0,"key":"Pantograph"},{"floor":48.0,"key":"PreservedInsect"},{"floor":55.0,"key":"Whetstone"}],"event_choices":[{"cards_removed":["Strike_R"],"damage_healed":0.0,"max_hp_gain":0.0,"max_hp_loss":0.0,"gold_gain":0.0,"event_name":"The Cleric","player_choice":"Card Removal","floor":2.0,"gold_loss":75.0,"damage_taken":0.0},{"damage_healed":0.0,"max_hp_gain":0.0,"max_hp_loss":0.0,"gold_gain":0.0,"event_name":"Living Wall","player_choice":"Grow","floor":3.0,"gold_loss":0.0,"damage_taken":0.0,"cards_upgraded":["Bash"]},{"cards_removed":["Defend_R"],"damage_healed":0.0,"max_hp_gain":0.0,"max_hp_loss":0.0,"gold_gain":0.0,"event_name":"Purifier","player_choice":"Purged","floor":10.0,"gold_loss":0.0,"damage_taken":0.0},{"cards_removed":["Strike_R"],"damage_healed":0.0,"max_hp_gain":0.0,"max_hp_loss":0.0,"gold_gain":0.0,"event_name":"Back to Basics","player_choice":"Elegance","floor":22.0,"gold_loss":0.0,"damage_taken":0.0},{"damage_healed":0.0,"max_hp_gain":0.0,"max_hp_loss":0.0,"gold_gain":0.0,"event_name":"Cursed Tome","player_choice":"Obtained Book","floor":25.0,"gold_loss":0.0,"damage_taken":21.0},{"damage_healed":0.0,"max_hp_gain":0.0,"max_hp_loss":0.0,"gold_gain":0.0,"cards_transformed":["Strike_R"],"event_name":"Transmorgrifier","player_choice":"Transformed","floor":28.0,"gold_loss":0.0,"damage_taken":0.0,"cards_obtained":["Cleave"]},{"damage_healed":0.0,"max_hp_gain":0.0,"max_hp_loss":0.0,"gold_gain":0.0,"event_name":"Mysterious Sphere","player_choice":"Fight","floor":36.0,"gold_loss":0.0,"damage_taken":0.0},{"damage_healed":0.0,"max_hp_gain":0.0,"max_hp_loss":0.0,"gold_gain":0.0,"event_name":"Tomb of Lord Red Mask","player_choice":"Ignored","floor":38.0,"gold_loss":0.0,"damage_taken":0.0}],"is_beta":false,"boss_relics":[{"not_picked":["Fusion Hammer","Pandora\u0027s Box"],"picked":"Runic Pyramid"},{"not_picked":["Snecko Eye","SlaversCollar"],"picked":"Coffee Dripper"}],"items_purged_floors":[30,39,54],"is_endless":false,"potions_floor_spawned":[1,11,13,16,18,20,21,33,35,40,44,45,55],"killed_by":"The Heart","ascension_level":20}}