{"host":"lpogke4cwz8zw1ju","time":1609729358,"event":{"mods":["Always Whale","BaseMod","Minty Spire (QoL Compilation)","Permanent Neow"],"gold_per_floor":[216,216,228,228,239,257,288,300,335,366,378,408,420,443,455,571,583,609,636,664,14,14,14,33,45,45,45,45,55,88,187,187,187,187],"floor_reached":33,"playtime":2356,"items_purged":[],"score":271,"play_id":"55917945-252c-40d2-9567-6bd7b5eef772","local_time":"20210104040238","is_ascension_mode":false,"campfire_choices":[{"floor":8,"key":"REST"},{"data":"Prostrate","floor":13,"key":"SMITH"},{"floor":15,"key":"REST"},{"floor":23,"key":"REST"},{"floor":28,"key":"REST"},{"floor":32,"key":"REST"}],"circlet_count":0,"master_deck":["Strike_P","Strike_P+1","Defend_P","Defend_P+1","Eruption+1","Vigilance+1","Prostrate+1","Prostrate","CrushJoints","LessonLearned","FlurryOfBlows+1","JustLucky","LikeWater+1","Devotion","Tantrum+1","Pray+1","Ragnarok+1","ReachHeaven","ForeignInfluence+1","Worship","CrushJoints+1","EmptyBody+1","MentalFortress","FearNoEvil+1","Judgement+1"],"relics":["PureWater","MawBank","Boot","Astrolabe","Molten Egg 2","Toolbox","Lantern","Toxic Egg 2","Ancient Tea Set"],"acts_visited":["Exordium","TheCity"],"potions_floor_usage":[7,16,16,25,33,33],"damage_taken":[{"damage":0,"enemies":"Cultist","floor":1,"turns":2},{"damage":0,"enemies":"2 Louse","floor":3,"turns":1},{"damage":0,"enemies":"Small Slimes","floor":5,"turns":3},{"damage":7,"enemies":"Red Slaver","floor":6,"turns":5},{"damage":42,"enemies":"Lagavulin","floor":7,"turns":10},{"damage":13,"enemies":"3 Louse","floor":10,"turns":5},{"damage":8,"enemies":"Lots of Slimes","floor":12,"turns":6},{"damage":16,"enemies":"Gremlin Gang","floor":14,"turns":5},{"damage":20,"enemies":"Slime Boss","floor":16,"turns":13},{"damage":20,"enemies":"Spheric Guardian","floor":18,"turns":3},{"damage":34,"enemies":"2 Thieves","floor":19,"turns":3},{"damage":0,"enemies":"Snecko","floor":20,"turns":3},{"damage":15,"enemies":"Chosen and Byrds","floor":24,"turns":3},{"damage":7,"enemies":"Centurion and Healer","floor":25,"turns":4},{"damage":5,"enemies":"Snecko","floor":29,"turns":5},{"damage":29,"enemies":"Book of Stabbing","floor":30,"turns":5},{"damage":55,"enemies":"Champ","floor":33,"turns":7}],"seed_played":"-2367772666878044891","potions_obtained":[{"floor":5,"key":"ColorlessPotion"},{"floor":7,"key":"ColorlessPotion"},{"floor":12,"key":"FearPotion"},{"floor":20,"key":"Block Potion"},{"floor":29,"key":"EssenceOfSteel"}],"is_trial":false,"path_per_floor":["M","?","M","$","M","M","E","R","T","M","$","M","R","M","R","B",null,"M","M","M","$","?","R","M","M","T","?","R","M","E","?","R","B"],"character_chosen":"WATCHER","items_purchased":["Molten Egg 2","Worship","Toolbox","Lantern","Strength Potion"],"campfire_rested":5,"item_purchase_floors":[21,21,21,21,21],"current_hp_per_floor":[72,72,72,72,72,65,23,44,44,31,31,23,23,7,28,8,72,52,18,18,18,42,63,48,41,41,41,62,57,28,28,49,0,0],"gold":187,"neow_bonus":"HUNDRED_GOLD","is_daily":false,"chose_seed":false,"campfire_upgraded":1,"win_rate":0.0,"timestamp":1609729358,"path_taken":["M","?","M","$","M","M","E","R","T","M","$","M","R","M","R","BOSS","M","M","M","$","?","R","M","M","T","?","R","?","E","?","R","BOSS"],"items_purchased_type":["Relic","Card","Relic","Relic","Potion"],"build_version":"2020-12-22","purchased_purges":0,"victory":false,"max_hp_per_floor":[72,72,72,72,72,72,72,72,72,72,72,72,72,72,72,72,72,72,72,72,72,72,72,72,72,72,72,72,72,72,72,72,72,72],"card_choices":[{"not_picked":["ThirdEye","PathToVictory","EmptyBody"],"picked":"SKIP","floor":1},{"not_picked":["FearNoEvil","Consecrate"],"picked":"Prostrate","floor":3},{"not_picked":["CutThroughFate","ForeignInfluence"],"picked":"Prostrate","floor":5},{"not_picked":["PathToVictory","WheelKick"],"picked":"CrushJoints","floor":6},{"not_picked":["Crescendo","Halt"],"picked":"LessonLearned","floor":7},{"not_picked":["EmptyFist","ThirdEye"],"picked":"FlurryOfBlows","floor":10},{"not_picked":["EmptyBody","Wallop"],"picked":"JustLucky","floor":12},{"not_picked":["ClearTheMind","Collect"],"picked":"LikeWater","floor":14},{"not_picked":["Scrawl","DeusExMachina"],"picked":"Devotion","floor":16},{"not_picked":["Tantrum","PathToVictory"],"picked":"ReachHeaven","floor":18},{"not_picked":["Evaluate","Perseverance"],"picked":"ForeignInfluence+1","floor":19},{"not_picked":["MentalFortress","PathToVictory","JustLucky"],"picked":"SKIP","floor":20},{"not_picked":["WreathOfFlame","CarveReality+1"],"picked":"CrushJoints+1","floor":24},{"not_picked":["Nirvana+1","Tantrum+1"],"picked":"EmptyBody+1","floor":25},{"not_picked":["Omniscience+1","CutThroughFate+1"],"picked":"FearNoEvil+1","floor":29},{"not_picked":["Meditate+1","Adaptation"],"picked":"Judgement+1","floor":30}],"player_experience":150655,"relics_obtained":[{"floor":7,"key":"MawBank"},{"floor":9,"key":"Boot"},{"floor":26,"key":"Toxic Egg 2"},{"floor":30,"key":"Ancient Tea Set"}],"event_choices":[{"damage_healed":0,"gold_gain":0,"player_choice":"Ignored","damage_taken":0,"max_hp_gain":0,"max_hp_loss":0,"event_name":"Liars Game","floor":2,"gold_loss":0},{"damage_healed":24,"gold_gain":0,"player_choice":"Heal","damage_taken":0,"max_hp_gain":0,"max_hp_loss":0,"event_name":"The Library","floor":22,"gold_loss":0},{"damage_healed":0,"gold_gain":0,"cards_transformed":["Strike_P"],"player_choice":"Transformed","damage_taken":0,"max_hp_gain":0,"max_hp_loss":0,"event_name":"Transmorgrifier","floor":27,"gold_loss":0,"cards_obtained":["MentalFortress"]},{"damage_healed":0,"gold_gain":99,"player_choice":"Stole From Cult","damage_taken":0,"max_hp_gain":0,"max_hp_loss":0,"event_name":"Nest","floor":31,"gold_loss":0}],"is_beta":false,"boss_relics":[{"not_picked":["Runic Dome","Runic Pyramid"],"picked":"Astrolabe"}],"items_purged_floors":[],"is_endless":false,"potions_floor_spawned":[5,7,12,20,29],"killed_by":"Champ","ascension_level":0}}