{"host":"w6bv7e6dabj27l4i","time":1609795145,"event":{"mods":["Act Like it!","BaseMod","Colored Map","Custom Start","Downfall","Minty Spire (QoL Compilation)","Quick Restart","StSLib","Synergy Search","Unceasing Turn Reminder","slay the spire mod where everything is the same but ironclad has a cowboy hat"],"gold_per_floor":[99,99,99,99,99,99,99,99,99,99,99,99,49,49,49,49,49,49,49,49,19,19,19,19,19,19,19,19,19,19,19,19,19,19],"floor_reached":33,"playtime":1681,"items_purged":[],"score":286,"play_id":"5d71e318-7056-400d-b8c0-7de2f707ada0","local_time":"20210104151905","is_ascension_mode":false,"campfire_choices":[{"data":"sneckomod:SoulCleanse","floor":6.0,"key":"SMITH"},{"data":"sneckomod:SnekBite","floor":11.0,"key":"SMITH"},{"floor":15.0,"key":"RECALL"},{"data":"sneckomod:Unknown3Cost","floor":23.0,"key":"SMITH"},{"floor":25.0,"key":"REST"},{"floor":29.0,"key":"REST"},{"data":"sneckomod:DiceBoulder+1","floor":32.0,"key":"SMITH"}],"circlet_count":0,"master_deck":["sneckomod:Strike","sneckomod:Strike","sneckomod:Defend","sneckomod:Defend","sneckomod:Defend+1","sneckomod:TailWhip","sneckomod:SnekBite+1","sneckomod:Unknown","sneckomod:ImprovisedGuard","sneckomod:RainOfDice","sneckomod:SoulCleanse+1","sneckomod:RainOfDice","sneckomod:Bewildered","sneckomod:QuickBite","sneckomod:WideSting","sneckomod:UnknownColorless","sneckomod:Unknown3Cost+1","sneckomod:QuickBite","sneckomod:SnakeSap","sneckomod:DiceBoulder+2","sneckomod:Unknown2Cost","sneckomod:UnknownColorless"],"relics":["Ectoplasm","Potion Belt","Omamori","Matryoshka","Cursed Key","Molten Egg 2","StrikeDummy"],"acts_visited":["Exordium","TheCity"],"potions_floor_usage":[33],"damage_taken":[{"damage":1.0,"enemies":"2 Louse","floor":1.0,"turns":2.0},{"damage":4.0,"enemies":"Cultist","floor":2.0,"turns":3.0},{"damage":0.0,"enemies":"Small Slimes","floor":3.0,"turns":2.0},{"damage":0.0,"enemies":"Blue Slaver","floor":4.0,"turns":2.0},{"damage":4.0,"enemies":"3 Louse","floor":7.0,"turns":3.0},{"damage":0.0,"enemies":"Lagavulin","floor":8.0,"turns":7.0},{"damage":1.0,"enemies":"Exordium Thugs","floor":12.0,"turns":3.0},{"damage":4.0,"enemies":"Gremlin Nob","floor":14.0,"turns":3.0},{"damage":67.0,"enemies":"Hexaghost","floor":16.0,"turns":11.0},{"damage":0.0,"enemies":"Spheric Guardian","floor":18.0,"turns":3.0},{"damage":20.0,"enemies":"2 Thieves","floor":21.0,"turns":3.0},{"damage":0.0,"enemies":"Sentry and Sphere","floor":22.0,"turns":3.0},{"damage":38.0,"enemies":"Shelled Parasite and Fungi","floor":24.0,"turns":4.0},{"damage":28.0,"enemies":"Centurion and Healer","floor":27.0,"turns":4.0},{"damage":1.0,"enemies":"Snecko","floor":28.0,"turns":4.0},{"damage":20.0,"enemies":"Sentry and Sphere","floor":31.0,"turns":4.0},{"damage":21,"enemies":"Automaton","floor":33,"turns":2}],"seed_played":"-2724845696214435085","potions_obtained":[{"floor":4.0,"key":"sneckomod:MuddlingPotion"},{"floor":14.0,"key":"GamblersBrew"},{"floor":18.0,"key":"Dexterity Potion"},{"floor":21.0,"key":"AttackPotion"},{"floor":24.0,"key":"SteroidPotion"},{"floor":27.0,"key":"ColorlessPotion"}],"is_trial":false,"path_per_floor":["M","M","M","M","?","R","M","E","T","?","R","M","?","E","R","B",null,"M","?","?","M","M","R","M","R","T","M","M","R","$","M","R","B"],"character_chosen":"THE_SNECKO","items_purchased":[],"campfire_rested":2,"item_purchase_floors":[],"current_hp_per_floor":[89,85,85,85,85,85,81,81,81,81,81,80,80,76,76,9,90,90,90,72,52,52,52,14,42,42,14,13,41,41,21,21,0,0],"gold":19,"neow_bonus":"BOSS_RELIC","is_daily":false,"chose_seed":false,"campfire_upgraded":4,"win_rate":0.0,"timestamp":1609795145,"path_taken":["M","M","M","M","?","R","M","E","T","?","R","?","?","E","R","BOSS","M","?","?","M","M","R","M","R","T","M","M","R","$","M","R","BOSS"],"items_purchased_type":[],"build_version":"2020-12-22","purchased_purges":0,"victory":false,"max_hp_per_floor":[90,90,90,90,90,90,90,90,90,90,90,90,90,90,90,90,90,90,90,95,95,95,95,95,95,95,95,95,95,95,95,95,95,95],"card_choices":[{"not_picked":["sneckomod:Unknown1Cost","sneckomod:SnekBeam"],"picked":"sneckomod:ImprovisedGuard","floor":1.0},{"not_picked":["sneckomod:DiceCrush","sneckomod:SoulRoll"],"picked":"sneckomod:RainOfDice","floor":2.0},{"not_picked":["sneckomod:Rotation","sneckomod:Unknown1Cost"],"picked":"sneckomod:SoulCleanse","floor":3.0},{"not_picked":["sneckomod:IronFang","sneckomod:QuickMove"],"picked":"sneckomod:RainOfDice","floor":4.0},{"not_picked":["sneckomod:UnknownWeak","sneckomod:Unknown1Cost"],"picked":"sneckomod:QuickBite","floor":7.0},{"not_picked":["sneckomod:UnknownClassPURPLE","sneckomod:CheapStock","sneckomod:DiceBlock"],"picked":"SKIP","floor":8.0},{"not_picked":["sneckomod:QuickBite","sneckomod:UnknownStrength","sneckomod:UnknownClassSLIMEBOUND"],"picked":"SKIP","floor":12.0},{"not_picked":["sneckomod:Unknown1Cost","sneckomod:QuickMove"],"picked":"sneckomod:UnknownColorless","floor":14.0},{"not_picked":["sneckomod:UnknownRarePower","sneckomod:SerpentMind"],"picked":"sneckomod:Unknown3Cost","floor":16.0},{"not_picked":["sneckomod:IronFang","sneckomod:UnknownStrike"],"picked":"sneckomod:QuickBite","floor":18.0},{"not_picked":["sneckomod:UnknownUncommonPower","sneckomod:UnknownClassPURPLE","sneckomod:DiceBlock+1"],"picked":"SKIP","floor":21.0},{"not_picked":["sneckomod:WideSting","sneckomod:QuickBite","sneckomod:UnknownWeak"],"picked":"SKIP","floor":22.0},{"not_picked":["sneckomod:RainOfDice","sneckomod:Restock"],"picked":"sneckomod:SnakeSap","floor":24.0},{"not_picked":["sneckomod:Nope","sneckomod:UnknownCommonAttack+1"],"picked":"sneckomod:DiceBoulder+1","floor":27.0},{"not_picked":["sneckomod:UnknownClassGUARDIAN","sneckomod:DiceCrush+1"],"picked":"sneckomod:Unknown2Cost","floor":27.0},{"not_picked":["sneckomod:SnakeSap+1","sneckomod:SoulDraw"],"picked":"sneckomod:UnknownColorless","floor":28.0},{"not_picked":["sneckomod:DiceCrush+1","sneckomod:UnknownCommonAttack+1","sneckomod:IronFang+1"],"picked":"SKIP","floor":31.0}],"player_experience":483953,"relics_obtained":[{"floor":8.0,"key":"Omamori"},{"floor":14.0,"key":"Matryoshka"},{"floor":26.0,"key":"Molten Egg 2"},{"floor":26.0,"key":"StrikeDummy"}],"event_choices":[{"damage_healed":0.0,"max_hp_gain":0.0,"max_hp_loss":0.0,"gold_gain":0.0,"cards_transformed":["sneckomod:Unknown"],"event_name":"Transmorgrifier","player_choice":"Transformed","floor":10.0,"gold_loss":0.0,"damage_taken":0.0,"cards_obtained":["sneckomod:WideSting"]},{"cards_removed":["sneckomod:Strike"],"damage_healed":0.0,"max_hp_gain":0.0,"max_hp_loss":0.0,"gold_gain":0.0,"event_name":"The Cleric","player_choice":"Card Removal","floor":13.0,"gold_loss":50.0,"damage_taken":0.0},{"damage_healed":0.0,"max_hp_gain":0.0,"max_hp_loss":0.0,"gold_gain":0.0,"event_name":"Vampires","player_choice":"Ignored","floor":19.0,"gold_loss":0.0,"damage_taken":0.0},{"damage_healed":0.0,"max_hp_gain":5.0,"max_hp_loss":0.0,"gold_gain":0.0,"event_name":"Forgotten Altar","player_choice":"Shed Blood","floor":20.0,"gold_loss":0.0,"damage_taken":23.0}],"is_beta":false,"boss_relics":[{"not_picked":["Tiny House","Sozu"],"picked":"Cursed Key"}],"items_purged_floors":[],"is_endless":false,"potions_floor_spawned":[4,14,18,21,24,27],"killed_by":"Automaton","ascension_level":0}}