{"host":"jx3f6ezc0g3s9edc","time":1609726042,"event":{"mods":["AchievementEnabler","BaseMod","Bestiary","Colored Map","Highlight Path","Minty Spire (QoL Compilation)","StSLib"],"gold_per_floor":[112,132,147,167,167,167,181,181,181,14,14,43,63,74,74,176,176,186,86,86,86,86,86,120,120,120,120,138,138,154,29,29,125,125,140,140,140,158,169,169,169,204,278,278,278,612,612,612,612,612],"floor_reached":51,"playtime":3501,"items_purged":["Strike_B","Zap","Dualcast"],"score":864,"play_id":"884f36b1-faf5-4b1c-863b-ae842dba959c","local_time":"20210103210722","is_ascension_mode":true,"campfire_choices":[{"data":"Streamline","floor":6.0,"key":"SMITH"},{"floor":8.0,"key":"REST"},{"data":"Reprogram","floor":15.0,"key":"SMITH"},{"data":"Hologram","floor":23.0,"key":"SMITH"},{"floor":25.0,"key":"REST"},{"data":"Go for the Eyes","floor":27.0,"key":"SMITH"},{"data":"Echo Form","floor":32.0,"key":"SMITH"},{"data":"Seek","floor":40,"key":"SMITH"},{"data":"Machine Learning","floor":44,"key":"SMITH"},{"data":"Auto Shields","floor":49,"key":"SMITH"}],"circlet_count":0,"master_deck":["Strike_B+1","Strike_B+1","Strike_B+1","Defend_B+1","Defend_B+1","Defend_B+1","Defend_B+1","Gash+1","Streamline+1","Rebound","Gash+1","Go for the Eyes+1","Beam Cell+1","Hologram+1","Reprogram+1","Auto Shields+1","Echo Form+1","Self Repair+1","Sweeping Beam+1","Gash+1","Machine Learning+1","Seek+1","Bandage Up"],"relics":["Cracked Core","Blood Vial","Vajra","Sozu","MutagenicStrength","Enchiridion","Bottled Flame","Question Card","Nuclear Battery","Orichalcum","Sundial","Old Coin"],"acts_visited":["Exordium","TheCity","TheBeyond"],"potions_floor_usage":[],"damage_taken":[{"damage":1.0,"enemies":"Cultist","floor":1.0,"turns":3.0},{"damage":7.0,"enemies":"Jaw Worm","floor":2.0,"turns":2.0},{"damage":3.0,"enemies":"Small Slimes","floor":3.0,"turns":3.0},{"damage":13.0,"enemies":"Exordium Thugs","floor":4.0,"turns":3.0},{"damage":0.0,"enemies":"Large Slime","floor":7.0,"turns":3.0},{"damage":20.0,"enemies":"3 Sentries","floor":12.0,"turns":5.0},{"damage":3.0,"enemies":"Looter","floor":13.0,"turns":2.0},{"damage":5.0,"enemies":"Gremlin Gang","floor":14.0,"turns":4.0},{"damage":10.0,"enemies":"Hexaghost","floor":16.0,"turns":7.0},{"damage":1.0,"enemies":"Chosen","floor":18.0,"turns":4.0},{"damage":38.0,"enemies":"Slavers","floor":24.0,"turns":6.0},{"damage":3.0,"enemies":"Spheric Guardian","floor":28.0,"turns":3.0},{"damage":6.0,"enemies":"Centurion and Healer","floor":30.0,"turns":4.0},{"damage":54.0,"enemies":"Champ","floor":33.0,"turns":7.0},{"damage":3.0,"enemies":"Orb Walker","floor":35.0,"turns":2.0},{"damage":2.0,"enemies":"3 Shapes","floor":38.0,"turns":4.0},{"damage":18.0,"enemies":"Spire Growth","floor":39.0,"turns":4.0},{"damage":5,"enemies":"Nemesis","floor":42,"turns":5},{"damage":15,"enemies":"Reptomancer","floor":46,"turns":5},{"damage":80,"enemies":"Awakened One","floor":50,"turns":9}],"seed_played":"3067641605836082357","potions_obtained":[{"floor":3.0,"key":"EssenceOfSteel"},{"floor":4.0,"key":"Strength Potion"},{"floor":7.0,"key":"PotionOfCapacity"},{"floor":13.0,"key":"FairyPotion"},{"floor":16.0,"key":"SkillPotion"}],"is_trial":false,"path_per_floor":["M","M","M","M","?","R","M","R","T","$","?","E","M","M","R","B",null,"M","$","?","?","?","R","E","R","T","R","M","?","M","$","R","B",null,"M","$","?","M","M","R","$","E","T","R","?","E","?","?","R","B",null],"character_chosen":"DEFECT","items_purchased":["Beam Cell","Hologram"],"campfire_rested":2,"item_purchase_floors":[10,10],"current_hp_per_floor":[81,74,71,58,42,42,42,66,66,66,66,48,47,44,44,36,71,72,72,72,56,56,56,20,44,44,44,53,53,59,59,59,27,68,67,67,67,77,71,71,71,78,78,78,78,79,79,78,78,12],"gold":612,"neow_bonus":"TEN_PERCENT_HP_BONUS","is_daily":false,"chose_seed":false,"campfire_upgraded":8,"win_rate":0.0,"timestamp":1609726042,"path_taken":["M","M","?","M","?","R","M","R","T","$","?","E","M","M","R","BOSS","M","$","?","?","?","R","E","R","T","R","M","?","?","?","R","BOSS","M","$","?","M","M","R","$","E","T","R","?","E","?","?","R","BOSS"],"items_purchased_type":["Card","Card"],"build_version":"2020-12-22","purchased_purges":3,"victory":true,"max_hp_per_floor":[82,82,82,82,82,82,82,82,82,82,82,82,82,82,82,82,82,82,82,82,82,82,82,82,82,82,82,82,82,82,82,82,82,82,82,82,82,82,82,82,82,82,82,82,82,82,82,78,78,78],"card_choices":[{"not_picked":["Ball Lightning","Cold Snap"],"picked":"Gash","floor":1.0},{"not_picked":["Ball Lightning","Conserve Battery"],"picked":"Streamline","floor":2.0},{"not_picked":["Ball Lightning","Meteor Strike"],"picked":"Rebound","floor":3.0},{"not_picked":["Tempest","Stack"],"picked":"Gash","floor":4.0},{"not_picked":["Hologram","Redo"],"picked":"Go for the Eyes","floor":7.0},{"not_picked":["Barrage","Blizzard","Tempest"],"picked":"SKIP","floor":12.0},{"not_picked":["Gash","Turbo"],"picked":"Reprogram","floor":13.0},{"not_picked":["BootSequence","Redo"],"picked":"Auto Shields","floor":14.0},{"not_picked":["Hyperbeam","Reboot"],"picked":"Echo Form","floor":16.0},{"not_picked":["Chaos","Loop","Coolheaded"],"picked":"SKIP","floor":18.0},{"not_picked":["Sunder+1","White Noise+1"],"picked":"Self Repair+1","floor":24.0},{"not_picked":["Cold Snap","Beam Cell","Streamline"],"picked":"Sweeping Beam+1","floor":28.0},{"not_picked":["Conserve Battery","Glacier+1","Stack","Turbo+1"],"picked":"SKIP","floor":30.0},{"not_picked":["Thunder Strike","Core Surge","Meteor Strike"],"picked":"Machine Learning","floor":33.0},{"not_picked":["Ball Lightning+1","Chill","Sweeping Beam","Consume+1"],"picked":"SKIP","floor":35.0},{"not_picked":["Barrage","Ball Lightning","Conserve Battery+1"],"picked":"Seek","floor":38.0},{"not_picked":["Barrage","Turbo+1","BootSequence","Compile Driver+1"],"picked":"SKIP","floor":39.0},{"not_picked":["Double Energy","Go for the Eyes","Chaos","Aggregate+1"],"picked":"SKIP","floor":42},{"not_picked":["Master of Strategy","Mayhem","Dark Shackles"],"picked":"Bandage Up","floor":45},{"not_picked":["Compile Driver+1","Cold Snap","Barrage+1","Recycle"],"picked":"SKIP","floor":46}],"player_experience":712746,"relics_obtained":[{"floor":9.0,"key":"Blood Vial"},{"floor":12.0,"key":"Vajra"},{"floor":21.0,"key":"Enchiridion"},{"floor":24.0,"key":"Bottled Flame"},{"floor":26.0,"key":"Question Card"},{"floor":42,"key":"Orichalcum"},{"floor":43,"key":"Sundial"},{"floor":46,"key":"Old Coin"}],"event_choices":[{"damage_healed":0.0,"max_hp_gain":0.0,"max_hp_loss":0.0,"gold_gain":0.0,"event_name":"Shining Light","player_choice":"Entered Light","floor":5.0,"gold_loss":0.0,"damage_taken":16.0,"cards_upgraded":["Gash","Gash"]},{"damage_healed":0.0,"max_hp_gain":0.0,"max_hp_loss":0.0,"gold_gain":0.0,"event_name":"Upgrade Shrine","player_choice":"Upgraded","floor":11.0,"gold_loss":0.0,"damage_taken":0.0,"cards_upgraded":["Beam Cell"]},{"damage_healed":0.0,"max_hp_gain":0.0,"max_hp_loss":0.0,"gold_gain":0.0,"event_name":"Drug Dealer","player_choice":"Inject Mutagens","floor":20.0,"gold_loss":0.0,"damage_taken":0.0,"relics_obtained":["MutagenicStrength"]},{"damage_healed":0.0,"max_hp_gain":0.0,"max_hp_loss":0.0,"gold_gain":0.0,"event_name":"Cursed Tome","player_choice":"Obtained Book","floor":21.0,"gold_loss":0.0,"damage_taken":16.0},{"damage_healed":0.0,"max_hp_gain":0.0,"max_hp_loss":0.0,"gold_gain":0.0,"event_name":"Back to Basics","player_choice":"Simplicity","floor":22.0,"gold_loss":0.0,"damage_taken":0.0,"cards_upgraded":["Strike_B","Strike_B","Strike_B","Defend_B","Defend_B","Defend_B","Defend_B"]},{"damage_healed":0.0,"max_hp_gain":0.0,"max_hp_loss":0.0,"gold_gain":0.0,"event_name":"Duplicator","player_choice":"Copied","floor":29.0,"gold_loss":0.0,"damage_taken":0.0,"cards_obtained":["Gash"]},{"damage_healed":0.0,"max_hp_gain":0.0,"max_hp_loss":0.0,"gold_gain":0.0,"event_name":"Tomb of Lord Red Mask","player_choice":"Ignored","floor":37.0,"gold_loss":0.0,"damage_taken":0.0},{"damage_healed":0,"gold_gain":0,"player_choice":"Memory 1","damage_taken":0,"max_hp_gain":0,"max_hp_loss":0,"event_name":"SensoryStone","floor":45,"gold_loss":0},{"damage_healed":0,"gold_gain":0,"player_choice":"Ignored","damage_taken":0,"max_hp_gain":0,"max_hp_loss":0,"event_name":"Mysterious Sphere","floor":47,"gold_loss":0},{"damage_healed":0,"gold_gain":0,"player_choice":"Max HP","damage_taken":0,"max_hp_gain":0,"max_hp_loss":4,"event_name":"Winding Halls","floor":48,"gold_loss":0}],"is_beta":false,"boss_relics":[{"not_picked":["Snecko Eye","Ectoplasm"],"picked":"Sozu"},{"not_picked":["Runic Pyramid","Pandora\u0027s Box"],"picked":"Nuclear Battery"}],"items_purged_floors":[10,19,31],"is_endless":false,"potions_floor_spawned":[3,4,7,13,16,18,24,28,35,42],"ascension_level":5}}