{"host":"f9ntswufr8mq3t4y","time":1609784760,"event":{"mods":["AchievementEnabler","BaseMod","Best Route Mod","Block Reminder","Colored Map","Colored Powertips","DeckTracker","Highlight Path","Minty Spire (QoL Compilation)","Permanent Neow","Quick Restart"],"gold_per_floor":[11,11,27,40,40,40,76,1,1,32,32,57,57,71,71,190,253,272,295,141,141,160,160,160,160],"floor_reached":24,"playtime":2624,"items_purged":["Injury"],"score":272,"play_id":"ef46d42e-4d93-46a6-865f-528e31529c5d","local_time":"20210104212600","is_ascension_mode":true,"campfire_choices":[{"data":"Eruption","floor":6.0,"key":"SMITH"},{"data":"ClearTheMind","floor":13.0,"key":"SMITH"},{"floor":15.0,"key":"REST"},{"data":"DeusExMachina","floor":23,"key":"SMITH"}],"circlet_count":0,"master_deck":["Strike_P","Strike_P","Strike_P+1","Strike_P+1","Defend_P+1","Defend_P","Defend_P","Defend_P","Eruption+1","Vigilance","ClearTheMind+1","Indignation","Study+1","Conclude","DeusExMachina","EmptyMind","Meditate","DeusExMachina+1"],"relics":["PureWater","Golden Idol","Matryoshka","Whetstone","Meat on the Bone","Art of War","Tiny House","DollysMirror"],"acts_visited":["Exordium","TheCity"],"potions_floor_usage":[18,22,22,24],"damage_taken":[{"damage":5.0,"enemies":"Jaw Worm","floor":1.0,"turns":6.0},{"damage":0.0,"enemies":"Small Slimes","floor":3.0,"turns":2.0},{"damage":1.0,"enemies":"Cultist","floor":4.0,"turns":3.0},{"damage":41.0,"enemies":"3 Sentries","floor":7.0,"turns":8.0},{"damage":31.0,"enemies":"Gremlin Nob","floor":10.0,"turns":4.0},{"damage":13.0,"enemies":"Large Slime","floor":12.0,"turns":3.0},{"damage":1.0,"enemies":"2 Fungi Beasts","floor":14.0,"turns":3.0},{"damage":47,"enemies":"Hexaghost","floor":16,"turns":9},{"damage":10,"enemies":"Chosen","floor":18,"turns":5},{"damage":40,"enemies":"Spheric Guardian","floor":19,"turns":6},{"damage":12,"enemies":"Snecko","floor":22,"turns":4},{"damage":63,"enemies":"Centurion and Healer","floor":24,"turns":5}],"seed_played":"657278275607134081","potions_obtained":[{"floor":1.0,"key":"LiquidMemories"},{"floor":3.0,"key":"GamblersBrew"},{"floor":10.0,"key":"SneckoOil"},{"floor":16,"key":"FearPotion"},{"floor":17,"key":"FearPotion"},{"floor":18,"key":"Ancient Potion"},{"floor":19,"key":"SkillPotion"}],"is_trial":false,"path_per_floor":["M","?","M","M","$","R","E","$","T","E","?","M","R","M","R","B",null,"M","M","$","?","M","R","M"],"character_chosen":"WATCHER","items_purchased":["DollysMirror"],"campfire_rested":1,"item_purchase_floors":[20],"current_hp_per_floor":[81,81,81,80,80,80,39,39,39,20,20,19,19,30,55,20,91,81,53,53,53,53,53,0,0],"gold":160,"neow_bonus":"TWENTY_PERCENT_HP_BONUS","is_daily":false,"chose_seed":false,"campfire_upgraded":3,"win_rate":0.0,"timestamp":1609784760,"path_taken":["M","?","M","M","$","R","E","$","T","E","?","M","R","M","R","BOSS","M","M","$","?","M","R","M"],"items_purchased_type":["Relic"],"build_version":"2020-12-22","purchased_purges":1,"victory":false,"max_hp_per_floor":[86,86,86,86,86,86,86,86,86,86,86,86,86,86,86,86,91,91,91,91,91,91,91,91,91],"card_choices":[{"not_picked":["FlurryOfBlows","WheelKick","Swivel"],"picked":"SKIP","floor":1.0},{"not_picked":["ThirdEye","Protect"],"picked":"ClearTheMind","floor":3.0},{"not_picked":["DeceiveReality","Halt"],"picked":"Indignation","floor":4.0},{"not_picked":["MentalFortress","FlurryOfBlows"],"picked":"Study","floor":7.0},{"not_picked":["FlyingSleeves","Crescendo"],"picked":"Conclude","floor":10.0},{"not_picked":["Perseverance","Fasting2","Conclude"],"picked":"SKIP","floor":12.0},{"not_picked":["Consecrate","Swivel","Crescendo"],"picked":"SKIP","floor":14.0},{"not_picked":["Judgement","Vault"],"picked":"DeusExMachina","floor":16},{"not_picked":["Consecrate","Pray"],"picked":"EmptyMind","floor":17},{"not_picked":["Halt","FlyingSleeves+1","MentalFortress"],"picked":"SKIP","floor":18},{"not_picked":["CarveReality","EmptyBody"],"picked":"Meditate","floor":19},{"not_picked":["Prostrate","ThirdEye+1","EmptyFist+1"],"picked":"SKIP","floor":22}],"player_experience":335172,"relics_obtained":[{"floor":7.0,"key":"Matryoshka"},{"floor":9.0,"key":"Whetstone"},{"floor":9.0,"key":"Meat on the Bone"},{"floor":10.0,"key":"Art of War"}],"event_choices":[{"damage_healed":0.0,"max_hp_gain":0.0,"max_hp_loss":0.0,"gold_gain":0.0,"event_name":"Golden Idol","player_choice":"Take Wound","floor":2.0,"gold_loss":0.0,"damage_taken":0.0,"relics_obtained":["Golden Idol"],"cards_obtained":["Injury"]},{"damage_healed":0.0,"max_hp_gain":0.0,"max_hp_loss":0.0,"gold_gain":0.0,"event_name":"Living Wall","player_choice":"Grow","floor":11.0,"gold_loss":0.0,"damage_taken":0.0,"cards_upgraded":["Study"]},{"damage_healed":0,"gold_gain":0,"player_choice":"Bought 0 Potions","damage_taken":0,"max_hp_gain":0,"max_hp_loss":0,"event_name":"The Woman in Blue","floor":21,"gold_loss":0}],"is_beta":false,"boss_relics":[{"not_picked":["Velvet Choker","Coffee Dripper"],"picked":"Tiny House"}],"items_purged_floors":[8],"is_endless":false,"potions_floor_spawned":[1,3,10,16,18,19],"killed_by":"Centurion and Healer","ascension_level":4}}