{"host":"d1za9dvx43o9v494","time":1609765293,"event":{"mods":["2.2 Compatiblity","BaseMod","Better-Laid Plans","Colored Map","Downfall","Emptier Cage","Marked Mod","Minty Spire (QoL Compilation)","Permanent Neow","StSLib"],"gold_per_floor":[99,112,112,22,40,54,133,144,44,74,59,59,70,98,108,209,209,209,221,106,121,121,154,154,254,272,172,187,187,187,200,218,316,316,316,316,333,351,362,362,362,511,521,549,549,560,460,489,509,509,509,544,104,104,104,104],"floor_reached":57,"playtime":5527,"items_purged":["bronze:Strike","bronze:Strike","Writhe"],"score":1320,"play_id":"bbad4508-ec11-4035-bc0f-e4f9d3946ab7","local_time":"20210104160133","is_ascension_mode":true,"campfire_choices":[{"data":"bronze:Replicate","floor":1,"key":"SMITH"},{"data":"bronze:SearingBeam","floor":9,"key":"SMITH"},{"data":"bronze:SearingBeam+1","floor":12,"key":"SMITH"},{"data":"bronze:SearingBeam+2","floor":18,"key":"SMITH"},{"data":"bronze:SearingBeam+3","floor":27,"key":"SMITH"},{"data":"bronze:SearingBeam+4","floor":30,"key":"SMITH"},{"data":"bronze:SearingBeam+5","floor":35,"key":"SMITH"},{"floor":45,"key":"RECALL"},{"data":"bronze:SearingBeam+6","floor":47,"key":"SMITH"},{"data":"bronze:SearingBeam+7","floor":54,"key":"SMITH"}],"circlet_count":0,"master_deck":["bronze:Defend","bronze:Defend","bronze:Defend","bronze:Defend","bronze:Replicate+1","bronze:Goto","bronze:SearingBeam+8","bronze:Terminator","bronze:Shield","bronze:Invalidate","bronze:FineTuning","bronze:ForLoop","bronze:Mutator+1","bronze:CutThrough","bronze:Shield","bronze:ItsAFeature"],"relics":["bronze:BronzeCore","downfall:HeartBlessingBlue","Gremlin Horn","bronze:DecasWashers","Busted Crown","Mummified Hand","FossilizedHelix","downfall:HeartBlessingGreen","PreservedInsect","Coffee Dripper","Strawberry","CaptainsWheel","downfall:HeartBlessingRed","Toxic Egg 2","Bag of Marbles","Calipers","OrangePellets"],"acts_visited":["Exordium","TheCity","TheBeyond","TheEnding"],"potions_floor_usage":[10,10,13,16,31,33,42,55,55,55,56,56],"damage_taken":[{"damage":0,"enemies":"Small Slimes","floor":2,"turns":2},{"damage":10,"enemies":"downfall:FleeingMerchant","floor":4,"turns":4},{"damage":6,"enemies":"Cultist","floor":5,"turns":3},{"damage":2,"enemies":"2 Louse","floor":6,"turns":2},{"damage":1,"enemies":"2 Fungi Beasts","floor":8,"turns":4},{"damage":10,"enemies":"Gremlin Nob","floor":10,"turns":4},{"damage":4,"enemies":"downfall:FleeingMerchant","floor":11,"turns":4},{"damage":0,"enemies":"Red Slaver","floor":13,"turns":1},{"damage":13,"enemies":"Lagavulin","floor":14,"turns":4},{"damage":0,"enemies":"Large Slime","floor":15,"turns":2},{"damage":51,"enemies":"downfall:Defect","floor":16,"turns":7},{"damage":0,"enemies":"Spheric Guardian","floor":19,"turns":1},{"damage":4,"enemies":"downfall:FleeingMerchant","floor":20,"turns":4},{"damage":0,"enemies":"3 Byrds","floor":21,"turns":1},{"damage":33,"enemies":"Slavers","floor":23,"turns":5},{"damage":0,"enemies":"Shelled Parasite and Fungi","floor":26,"turns":4},{"damage":0,"enemies":"Cultist and Chosen","floor":28,"turns":4},{"damage":10,"enemies":"Snake Plant","floor":31,"turns":3},{"damage":29,"enemies":"3 Cultists","floor":32,"turns":7},{"damage":12,"enemies":"downfall:Ironclad","floor":33,"turns":7},{"damage":0,"enemies":"3 Shapes","floor":37,"turns":5},{"damage":0,"enemies":"3 Darklings","floor":38,"turns":3},{"damage":17,"enemies":"4 Shapes","floor":39,"turns":4},{"damage":0,"enemies":"downfall:FleeingMerchant","floor":42,"turns":3},{"damage":0,"enemies":"Spire Growth","floor":43,"turns":2},{"damage":6,"enemies":"Nemesis","floor":44,"turns":5},{"damage":0,"enemies":"Jaw Worm Horde","floor":46,"turns":4},{"damage":0,"enemies":"Reptomancer","floor":48,"turns":2},{"damage":6,"enemies":"Maw","floor":49,"turns":6},{"damage":22,"enemies":"downfall:Watcher","floor":50,"turns":10},{"damage":36,"enemies":"downfall:CharBossMerchant","floor":52,"turns":5},{"damage":2,"enemies":"downfall:NeowBossFinal","floor":56,"turns":10}],"seed_played":"714850065317046987","potions_obtained":[{"floor":5,"key":"sneckomod:MuddlingPotion"},{"floor":6,"key":"FearPotion"},{"floor":8,"key":"SpeedPotion"},{"floor":14,"key":"champ:CounterPotion"},{"floor":16,"key":"BlessingOfTheForge"},{"floor":23,"key":"champ:CounterPotion"},{"floor":28,"key":"Block Potion"},{"floor":32,"key":"LiquidMemories"},{"floor":33,"key":"AttackPotion"},{"floor":36,"key":"downfall:CursedFountainPotion"},{"floor":46,"key":"LiquidMemories"},{"floor":48,"key":"DuplicationPotion"}],"is_trial":false,"path_per_floor":["R","M","?","$","M","M","T","M","R","E","$","R","M","E","M","B",null,"R","M","$","M","?","E","T","?","M","R","M","?","R","M","M","B",null,"R","?","M","M","M","?","T","$","M","E","R","M","R","E","M","B",null,"E","$","R","B","B",null],"character_chosen":"THE_AUTOMATON","items_purchased":["bronze:ItsAFeature","Calipers","OrangePellets"],"campfire_rested":0,"item_purchase_floors":[42,53,53],"current_hp_per_floor":[70,70,70,60,54,52,52,51,61,51,47,47,47,34,34,3,80,80,80,76,76,76,43,43,43,43,43,43,43,43,33,44,32,80,80,80,80,80,63,63,70,70,70,64,64,64,64,64,58,36,87,51,51,51,45,43],"gold":104,"neow_bonus":"REMOVE_CARD","is_daily":false,"chose_seed":false,"campfire_upgraded":9,"win_rate":0.0,"timestamp":1609765293,"path_taken":["R","M","?","$","?","M","T","?","R","E","$","R","M","E","M","BOSS","R","M","$","M","?","E","T","?","M","R","M","?","R","M","M","BOSS","R","?","?","M","M","?","T","$","M","E","R","M","R","E","M","BOSS","E","$","R","BOSS","BOSS"],"items_purchased_type":["Card","Relic","Relic"],"build_version":"2020-12-22","purchased_purges":3,"victory":true,"max_hp_per_floor":[70,70,70,70,70,70,70,70,80,80,80,80,80,80,80,80,80,80,80,80,80,80,80,80,80,80,80,80,80,80,80,80,80,80,80,80,80,80,80,80,87,87,87,87,87,87,87,87,87,87,87,87,87,87,87,87],"card_choices":[{"not_picked":["bronze:Deprecate","bronze:Invalidate"],"picked":"bronze:SearingBeam","floor":2},{"not_picked":["bronze:WildBeam","bronze:ChosenStrike"],"picked":"bronze:Shield","floor":4},{"not_picked":["bronze:Shell","bronze:WildBeam","bronze:ChosenStrike"],"picked":"SKIP","floor":5},{"not_picked":["bronze:SearingBeam","bronze:Fortify"],"picked":"bronze:Invalidate","floor":6},{"not_picked":["bronze:Shell","bronze:Invalidate"],"picked":"bronze:FineTuning","floor":8},{"not_picked":["bronze:MaxOutput","bronze:SpaghettiCode","bronze:DarkDash"],"picked":"SKIP","floor":10},{"not_picked":["bronze:BuggyMess","bronze:ForceShield","bronze:WhirlingStrike"],"picked":"SKIP","floor":11},{"not_picked":["bronze:ChildClass","bronze:Allocate","bronze:Frontload"],"picked":"SKIP","floor":13},{"not_picked":["bronze:Philosophize","bronze:Break","bronze:Frontload"],"picked":"SKIP","floor":14},{"not_picked":["bronze:BitShift","bronze:WhirlingStrike"],"picked":"bronze:ForLoop","floor":15},{"not_picked":["bronze:ForLoop"],"picked":"SKIP","floor":19},{"not_picked":["bronze:SearingBeam+1"],"picked":"SKIP","floor":20},{"not_picked":["bronze:WhirlingStrike"],"picked":"SKIP","floor":21},{"not_picked":["bronze:Library"],"picked":"SKIP","floor":23},{"not_picked":["bronze:InfiniteBeams"],"picked":"SKIP","floor":26},{"not_picked":["bronze:BitShift"],"picked":"SKIP","floor":28},{"not_picked":[],"picked":"bronze:Shield","floor":31},{"not_picked":["bronze:Refactor"],"picked":"SKIP","floor":32},{"not_picked":["bronze:WhirlingStrike"],"picked":"SKIP","floor":37},{"not_picked":["bronze:BitShift+1"],"picked":"SKIP","floor":38},{"not_picked":["bronze:DigitalCarnage+1"],"picked":"SKIP","floor":39},{"not_picked":["bronze:Turbo+1"],"picked":"SKIP","floor":42},{"not_picked":["bronze:DelayedSlice"],"picked":"SKIP","floor":43},{"not_picked":["bronze:Terminator+1"],"picked":"SKIP","floor":44},{"not_picked":["bronze:OilSpill+1"],"picked":"SKIP","floor":46},{"not_picked":["bronze:Allocate+1"],"picked":"SKIP","floor":48},{"not_picked":["bronze:Turbo+1"],"picked":"SKIP","floor":49},{"not_picked":["bronze:DigitalCarnage+1"],"picked":"SKIP","floor":52}],"player_experience":624709,"relics_obtained":[{"floor":10,"key":"Gremlin Horn"},{"floor":14,"key":"bronze:DecasWashers"},{"floor":23,"key":"Mummified Hand"},{"floor":24,"key":"FossilizedHelix"},{"floor":41,"key":"Strawberry"},{"floor":44,"key":"CaptainsWheel"},{"floor":48,"key":"Toxic Egg 2"},{"floor":52,"key":"Bag of Marbles"}],"event_choices":[{"damage_healed":0,"gold_gain":0,"player_choice":"Read","damage_taken":0,"max_hp_gain":0,"max_hp_loss":0,"event_name":"The Library","floor":22,"gold_loss":0,"cards_obtained":["bronze:CutThrough"]}],"is_beta":false,"boss_relics":[{"not_picked":["Cursed Key","Astrolabe"],"picked":"Busted Crown"},{"not_picked":["Pandora\u0027s Box","Tiny House"],"picked":"Coffee Dripper"}],"items_purged_floors":[4,20,42],"is_endless":false,"potions_floor_spawned":[5,6,8,14,16,23,28,32,33,39,46,48,52],"ascension_level":1}}