{"host":"h0xw20cia6ppa69g","time":1609743921,"event":{"mods":["AchievementEnabler","BaseMod","Colored Map","Filter the Spire","Googly Eyes","Minty Spire (QoL Compilation)","Relic Stats","StSLib","The Awakened One except there are too many feathers","everything is the same but u backflip on backflip"],"gold_per_floor":[113,213,232,232,247,247,275,301,313,325,73,109,109,150,150,271,271,290,290,308,323,323,323,363,363,363,462,485,485,828,848,848,977,977,995,772,395,410,429,429,468,468,468,512,532,532,552,592,592,592,592,592,258,299,299],"floor_reached":56,"playtime":3187,"items_purged":[],"score":1578,"play_id":"d1fb8e4a-742c-4a60-8fa6-ce04b9d7ad18","local_time":"20210104010521","is_ascension_mode":true,"campfire_choices":[{"data":"Blade Dance","floor":6.0,"key":"SMITH"},{"data":"Wraith Form v2","floor":13.0,"key":"SMITH"},{"data":"Bullet Time","floor":15.0,"key":"SMITH"},{"data":"Well Laid Plans","floor":23.0,"key":"SMITH"},{"data":"Leg Sweep","floor":25.0,"key":"SMITH"},{"data":"Catalyst","floor":32.0,"key":"SMITH"},{"floor":40,"key":"RECALL"},{"data":"Calculated Gamble","floor":49,"key":"SMITH"},{"data":"Tactician","floor":52,"key":"SMITH"}],"circlet_count":0,"master_deck":["Survivor","Bullet Time+1","Wraith Form v2+1","Envenom","Night Terror","Quick Slash","Dagger Throw","Catalyst+1","PiercingWail","Dagger Throw","Underhanded Strike","Concentrate","Blade Dance+1","Footwork","Cloak And Dagger","Acrobatics","Predator","Phantasmal Killer","After Image","Dash+1","Leg Sweep+1","Dodge and Roll","Envenom","Tactician","Expertise","Calculated Gamble+1","Night Terror","Sucker Punch+1","Calculated Gamble","Envenom","Leg Sweep+1","Crippling Poison+1","Bouncing Flask+1","Outmaneuver+1","Footwork","Finisher+1","PiercingWail+1","Predator+1","Tactician+1","Flechettes+1","Acrobatics","Footwork","Reflex+1"],"relics":["Pandora\u0027s Box","MawBank","Anchor","Golden Idol","Art of War","Paper Crane","Boot","Snecko Eye","MutagenicStrength","Regal Pillow","Tough Bandages","Old Coin","Philosopher\u0027s Stone","Happy Flower","Orrery","Lantern","PreservedInsect","Bottled Lightning","Kunai","Juzu Bracelet","Orichalcum","TheAbacus","TungstenRod"],"acts_visited":["Exordium","TheCity","TheBeyond","TheEnding"],"potions_floor_usage":[55,55],"damage_taken":[{"damage":1.0,"enemies":"Cultist","floor":1.0,"turns":4.0},{"damage":3.0,"enemies":"Jaw Worm","floor":3.0,"turns":2.0},{"damage":1.0,"enemies":"Small Slimes","floor":5.0,"turns":3.0},{"damage":9.0,"enemies":"Gremlin Nob","floor":7.0,"turns":4.0},{"damage":0.0,"enemies":"3 Louse","floor":8.0,"turns":4.0},{"damage":0.0,"enemies":"Lagavulin","floor":12.0,"turns":5.0},{"damage":8.0,"enemies":"Gremlin Nob","floor":14.0,"turns":5.0},{"damage":21.0,"enemies":"Slime Boss","floor":16.0,"turns":8.0},{"damage":0.0,"enemies":"3 Byrds","floor":18.0,"turns":3.0},{"damage":0.0,"enemies":"Chosen","floor":20.0,"turns":2.0},{"damage":0.0,"enemies":"Shelled Parasite and Fungi","floor":21.0,"turns":4.0},{"damage":0.0,"enemies":"Book of Stabbing","floor":24.0,"turns":6.0},{"damage":1.0,"enemies":"Snecko","floor":28.0,"turns":5.0},{"damage":0.0,"enemies":"Gremlin Leader","floor":30.0,"turns":7.0},{"damage":0.0,"enemies":"Snake Plant","floor":31.0,"turns":5.0},{"damage":0,"enemies":"Champ","floor":33,"turns":9},{"damage":0,"enemies":"3 Shapes","floor":35,"turns":4},{"damage":0,"enemies":"Orb Walker","floor":38,"turns":3},{"damage":0,"enemies":"Maw","floor":39,"turns":5},{"damage":1,"enemies":"Reptomancer","floor":41,"turns":4},{"damage":0,"enemies":"Giant Head","floor":44,"turns":4},{"damage":0,"enemies":"Sphere and 2 Shapes","floor":45,"turns":6},{"damage":1,"enemies":"Jaw Worm Horde","floor":47,"turns":4},{"damage":0,"enemies":"Nemesis","floor":48,"turns":3},{"damage":44,"enemies":"Time Eater","floor":50,"turns":6},{"damage":0,"enemies":"Shield and Spear","floor":54,"turns":3},{"damage":43,"enemies":"The Heart","floor":55,"turns":10}],"seed_played":"5556790877764408590","potions_obtained":[{"floor":3.0,"key":"ColorlessPotion"},{"floor":5.0,"key":"Energy Potion"},{"floor":21.0,"key":"Explosive Potion"},{"floor":24.0,"key":"Regen Potion"},{"floor":33,"key":"Regen Potion"}],"is_trial":false,"path_per_floor":["M","?","M","?","M","R","E","M","T","?","$","E","R","E","R","B",null,"M","?","M","M","?","R","E","R","T","?","M","?","E","M","R","B",null,"M","$","$","M","M","R","E","?","T","E","M","T","M","E","R","B",null,"R","$","E","B",null],"character_chosen":"THE_SILENT","items_purchased":["Art of War","Acrobatics","Predator","Calculated Gamble","Happy Flower","Orrery","Lantern","Footwork","Orichalcum","TheAbacus","Footwork"],"campfire_rested":0,"item_purchase_floors":[11,11,11,36,36,37,37,37,53,53,53],"current_hp_per_floor":[69,69,66,66,65,65,56,56,56,39,39,39,39,31,31,10,70,70,70,70,70,70,70,70,70,70,70,69,69,69,69,69,69,70,70,70,70,70,70,70,69,69,69,69,69,69,68,68,68,24,70,70,70,70,70],"gold":299,"neow_bonus":"BOSS_RELIC","is_daily":false,"chose_seed":false,"campfire_upgraded":8,"win_rate":0.0,"timestamp":1609743921,"path_taken":["M","?","?","?","M","R","E","M","T","?","$","E","R","E","R","BOSS","M","?","?","M","?","R","E","R","T","?","M","?","E","M","R","BOSS","M","?","$","?","M","R","E","?","T","E","M","?","?","E","R","BOSS","R","$","E","BOSS"],"items_purchased_type":["Relic","Card","Card","Card","Relic","Relic","Relic","Card","Relic","Relic","Card"],"build_version":"2020-12-22","purchased_purges":0,"victory":true,"max_hp_per_floor":[70,70,70,70,70,70,70,70,70,70,70,70,70,70,70,70,70,70,70,70,70,70,70,70,70,70,70,70,70,70,70,70,70,70,70,70,70,70,70,70,70,70,70,70,70,70,70,70,70,70,70,70,70,70,70],"relic_stats":{"Regal Pillow":0,"Happy Flower":[16],"counters":[27,128],"Golden Idol":204,"PreservedInsect":240,"Juzu Bracelet":0,"Orichalcum":[18],"MawBank":48,"Boot":[124],"Tough Bandages":[357],"TheAbacus":[12],"Snecko Eye":[188,203,215,209],"Pandora\u0027s Box":["Bullet Time","Wraith Form v2","Well Laid Plans","Envenom","Flechettes","Night Terror","Quick Slash","Dagger Throw","Catalyst","PiercingWail"],"Art of War":[14],"Kunai":[12],"obtain_stats":[{"Regal Pillow":24,"Lantern":37,"Happy Flower":36,"Golden Idol":10,"PreservedInsect":41,"Juzu Bracelet":48,"Paper Crane":12,"Orichalcum":53,"MawBank":7,"Boot":14,"Old Coin":30,"Anchor":9,"Tough Bandages":26,"TheAbacus":53,"MutagenicStrength":22,"Snecko Eye":17,"Orrery":37,"Pandora\u0027s Box":0,"Philosopher\u0027s Stone":34,"Art of War":11,"Bottled Lightning":44,"Kunai":46,"TungstenRod":54,"Ring of the Snake":0},{"Regal Pillow":12,"Lantern":17,"Happy Flower":17,"Golden Idol":5,"PreservedInsect":20,"Juzu Bracelet":24,"Paper Crane":6,"Orichalcum":25,"MawBank":4,"Boot":7,"Old Coin":14,"Anchor":5,"Tough Bandages":12,"TheAbacus":25,"MutagenicStrength":11,"Snecko Eye":8,"Orrery":17,"Pandora\u0027s Box":0,"Philosopher\u0027s Stone":16,"Art of War":5,"Bottled Lightning":21,"Kunai":22,"TungstenRod":26,"Ring of the Snake":0},{"Regal Pillow":50,"Lantern":80,"Happy Flower":80,"Golden Idol":17,"PreservedInsect":92,"Juzu Bracelet":109,"Paper Crane":22,"Orichalcum":115,"MawBank":13,"Boot":27,"Old Coin":62,"Anchor":17,"Tough Bandages":50,"TheAbacus":115,"MutagenicStrength":44,"Snecko Eye":35,"Orrery":80,"Pandora\u0027s Box":0,"Philosopher\u0027s Stone":76,"Art of War":17,"Bottled Lightning":96,"Kunai":102,"TungstenRod":118,"Ring of the Snake":0}],"TungstenRod":7},"card_choices":[{"not_picked":["Concentrate","Bane"],"picked":"Dagger Throw","floor":1.0},{"not_picked":["Dagger Throw","Bane"],"picked":"Underhanded Strike","floor":3.0},{"not_picked":["Quick Slash","Sucker Punch"],"picked":"Blade Dance","floor":5.0},{"not_picked":["PiercingWail","Deflect"],"picked":"Footwork","floor":7.0},{"not_picked":["All Out Attack","Slice"],"picked":"Cloak And Dagger","floor":8.0},{"not_picked":["Dodge and Roll","Dash"],"picked":"Phantasmal Killer","floor":12.0},{"not_picked":["Quick Slash","Bane","Deadly Poison"],"picked":"SKIP","floor":14.0},{"not_picked":["Phantasmal Killer","Venomology"],"picked":"After Image","floor":16.0},{"not_picked":["Bane","Slice"],"picked":"Dash+1","floor":18.0},{"not_picked":["Backflip+1","Escape Plan"],"picked":"Leg Sweep","floor":20.0},{"not_picked":["Cloak And Dagger","Distraction"],"picked":"Dodge and Roll","floor":21.0},{"not_picked":["Poisoned Stab","Cloak And Dagger+1"],"picked":"Envenom","floor":24.0},{"not_picked":["Dagger Throw","Deadly Poison+1"],"picked":"Tactician","floor":28.0},{"not_picked":["Riddle With Holes","Dodge and Roll"],"picked":"Calculated Gamble","floor":30.0},{"not_picked":["Sucker Punch","Flying Knee","Escape Plan"],"picked":"SKIP","floor":31.0},{"not_picked":["Doppelganger","Grand Finale"],"picked":"Night Terror","floor":33},{"not_picked":["Choke+1","Slice"],"picked":"Sucker Punch+1","floor":35},{"not_picked":["Reflex","Dagger Spray+1"],"picked":"Envenom","floor":37},{"not_picked":["Flying Knee+1","Accuracy+1"],"picked":"Leg Sweep+1","floor":37},{"not_picked":["Prepared","Sucker Punch+1"],"picked":"Crippling Poison+1","floor":37},{"not_picked":["Footwork","Deflect+1"],"picked":"Bouncing Flask+1","floor":37},{"not_picked":["Deflect+1","Poisoned Stab"],"picked":"Outmaneuver+1","floor":37},{"not_picked":["Accuracy+1","Masterful Stab"],"picked":"Finisher+1","floor":38},{"not_picked":["Outmaneuver+1","Skewer+1"],"picked":"PiercingWail+1","floor":39},{"not_picked":["Quick Slash+1","Reflex"],"picked":"Predator+1","floor":41},{"not_picked":["Dagger Throw","Skewer"],"picked":"Tactician","floor":44},{"not_picked":["Deadly Poison+1","Outmaneuver+1"],"picked":"Flechettes+1","floor":45},{"not_picked":["Prepared","Escape Plan+1","Dagger Throw"],"picked":"SKIP","floor":47},{"not_picked":["Setup","Prepared+1"],"picked":"Acrobatics","floor":48},{"not_picked":["Crippling Poison+1","Cloak And Dagger"],"picked":"Reflex+1","floor":54}],"player_experience":3606244,"relics_obtained":[{"floor":7.0,"key":"MawBank"},{"floor":9.0,"key":"Anchor"},{"floor":12.0,"key":"Paper Crane"},{"floor":14.0,"key":"Boot"},{"floor":24.0,"key":"Regal Pillow"},{"floor":26.0,"key":"Tough Bandages"},{"floor":30.0,"key":"Old Coin"},{"floor":41,"key":"PreservedInsect"},{"floor":44,"key":"Bottled Lightning"},{"floor":46,"key":"Kunai"},{"floor":48,"key":"Juzu Bracelet"},{"floor":54,"key":"TungstenRod"}],"event_choices":[{"damage_healed":0.0,"max_hp_gain":0.0,"max_hp_loss":0.0,"gold_gain":100.0,"event_name":"Golden Shrine","player_choice":"Pray","floor":2.0,"gold_loss":0.0,"damage_taken":0.0},{"damage_healed":0.0,"max_hp_gain":0.0,"max_hp_loss":0.0,"gold_gain":0.0,"cards_transformed":["Flechettes"],"event_name":"Living Wall","player_choice":"Change","floor":4.0,"gold_loss":0.0,"damage_taken":0.0,"cards_obtained":["Concentrate"]},{"damage_healed":0.0,"max_hp_gain":0.0,"max_hp_loss":0.0,"gold_gain":0.0,"event_name":"Golden Idol","player_choice":"Take Damage","floor":10.0,"gold_loss":0.0,"damage_taken":17.0,"relics_obtained":["Golden Idol"]},{"damage_healed":0.0,"max_hp_gain":0.0,"max_hp_loss":0.0,"gold_gain":0.0,"event_name":"Wheel of Change","player_choice":"Full Heal","floor":19.0,"gold_loss":0.0,"damage_taken":0.0},{"damage_healed":0.0,"max_hp_gain":0.0,"max_hp_loss":0.0,"gold_gain":0.0,"event_name":"Drug Dealer","player_choice":"Inject Mutagens","floor":22.0,"gold_loss":0.0,"damage_taken":0.0,"relics_obtained":["MutagenicStrength"]},{"damage_healed":0.0,"max_hp_gain":0.0,"max_hp_loss":0.0,"gold_gain":99.0,"event_name":"Nest","player_choice":"Stole From Cult","floor":27.0,"gold_loss":0.0,"damage_taken":0.0},{"damage_healed":0.0,"max_hp_gain":0.0,"max_hp_loss":0.0,"gold_gain":0.0,"cards_transformed":["Neutralize"],"event_name":"Transmorgrifier","player_choice":"Transformed","floor":29.0,"gold_loss":0.0,"damage_taken":0.0,"cards_obtained":["Expertise"]},{"cards_removed":["Well Laid Plans"],"damage_healed":0,"gold_gain":0,"player_choice":"Removed Power","damage_taken":0,"max_hp_gain":0,"max_hp_loss":0,"event_name":"Falling","floor":42,"gold_loss":0}],"is_beta":false,"boss_relics":[{"not_picked":["Black Star","Busted Crown"],"picked":"Snecko Eye"},{"not_picked":["Astrolabe","Velvet Choker"],"picked":"Philosopher\u0027s Stone"}],"items_purged_floors":[],"is_endless":false,"potions_floor_spawned":[3,5,21,24,31,33,39,41,44,45],"ascension_level":1}}