{"host":"k85tjwrh7mjrrc9a","time":1609796308,"event":{"mods":["AchievementEnabler","BaseMod","Colored Powertips","Highlight Path","Minty Spire (QoL Compilation)","Rare Cards Sparkle","StSLib"],"gold_per_floor":[18,37,37,37,112,112,124,124,203,231,251,263,263,263,263,361,361,376,227,227,227,227],"floor_reached":21,"playtime":799,"items_purged":[],"score":236,"play_id":"c1be6518-727d-4805-bd7f-8bff4df99dc1","local_time":"20210104163828","is_ascension_mode":true,"campfire_choices":[{"data":"Bash","floor":6.0,"key":"SMITH"},{"floor":8.0,"key":"REST"},{"floor":13.0,"key":"REST"},{"data":"Whirlwind","floor":15.0,"key":"SMITH"}],"circlet_count":0,"master_deck":["Strike_R","Strike_R","Strike_R","Strike_R","Strike_R","Defend_R","Defend_R","Defend_R","Defend_R","Bash+1","True Grit+1","Battle Trance","Shrug It Off","Whirlwind+1","Barricade","Shrug It Off+1","Impervious","Shame"],"relics":["Burning Blood","Charon\u0027s Ashes","Ginger","Ornamental Fan","Smiling Mask","Odd Mushroom","SlaversCollar","Centennial Puzzle"],"acts_visited":["Exordium","TheCity"],"potions_floor_usage":[18,21],"damage_taken":[{"damage":6.0,"enemies":"Cultist","floor":1.0,"turns":3.0},{"damage":5.0,"enemies":"Small Slimes","floor":2.0,"turns":4.0},{"damage":10.0,"enemies":"2 Louse","floor":7.0,"turns":3.0},{"damage":47.0,"enemies":"Gremlin Nob","floor":10.0,"turns":5.0},{"damage":10.0,"enemies":"The Mushroom Lair","floor":11.0,"turns":3.0},{"damage":1.0,"enemies":"2 Fungi Beasts","floor":12.0,"turns":4.0},{"damage":41.0,"enemies":"Slime Boss","floor":16.0,"turns":9.0},{"damage":51,"enemies":"Spheric Guardian","floor":18,"turns":8},{"damage":27,"enemies":"Chosen","floor":21,"turns":6}],"seed_played":"5209040252315277988","potions_obtained":[{"floor":2.0,"key":"Energy Potion"},{"floor":7.0,"key":"CultistPotion"},{"floor":10.0,"key":"ColorlessPotion"},{"floor":16.0,"key":"BlessingOfTheForge"}],"is_trial":false,"path_per_floor":["M","M","?","?","?","R","M","R","T","E","?","M","R","$","R","B",null,"M","$","?","M"],"character_chosen":"IRONCLAD","items_purchased":["Impervious"],"campfire_rested":2,"item_purchase_floors":[19],"current_hp_per_floor":[72,73,73,55,44,44,40,64,64,23,19,24,48,48,48,13,63,18,18,18,0,0],"gold":227,"neow_bonus":"ONE_RARE_RELIC","is_daily":false,"chose_seed":false,"campfire_upgraded":2,"win_rate":0.0,"timestamp":1609796308,"path_taken":["M","M","?","?","?","R","M","R","T","E","?","M","R","$","R","BOSS","M","$","?","M"],"items_purchased_type":["Card"],"build_version":"2020-12-22","purchased_purges":0,"victory":false,"max_hp_per_floor":[80,80,80,80,80,80,80,80,80,80,80,80,80,80,80,80,80,80,80,80,80,80],"card_choices":[{"not_picked":["Sword Boomerang","Rampage"],"picked":"True Grit","floor":1.0},{"not_picked":["Sever Soul","Thunderclap"],"picked":"Battle Trance","floor":2.0},{"not_picked":["Body Slam","Evolve"],"picked":"Shrug It Off","floor":7.0},{"not_picked":["Hemokinesis","Sentinel"],"picked":"Whirlwind","floor":10.0},{"not_picked":["Cleave","Burning Pact","Perfected Strike"],"picked":"SKIP","floor":12.0},{"not_picked":["Feed","Double Tap"],"picked":"Barricade","floor":16.0},{"not_picked":["Searing Blow","Clash"],"picked":"Shrug It Off+1","floor":18}],"player_experience":144439,"relics_obtained":[{"floor":9.0,"key":"Ornamental Fan"},{"floor":10.0,"key":"Smiling Mask"},{"floor":11.0,"key":"Odd Mushroom"}],"event_choices":[{"damage_healed":0.0,"max_hp_gain":0.0,"max_hp_loss":0.0,"gold_gain":0.0,"event_name":"Living Wall","player_choice":"Grow","floor":3.0,"gold_loss":0.0,"damage_taken":0.0,"cards_upgraded":["True Grit"]},{"damage_healed":0.0,"max_hp_gain":0.0,"max_hp_loss":0.0,"gold_gain":0.0,"event_name":"Scrap Ooze","player_choice":"Success","floor":4.0,"gold_loss":0.0,"damage_taken":18.0,"relics_obtained":["Ginger"]},{"damage_healed":0.0,"max_hp_gain":0.0,"max_hp_loss":0.0,"gold_gain":75.0,"event_name":"World of Goop","player_choice":"Gather Gold","floor":5.0,"gold_loss":0.0,"damage_taken":11.0},{"damage_healed":0.0,"max_hp_gain":0.0,"max_hp_loss":0.0,"gold_gain":0.0,"event_name":"Mushrooms","player_choice":"Fought Mushrooms","floor":11.0,"gold_loss":0.0,"damage_taken":0.0},{"damage_healed":0,"gold_gain":0,"player_choice":"Stole Relic","damage_taken":0,"relics_obtained":["Centennial Puzzle"],"max_hp_gain":0,"max_hp_loss":0,"event_name":"Addict","floor":20,"gold_loss":0,"cards_obtained":["Shame"]}],"is_beta":false,"boss_relics":[{"not_picked":["Ectoplasm","Astrolabe"],"picked":"SlaversCollar"}],"items_purged_floors":[],"is_endless":false,"potions_floor_spawned":[2,7,10,16],"killed_by":"Chosen","ascension_level":7}}