{"host":"80x1ozqd5wpd4nvo","time":1609788129,"event":{"mods":["2.2 Compatiblity","Aspiration","BaseMod","Better Altar","Better Match","Better Note","Better Sensory Stone","Better Skull","Better Third Choice","BetterRewards","Card Forge","Custom Start","DNKmod","Defuse TimeMaze Blight","Dota2Spire","Duelist Mod","Energized Spire","Friendly Minions","GifTheSpireLib","Hubris","Infinite Spire","Minty Spire (QoL Compilation)","Permanent Neow","Shop Mod","Spicy Shops","StSLib","The Blue Laboratory","??????REMEMod"],"gold_per_floor":[1219,1234,1234,1168,1168,1168,1194,1194,1194,1209,1220,1230,1262,1274,1274,1378,1378,1392,1392,1392,1402,1421,1421,1436,1469,1469,1481,1494,861,861,961,961,1057,1057,1076,1076,1095,1105,1125,1160,1160,214,239,239,249,260,272,312,312,312],"floor_reached":51,"playtime":11216,"items_purged":[],"score":1007,"play_id":"e71e41e4-39ef-4d0d-9498-7ac7d09c8ea3","local_time":"20210104202209","is_ascension_mode":true,"campfire_choices":[{"data":"theDuelist:CyberDragonVier","floor":6,"key":"SMITH"},{"data":"theDuelist:AncientPixieDragon","floor":8,"key":"SMITH"},{"data":"theDuelist:MillenniumGolem","floor":15,"key":"SMITH"},{"floor":23,"key":"REST"},{"floor":30,"key":"REST"},{"data":"theDuelist:ReinforcementsArmy","floor":32,"key":"SMITH"},{"data":"theDuelist:SliferSky","floor":41,"key":"SMITH"},{"data":"theDuelist:SwordsBurning","floor":44,"key":"SMITH"},{"data":"theDuelist:AncientRules","floor":49,"key":"SMITH"}],"circlet_count":0,"master_deck":["theDuelist:PredaplantDrosophyllum+1","theDuelist:MachineFactory+1","theDuelist:ObsidianDragon+1","theDuelist:SwordsBurning+1","theDuelist:DummyGolem+1","theDuelist:ReinforcementsArmy+1","theDuelist:PotForbidden+1","theDuelist:Kuribohrn+1","theDuelist:Predaponics+1","theDuelist:MillenniumGolem+1","theDuelist:GilfordLegend+1","theDuelist:AttackMetronome+1","theDuelist:CocoonUltraEvolution+1","theDuelist:CyberDragonNachster+1","theDuelist:GraydleParasite+1","theDuelist:HammerShot+1","theDuelist:CyberDragonVier+1","theDuelist:ElephantStatueDisaster+1","theDuelist:Aztekipede+1","theDuelist:SliferSky+1","infinitespire:Punishment+1","theDuelist:DeepSweeper+1","theDuelist:NaturiaRagweed+1","theDuelist:DunamesDarkWitch+1","theDuelist:KarakuriSpider+1","infinitespire:Gouge+1","theDuelist:PsychicShockwave+1","theDuelist:BerserkerCrush+1","theDuelist:GarbageLord+1","theDuelist:AncientGearFist+1","theDuelist:RevendreadSlayer+1","theDuelist:Relinkuriboh+1","theDuelist:Deskbot001+1","theDuelist:AncientRules+1","theDuelist:NaturiaRosewhip+1","theDuelist:RainbowMagician+1","theDuelist:RainbowMagician+1","theDuelist:CocoonEvolution+1","theDuelist:AtomicFirefly+1","theDuelist:Electrowhip+1","theDuelist:ArchfiendZombieSkull+1","theDuelist:DiffusionWaveMotion+1","theDuelist:WitchBlackRose+1","theDuelist:PrematureBurial+1","theDuelist:AncientPixieDragon+1","theDuelist:Blockman+1","theDuelist:DrivenDaredevil+1","theDuelist:EvilswarmNightmare+1","theDuelist:BlastingFuse+1","theDuelist:CastleDarkIllusions+1","theDuelist:InariFire+1","theDuelist:TurretWarrior+1","theDuelist:CyberLaserDragon+1","theDuelist:TerrorkingSalmon+1","theDuelist:WingedKuribohLv10+1"],"relics":["theDuelist:MillenniumPuzzle","theDuelist:CardPoolRelic","theDuelist:CardPoolBasicRelic","theDuelist:BoosterPackPoolRelic","theDuelist:CardPoolAddRelic","theDuelist:CardPoolMinusRelic","theDuelist:CardPoolSaveRelic","theDuelist:CardPoolOptionsRelic","Hammer of Thor","Seething Fire","Anvil of the Gods","REME_ComplimentaryCards","NeowsBlessing","theDuelist:WhiteBowlRelic","War Paint","Dota2Spire:RefresherOrb","hubris:EvacipatedBox","hubris:FruitBowl","aspiration:FetidBarrel","theDuelist:CardRewardRelicD","Boot","Ginger","Eternal Feather","Charon\u0027s Ashes","aspiration:PoetsPen_weak","Inserter","theDuelist:YugiMirror","Tingsha","theDuelist:KaibaToken","Lantern","theDuelist:MillenniumToken","REME_PuzzleBoxRelic"],"acts_visited":["Exordium","TheCity","TheBeyond"],"potions_floor_usage":[13,16,22,22,25,25,33,33,37,50,50],"damage_taken":[{"damage":0,"enemies":"Small Slimes","floor":1,"turns":2},{"damage":0,"enemies":"Jaw Worm","floor":2,"turns":1},{"damage":0,"enemies":"3 Sentries","floor":7,"turns":2},{"damage":6,"enemies":"2 Louse","floor":10,"turns":2},{"damage":0,"enemies":"Lots of Slimes","floor":11,"turns":1},{"damage":0,"enemies":"2 Fungi Beasts","floor":12,"turns":2},{"damage":7,"enemies":"Gremlin Nob","floor":13,"turns":3},{"damage":0,"enemies":"Gremlin Gang","floor":14,"turns":5},{"damage":0,"enemies":"The Guardian","floor":16,"turns":7},{"damage":13,"enemies":"Shell Parasite","floor":18,"turns":4},{"damage":0,"enemies":"Chosen","floor":21,"turns":4},{"damage":0,"enemies":"3 Cultists","floor":22,"turns":4},{"damage":20,"enemies":"Snake Plant","floor":24,"turns":4},{"damage":0,"enemies":"REME_1_Revenger","floor":25,"turns":6},{"damage":0,"enemies":"Shelled Parasite and Fungi","floor":27,"turns":2},{"damage":7,"enemies":"Centurion and Healer","floor":28,"turns":5},{"damage":0,"enemies":"Champ","floor":33,"turns":7},{"damage":0,"enemies":"Orb Walker","floor":35,"turns":3},{"damage":7,"enemies":"3 Shapes","floor":37,"turns":4},{"damage":18,"enemies":"Writhing Mass","floor":38,"turns":5},{"damage":20,"enemies":"3 Darklings","floor":39,"turns":3},{"damage":16,"enemies":"Nemesis","floor":40,"turns":5},{"damage":6,"enemies":"Maw","floor":45,"turns":3},{"damage":0,"enemies":"Spire Growth","floor":46,"turns":2},{"damage":6,"enemies":"4 Shapes","floor":47,"turns":2},{"damage":0,"enemies":"3 Darklings","floor":48,"turns":2},{"damage":22,"enemies":"infinitespire:MassOfShapes","floor":50,"turns":9}],"seed_played":"5527683582786803035","potions_obtained":[{"floor":12,"key":"theDuelist:LavaBottle"},{"floor":14,"key":"theDuelist:BottledKuriboh"},{"floor":16,"key":"theDuelist:TokenPotion"},{"floor":18,"key":"blueLaboratory:TrueEctoplasm"},{"floor":22,"key":"blueLaboratory:BottleOfVodka"},{"floor":24,"key":"theDuelist:BurningPotionB"},{"floor":28,"key":"SkillPotion"},{"floor":38,"key":"theDuelist:FlamingBottle"},{"floor":39,"key":"theDuelist:TokenPotionB"},{"floor":47,"key":"PowerPotion"}],"is_trial":false,"path_per_floor":["M","M","?","?","?","R","E","R","T","M","M","M","E","M","R","B",null,"M","$","?","M","M","R","M","E","T","M","M","$","R","?","R","B",null,"M","AVR","M","M","M","E","R","$","T","R","M","M","M","M","R","B",null],"character_chosen":"THE_DUELIST","items_purchased":["hubris:EvacipatedBox","hubris:FruitBowl","aspiration:FetidBarrel","theDuelist:CardRewardRelicD","Boot","Charon\u0027s Ashes","theDuelist:ReinforcementsArmy","theDuelist:VampireVial","BlessingOfTheForge","theDuelist:PrematureBurial","Tingsha","theDuelist:KaibaToken","Lantern","theDuelist:MillenniumToken"],"campfire_rested":2,"item_purchase_floors":[19,19,19,19,19,29,29,29,29,29,42,42,42,42],"current_hp_per_floor":[100,100,100,100,100,100,100,100,100,94,94,94,87,87,87,87,100,87,6,6,6,6,36,16,16,16,16,9,9,60,60,81,81,100,100,100,93,75,55,39,69,69,69,99,93,93,87,87,100,78],"gold":312,"neow_bonus":"THREE_ENEMY_KILL","is_daily":false,"chose_seed":false,"campfire_upgraded":7,"win_rate":0.0,"timestamp":1609788129,"path_taken":["M","M","?","?","?","R","E","R","T","M","M","M","E","M","R","BOSS","M","?","?","M","M","R","M","E","T","M","M","$","R","?","R","BOSS","M","AVR","M","M","M","E","R","$","T","R","M","M","?","M","R","BOSS"],"items_purchased_type":["Relic","Relic","Relic","Relic","Relic","Relic","Card","Potion","Potion","Card","Relic","Relic","Relic","Relic"],"build_version":"2020-12-22","purchased_purges":0,"victory":true,"max_hp_per_floor":[100,100,100,100,100,100,100,100,100,100,100,100,100,100,100,100,100,100,100,100,100,100,100,100,100,100,100,100,100,100,100,100,100,100,100,100,100,100,100,100,100,100,100,100,100,100,100,100,100,100],"card_choices":[{"not_picked":["theDuelist:IlBlud","theDuelist:FlyingSaucer"],"picked":"theDuelist:DrivenDaredevil","floor":1},{"not_picked":["theDuelist:JunkWarrior","theDuelist:BlackBrutdrago","theDuelist:FlyingSaucer","theDuelist:MudGolem"],"picked":"theDuelist:CyberDragonVier","floor":1},{"not_picked":["theDuelist:SilverDragon","theDuelist:CyberDragonVier","theDuelist:BlackBrutdrago","theDuelist:Vandalgyon"],"picked":"theDuelist:AncientPixieDragon","floor":2},{"not_picked":["theDuelist:UncommonMetronome","theDuelist:CyberDragonVier"],"picked":"theDuelist:AtomicFirefly","floor":2},{"not_picked":["theDuelist:MagicHoleGolem","theDuelist:DianKeto"],"picked":"theDuelist:Kuribohrn","floor":3},{"not_picked":["theDuelist:BadReaction","theDuelist:BookMoon","theDuelist:Wasteland"],"picked":"theDuelist:CastleDarkIllusions","floor":7},{"not_picked":["theDuelist:GhostrickVanish","theDuelist:IlBlud"],"picked":"theDuelist:RevendreadSlayer","floor":7},{"not_picked":["theDuelist:GraniteLoyalist","theDuelist:MudGolem","theDuelist:EarthEffigy","theDuelist:BlockGolem"],"picked":"theDuelist:MillenniumGolem","floor":10},{"not_picked":["theDuelist:BlackBrutdrago","theDuelist:WhiteRoseDragon","theDuelist:BloodSucker"],"picked":"SKIP","floor":10},{"not_picked":["theDuelist:InfernoFireBlast+1","theDuelist:SparkBlaster+1","theDuelist:ClearKuriboh","theDuelist:BloodSucker"],"picked":"theDuelist:AncientGearFist+1","floor":11},{"not_picked":["theDuelist:MetalholdMovingBlockade","theDuelist:Deskbot006","theDuelist:WhiteRoseDragon"],"picked":"SKIP","floor":11},{"not_picked":["theDuelist:AttackMetronome","theDuelist:GiantOrc","theDuelist:DrivenDaredevil","theDuelist:HammerShot"],"picked":"theDuelist:Relinkuriboh","floor":12},{"not_picked":["theDuelist:FusionTag","theDuelist:DarkworldThorns"],"picked":"theDuelist:SliferSky","floor":12},{"not_picked":["theDuelist:DarklordSuperbia","theDuelist:WingedKuribohLv9","theDuelist:MagicCylinder","theDuelist:YamiForm"],"picked":"theDuelist:WingedKuribohLv10","floor":13},{"not_picked":["theDuelist:AttackMetronome","theDuelist:SuperheavyMetronome","theDuelist:EarthEffigy"],"picked":"SKIP","floor":13},{"not_picked":["theDuelist:Hyosube","theDuelist:PotDichotomy","theDuelist:PreventRat","theDuelist:FrontierWiseman"],"picked":"theDuelist:GilfordLegend","floor":14},{"not_picked":["theDuelist:MillenniumGolem","theDuelist:IlBlud"],"picked":"theDuelist:CyberDragonNachster","floor":14},{"not_picked":["theDuelist:DestructionCyclone","theDuelist:PoisonChain"],"picked":"theDuelist:Blockman","floor":16},{"not_picked":["theDuelist:EndlessDecay","theDuelist:BookMoon","theDuelist:Electrowhip"],"picked":"theDuelist:InariFire+1","floor":18},{"not_picked":["theDuelist:MotherSpider","theDuelist:GraniteLoyalist"],"picked":"theDuelist:NaturiaRagweed","floor":18},{"not_picked":["theDuelist:GaiaMidNightSun","theDuelist:PrematureBurial","theDuelist:BookMoon","theDuelist:Monokeros+1"],"picked":"theDuelist:RainbowMagician+1","floor":21},{"not_picked":["theDuelist:SuperheavyFlutist","theDuelist:Relinkuriboh+1"],"picked":"theDuelist:ElephantStatueDisaster","floor":21},{"not_picked":["theDuelist:CatShark","theDuelist:MotherSpider"],"picked":"theDuelist:GarbageLord","floor":22},{"not_picked":["theDuelist:InsectKnight","theDuelist:ColossalFighter","theDuelist:CastleGate","theDuelist:BabyDragon+1","theDuelist:KarakuriSpider"],"picked":"SKIP","floor":22},{"not_picked":["theDuelist:YellowGadget","theDuelist:PrematureBurial+1"],"picked":"theDuelist:EvilswarmNightmare","floor":24},{"not_picked":["theDuelist:BadReaction","theDuelist:ToonBriefcase+1","theDuelist:WonderWand","theDuelist:BlastingFuse"],"picked":"SKIP","floor":24},{"not_picked":["theDuelist:CardsFromTheSky","theDuelist:VioletCrystal","theDuelist:Electrowhip+1","theDuelist:ForbiddenChalice"],"picked":"theDuelist:BerserkerCrush+1","floor":25},{"not_picked":["theDuelist:BookMoon","theDuelist:ElephantStatueDisaster","theDuelist:Electrowhip"],"picked":"SKIP","floor":25},{"not_picked":["theDuelist:InsectKnight","theDuelist:CatShark","theDuelist:ColossalFighter","theDuelist:OrbitalBombardment"],"picked":"theDuelist:Deskbot001+1","floor":27},{"not_picked":["theDuelist:SevenColoredFish","theDuelist:EndlessDecay","theDuelist:WaterSpirit+1"],"picked":"SKIP","floor":27},{"not_picked":["theDuelist:Hydrogeddon","theDuelist:Biofalcon"],"picked":"theDuelist:KarakuriSpider+1","floor":28},{"not_picked":["theDuelist:DarkTinker+1","theDuelist:Hydrogeddon","theDuelist:YellowGadget","theDuelist:MachineDuplication+1"],"picked":"theDuelist:DunamesDarkWitch","floor":28},{"not_picked":["theDuelist:RainbowMagician","theDuelist:ElephantStatueDisaster"],"picked":"theDuelist:SwordsBurning","floor":33},{"not_picked":["theDuelist:UltraPolymerization","theDuelist:GateGuardian","theDuelist:Monokeros","theDuelist:FiveHeaded+1"],"picked":"theDuelist:ObsidianDragon","floor":33},{"not_picked":["theDuelist:DarkTinker","theDuelist:BabyDragon+1"],"picked":"theDuelist:TerrorkingSalmon+1","floor":35},{"not_picked":["theDuelist:ColossalFighter+1","theDuelist:CastleGate+1","theDuelist:CannonSoldier+1","theDuelist:ShallowGrave","theDuelist:CardsFromTheSky"],"picked":"SKIP","floor":35},{"not_picked":["theDuelist:AncientRules+1","theDuelist:AttackMetronome","theDuelist:HeartUnderdog+1","theDuelist:ReinforcementsArmy+1"],"picked":"theDuelist:BlastingFuse","floor":37},{"not_picked":["theDuelist:PrematureBurial+1","theDuelist:Biofalcon+1","theDuelist:DarkHorus"],"picked":"SKIP","floor":37},{"not_picked":["theDuelist:VioletCrystal+1","theDuelist:InariFire","theDuelist:Electrowhip","theDuelist:ShardGreed"],"picked":"theDuelist:CyberLaserDragon+1","floor":38},{"not_picked":["theDuelist:YellowGadget","theDuelist:Hydrogeddon+1","theDuelist:NaturiaExterio"],"picked":"SKIP","floor":38},{"not_picked":["theDuelist:Relinkuriboh","theDuelist:NaturiaRagweed"],"picked":"theDuelist:Predaponics+1","floor":39},{"not_picked":["theDuelist:GraydleParasite+1","theDuelist:DiffusionWaveMotion+1","theDuelist:ReinforcementsArmy","theDuelist:SwordsBurning+1"],"picked":"theDuelist:AncientRules","floor":39},{"not_picked":["theDuelist:GreenGadget+1","theDuelist:OneDayPeace+1"],"picked":"theDuelist:NaturiaRosewhip","floor":40},{"not_picked":["theDuelist:UltraPolymerization","theDuelist:GarbageLord+1","theDuelist:VioletCrystal+1","theDuelist:FiveHeaded"],"picked":"theDuelist:PsychicShockwave+1","floor":40},{"not_picked":["theDuelist:PowerGiant","theDuelist:FlameTiger","theDuelist:GauntletWarrior+1","theDuelist:ClearKuriboh+1"],"picked":"theDuelist:HammerShot","floor":45},{"not_picked":["theDuelist:NaturiaRosewhip","theDuelist:RainbowKuriboh+1"],"picked":"theDuelist:Electrowhip","floor":45},{"not_picked":["theDuelist:DunamesDarkWitch+1","theDuelist:Hydrogeddon","theDuelist:DarkHorus"],"picked":"SKIP","floor":45},{"not_picked":["theDuelist:Hydrogeddon","theDuelist:RockBombardment+1","theDuelist:GreenGadget"],"picked":"SKIP","floor":45},{"not_picked":["theDuelist:NaturiaRosewhip","theDuelist:ColossalFighter+1","theDuelist:BoulderTortoise"],"picked":"SKIP","floor":45},{"not_picked":["theDuelist:CyberLaserDragon+1","theDuelist:BlackPtera","theDuelist:SurvivalFittest"],"picked":"SKIP","floor":45},{"not_picked":["theDuelist:BattleguardKing+1","theDuelist:BigEye","theDuelist:PreventRat","theDuelist:ReleaseFromStone+1","theDuelist:Reload"],"picked":"SKIP","floor":46},{"not_picked":["theDuelist:GreenGadget+1","theDuelist:CatShark","theDuelist:UncommonMetronome"],"picked":"SKIP","floor":46},{"not_picked":["theDuelist:Hydrogeddon","theDuelist:SevenColoredFish","theDuelist:NaturiaRagweed","theDuelist:BabyDragon+1","theDuelist:Deskbot001+1"],"picked":"SKIP","floor":47},{"not_picked":["theDuelist:Relinkuriboh+1","theDuelist:Hydrogeddon+1","theDuelist:ForbiddenChalice"],"picked":"SKIP","floor":47},{"not_picked":["theDuelist:BlackPtera+1","theDuelist:VampireBaby+1"],"picked":"theDuelist:Aztekipede+1","floor":48},{"not_picked":["theDuelist:Hydrogeddon+1","theDuelist:BlackPtera+1","theDuelist:BetaMagnet+1","theDuelist:YellowGadget+1","theDuelist:AngelTrumpeter+1"],"picked":"SKIP","floor":48},{"not_picked":["theDuelist:NaturiaRosewhip","theDuelist:SuperheavyFlutist+1","theDuelist:InsectKnight"],"picked":"SKIP","floor":48},{"not_picked":["theDuelist:Hydrogeddon+1","theDuelist:DarkTinker","theDuelist:GreenGadget+1"],"picked":"SKIP","floor":48},{"not_picked":["theDuelist:DarkTinker","theDuelist:ColossalFighter+1","theDuelist:InsectKnight"],"picked":"SKIP","floor":48},{"not_picked":["theDuelist:BabyDragon+1","theDuelist:NaturiaExterio","theDuelist:PyramidTurtle+1"],"picked":"SKIP","floor":48}],"player_experience":360491,"relics_obtained":[{"floor":7,"key":"theDuelist:WhiteBowlRelic"},{"floor":13,"key":"War Paint"},{"floor":25,"key":"Ginger"},{"floor":26,"key":"Eternal Feather"},{"floor":40,"key":"theDuelist:YugiMirror"},{"floor":43,"key":"REME_PuzzleBoxRelic"}],"event_choices":[{"damage_healed":0,"gold_gain":1,"player_choice":"1","damage_taken":0,"max_hp_gain":0,"max_hp_loss":0,"event_name":"betterStone:BetterStone","floor":3,"gold_loss":0},{"damage_healed":0,"gold_gain":0,"player_choice":"Purchased Ultra Cocoon for 66 Gold.","duelist":true,"damage_taken":0,"max_hp_gain":0,"max_hp_loss":0,"event_name":"Card Trader","floor":4,"gold_loss":0},{"damage_healed":0,"gold_gain":0,"player_choice":"Leave","duelist":true,"damage_taken":0,"max_hp_gain":0,"max_hp_loss":0,"event_name":"Tomb of the Nameless","floor":5,"gold_loss":0},{"damage_healed":0,"gold_gain":0,"player_choice":"Take","damage_taken":0,"max_hp_gain":0,"max_hp_loss":0,"event_name":"betterNote:BetterNote","floor":20,"gold_loss":0,"cards_obtained":["theDuelist:AttackMetronome"]},{"damage_healed":0,"gold_gain":100,"player_choice":"Pray","damage_taken":0,"max_hp_gain":0,"max_hp_loss":0,"event_name":"Golden Shrine","floor":31,"gold_loss":0}],"is_beta":false,"boss_relics":[{"not_picked":["REME_ChargedStone","theDuelist:ElectricKey"],"picked":"Dota2Spire:RefresherOrb"},{"not_picked":["energizedSpire:StickyHand","energizedSpire:HugeHouse","energizedSpire:RedRose"],"picked":"aspiration:PoetsPen_weak"}],"items_purged_floors":[],"is_endless":false,"potions_floor_spawned":[12,14,16,18,22,24,28,38,39,47],"ascension_level":1}}