{"host":"cv77zuuuekizn3ic","time":1609773687,"event":{"mods":["AchievementEnabler","BaseMod","Marisa£®ÏF”Í°°ƒß¿Ì…≥£©","Minty Spire (QoL Compilation)","StSLib","Waifu the Spire","everything is the same but u backflip on backflip","slay the spire mod where everything is the same but ironclad has a cowboy hat"],"gold_per_floor":[116,66,42,117,132,166,177,187,210,210,235,10,10,10,10,10,10],"floor_reached":16,"playtime":529,"items_purged":["Strike_B"],"score":173,"play_id":"6cb69f69-4df2-465d-b91f-81d63f2b538a","local_time":"20210104232127","is_ascension_mode":true,"campfire_choices":[{"data":"Double Energy","floor":10,"key":"SMITH"},{"data":"Sunder","floor":13,"key":"SMITH"},{"data":"Turbo","floor":15,"key":"SMITH"}],"circlet_count":0,"master_deck":["AscendersBane","Defend_B","Defend_B","Defend_B","Zap","Dualcast","Beam Cell","Sunder+1","Streamline","Skim","Aggregate","Double Energy+1","Turbo+1","Skim","Auto Shields"],"relics":["Cracked Core","Tiny Chest","Ancient Tea Set","PreservedInsect","DollysMirror"],"acts_visited":["Exordium"],"potions_floor_usage":[6,11],"damage_taken":[{"damage":0,"enemies":"Jaw Worm","floor":1,"turns":1},{"damage":0,"enemies":"2 Louse","floor":5,"turns":1},{"damage":10,"enemies":"Lagavulin","floor":6,"turns":6},{"damage":0,"enemies":"Cultist","floor":7,"turns":2},{"damage":0,"enemies":"3 Louse","floor":8,"turns":3},{"damage":5,"enemies":"3 Sentries","floor":11,"turns":5},{"damage":43,"enemies":"Hexaghost","floor":16,"turns":9}],"seed_played":"2283659306756232500","potions_obtained":[{"floor":5,"key":"Weak Potion"},{"floor":6,"key":"Energy Potion"},{"floor":8,"key":"Explosive Potion"}],"is_trial":false,"path_per_floor":["M","?","$","?","M","E","M","M","T","R","E","$","R","?","R","B"],"character_chosen":"DEFECT","items_purchased":["Streamline","DollysMirror"],"campfire_rested":0,"item_purchase_floors":[3,12],"current_hp_per_floor":[68,68,68,57,57,47,47,47,47,47,42,42,42,42,42,0,0],"gold":10,"neow_bonus":"TRANSFORM_TWO_CARDS","is_daily":false,"chose_seed":false,"campfire_upgraded":3,"win_rate":0.0,"timestamp":1609773687,"path_taken":["M","?","$","?","M","E","M","M","T","R","E","?","R","?","R","BOSS"],"items_purchased_type":["Card","Relic"],"build_version":"2020-12-22","purchased_purges":1,"victory":false,"max_hp_per_floor":[68,68,68,68,68,68,68,68,68,68,68,68,68,68,68,68,68],"card_choices":[{"not_picked":["Beam Cell","Doom and Gloom","Lockon"],"picked":"SKIP","floor":1},{"not_picked":["Stack","Rip and Tear"],"picked":"Skim","floor":5},{"not_picked":["Melter","Static Discharge"],"picked":"Aggregate","floor":6},{"not_picked":["Auto Shields","Rebound"],"picked":"Double Energy","floor":7},{"not_picked":["Sweeping Beam","Stack","Leap"],"picked":"SKIP","floor":8},{"not_picked":["Steam","Cold Snap"],"picked":"Turbo","floor":11}],"player_experience":727419,"relics_obtained":[{"floor":6,"key":"Tiny Chest"},{"floor":9,"key":"Ancient Tea Set"},{"floor":11,"key":"PreservedInsect"}],"event_choices":[{"cards_removed":["Strike_B"],"damage_healed":0,"gold_gain":0,"player_choice":"Card Removal","damage_taken":0,"max_hp_gain":0,"max_hp_loss":0,"event_name":"The Cleric","floor":2,"gold_loss":50},{"damage_healed":0,"gold_gain":75,"player_choice":"Gather Gold","damage_taken":11,"max_hp_gain":0,"max_hp_loss":0,"event_name":"World of Goop","floor":4,"gold_loss":0},{"damage_healed":0,"gold_gain":0,"cards_transformed":["Defend_B"],"player_choice":"Change","damage_taken":0,"max_hp_gain":0,"max_hp_loss":0,"event_name":"Living Wall","floor":14,"gold_loss":0,"cards_obtained":["Auto Shields"]}],"is_beta":false,"boss_relics":[],"items_purged_floors":[12],"is_endless":false,"potions_floor_spawned":[5,6,8],"killed_by":"Hexaghost","ascension_level":12}}