{"host":"u7lm8z2rvb4dg2oo","time":1609730452,"event":{"mods":["AchievementEnabler","BaseMod","Colored Map","Colored Powertips","Curses Come First","Googly Eyes","Highlight Path","Minty Spire (QoL Compilation)","Quick Restart","StSLib"],"gold_per_floor":[111,130,140,151,5,5,23,56,56,87,52,52,52,52,52,152,152,171,34,45,56,56,56,56,91,91,116,132,22,50,67,67,168,168,183,15,35,46,46,46,79,79,79,107,124,124,158,158,158,158,158,158,84,117,117,117],"floor_reached":55,"playtime":3336,"items_purged":["Strike_P","Strike_P"],"score":1167,"play_id":"3be47ed7-ca1c-4325-ba34-bcd06eef7a78","local_time":"20210103222052","is_ascension_mode":true,"campfire_choices":[{"data":"Vault","floor":6.0,"key":"SMITH"},{"floor":15.0,"key":"REST"},{"data":"Ragnarok","floor":23.0,"key":"SMITH"},{"data":"ForeignInfluence","floor":32.0,"key":"SMITH"},{"floor":40.0,"key":"RECALL"},{"data":"Blasphemy","floor":46.0,"key":"SMITH"},{"floor":49.0,"key":"REST"},{"data":"Ragnarok","floor":52.0,"key":"SMITH"}],"circlet_count":0,"master_deck":["Strike_P","Strike_P","Defend_P","Defend_P+1","Defend_P","Eruption","Vigilance","Vault+1","ReachHeaven","ReachHeaven","Scrawl","Ragnarok+1","Protect","The Bomb","ForeignInfluence+1","ClearTheMind+1","Vault","WindmillStrike","The Bomb","Blasphemy+1","CurseOfTheBell","Wallop+1","Establishment","Ragnarok+1","TalkToTheHand"],"relics":["PureWater","Membership Card","PreservedInsect","Prayer Wheel","CloakClasp","Dead Branch","Snecko Eye","War Paint","Bottled Lightning","DollysMirror","Pen Nib","Calling Bell","Regal Pillow","Sundial","Du-Vu Doll","Shuriken","Toy Ornithopter","Anchor","Yang","Akabeko","Singing Bowl","Strawberry"],"acts_visited":["Exordium","TheCity","TheBeyond","TheEnding"],"potions_floor_usage":[55,55,55],"damage_taken":[{"damage":0.0,"enemies":"Cultist","floor":1.0,"turns":3.0},{"damage":0.0,"enemies":"2 Louse","floor":2.0,"turns":1.0},{"damage":0.0,"enemies":"Jaw Worm","floor":3.0,"turns":4.0},{"damage":0.0,"enemies":"Large Slime","floor":4.0,"turns":3.0},{"damage":6.0,"enemies":"Red Slaver","floor":7.0,"turns":3.0},{"damage":35.0,"enemies":"Lagavulin","floor":8.0,"turns":3.0},{"damage":17.0,"enemies":"3 Sentries","floor":10.0,"turns":4.0},{"damage":0.0,"enemies":"Slime Boss","floor":16.0,"turns":4.0},{"damage":0.0,"enemies":"Shell Parasite","floor":18.0,"turns":2.0},{"damage":0.0,"enemies":"Spheric Guardian","floor":20.0,"turns":3.0},{"damage":0.0,"enemies":"Snake Plant","floor":21.0,"turns":2.0},{"damage":16.0,"enemies":"Slavers","floor":25.0,"turns":4.0},{"damage":0.0,"enemies":"Gremlin Leader","floor":27.0,"turns":2.0},{"damage":0.0,"enemies":"Snecko","floor":28.0,"turns":2.0},{"damage":0.0,"enemies":"Book of Stabbing","floor":30.0,"turns":2.0},{"damage":0.0,"enemies":"Sentry and Sphere","floor":31.0,"turns":3.0},{"damage":5.0,"enemies":"Champ","floor":33.0,"turns":5.0},{"damage":0.0,"enemies":"Orb Walker","floor":35.0,"turns":3.0},{"damage":0.0,"enemies":"3 Shapes","floor":37.0,"turns":3.0},{"damage":0.0,"enemies":"Jaw Worm Horde","floor":38.0,"turns":3.0},{"damage":2.0,"enemies":"Giant Head","floor":41.0,"turns":5.0},{"damage":3.0,"enemies":"Nemesis","floor":44.0,"turns":3.0},{"damage":4.0,"enemies":"Transient","floor":45.0,"turns":6.0},{"damage":38.0,"enemies":"Reptomancer","floor":47.0,"turns":3.0},{"damage":9.0,"enemies":"Awakened One","floor":50.0,"turns":8.0},{"damage":1.0,"enemies":"Shield and Spear","floor":54.0,"turns":3.0},{"damage":100,"enemies":"The Heart","floor":55,"turns":4}],"seed_played":"3250514137341811559","potions_obtained":[{"floor":1.0,"key":"Strength Potion"},{"floor":4.0,"key":"AttackPotion"},{"floor":16.0,"key":"ColorlessPotion"},{"floor":18.0,"key":"FearPotion"},{"floor":25.0,"key":"Swift Potion"},{"floor":27.0,"key":"SneckoOil"},{"floor":31.0,"key":"GamblersBrew"},{"floor":38.0,"key":"LiquidMemories"},{"floor":45.0,"key":"Strength Potion"}],"is_trial":false,"path_per_floor":["M","M","M","M","$","R","M","E","T","E","?","$","?","$","R","B",null,"M","$","M","M","?","R","?","E","T","E","M","$","E","M","R","B",null,"M","$","M","M","?","R","E","?","T","E","M","R","E","?","R","B",null,"R","$","E","B"],"character_chosen":"WATCHER","items_purchased":["Membership Card","The Bomb","ForeignInfluence","DollysMirror","Shuriken","Explosive Potion","Strength Potion","SpeedPotion"],"campfire_rested":2,"item_purchase_floors":[5,19,19,29,36,36,36,53],"current_hp_per_floor":[65,65,65,65,65,65,59,24,24,7,25,25,25,25,46,46,66,66,66,66,66,66,66,60,44,44,44,44,44,44,44,44,39,64,64,64,64,64,64,64,62,62,62,59,55,55,19,19,56,47,67,67,67,73,0,0],"gold":117,"neow_bonus":"ONE_RANDOM_RARE_CARD","is_daily":false,"chose_seed":false,"campfire_upgraded":5,"win_rate":0.0,"timestamp":1609730452,"path_taken":["M","?","M","M","$","R","M","E","T","E","?","$","?","$","R","BOSS","M","$","M","M","?","R","?","E","T","E","?","?","E","M","R","BOSS","M","$","M","M","?","R","E","?","T","E","?","R","E","?","R","BOSS","R","$","E","BOSS"],"items_purchased_type":["Relic","Card","Card","Relic","Relic","Potion","Potion","Potion"],"build_version":"2020-12-22","purchased_purges":2,"victory":false,"max_hp_per_floor":[72,72,72,72,72,72,72,72,72,72,72,72,72,72,72,72,72,72,72,72,72,72,72,72,72,72,72,72,72,72,72,72,72,72,72,72,72,72,72,72,72,72,72,72,72,72,74,74,74,74,74,74,74,81,81,81],"card_choices":[{"not_picked":["InnerPeace","SashWhip","EmptyBody"],"picked":"SKIP","floor":1.0},{"not_picked":["ThirdEye","CutThroughFate","WaveOfTheHand"],"picked":"SKIP","floor":2.0},{"not_picked":["LikeWater","Crescendo"],"picked":"ReachHeaven","floor":3.0},{"not_picked":["Protect","EmptyBody","PathToVictory"],"picked":"SKIP","floor":4.0},{"not_picked":["Protect","SashWhip"],"picked":"ReachHeaven","floor":7.0},{"not_picked":["Study","Wireheading"],"picked":"Scrawl","floor":8.0},{"not_picked":["FollowUp","CrushJoints","Pray"],"picked":"SKIP","floor":10.0},{"not_picked":["Establishment","Wish"],"picked":"Ragnarok","floor":16.0},{"not_picked":["Crescendo","EmptyBody+1"],"picked":"Protect","floor":18.0},{"not_picked":["BowlingBash+1","SashWhip+1","ThirdEye"],"picked":"SKIP","floor":18.0},{"not_picked":["CrushJoints","EmptyBody+1"],"picked":"ClearTheMind+1","floor":20.0},{"not_picked":["Evaluate","Collect+1","Halt+1"],"picked":"SKIP","floor":20.0},{"not_picked":["Halt+1","PathToVictory"],"picked":"Vault","floor":21.0},{"not_picked":["Halt+1","LikeWater","InnerPeace"],"picked":"SKIP","floor":21.0},{"not_picked":["ForeignInfluence","SashWhip","DeceiveReality"],"picked":"SKIP","floor":25.0},{"not_picked":["ForeignInfluence+1","SignatureMove+1","DeceiveReality"],"picked":"SKIP","floor":27.0},{"not_picked":["LikeWater+1","InnerPeace","EmptyFist"],"picked":"SKIP","floor":28.0},{"not_picked":["Pray","PathToVictory","FollowUp"],"picked":"SKIP","floor":28.0},{"not_picked":["Prostrate","FlyingSleeves+1","MentalFortress+1"],"picked":"SKIP","floor":30.0},{"not_picked":["Adaptation","Weave","JustLucky+1"],"picked":"SKIP","floor":31.0},{"not_picked":["Halt+1","Crescendo","Indignation+1"],"picked":"SKIP","floor":31.0},{"not_picked":["ConjureBlade","Establishment"],"picked":"Blasphemy","floor":33.0},{"not_picked":["EmptyFist+1","JustLucky","EmptyMind+1"],"picked":"SKIP","floor":35.0},{"not_picked":["MentalFortress","Wireheading","WheelKick+1"],"picked":"SKIP","floor":35.0},{"not_picked":["ReachHeaven","JustLucky+1","CrushJoints+1"],"picked":"SKIP","floor":37.0},{"not_picked":["Evaluate","Crescendo+1","FlyingSleeves"],"picked":"SKIP","floor":37.0},{"not_picked":["Pray","Protect"],"picked":"Wallop+1","floor":38.0},{"not_picked":["Worship+1","PathToVictory+1"],"picked":"Establishment","floor":38.0},{"not_picked":["JustLucky+1","Prostrate","FlurryOfBlows+1"],"picked":"SKIP","floor":41.0},{"not_picked":["Evaluate","Nirvana+1"],"picked":"Ragnarok","floor":44.0},{"not_picked":["Consecrate+1","CrushJoints+1","Protect"],"picked":"SKIP","floor":45.0},{"not_picked":["EmptyFist","CutThroughFate","FearNoEvil+1"],"picked":"SKIP","floor":45.0},{"not_picked":["FlyingSleeves+1","FollowUp+1","Wireheading+1"],"picked":"Singing Bowl","floor":47.0},{"not_picked":["Protect","FlyingSleeves+1"],"picked":"TalkToTheHand","floor":54.0}],"player_experience":1066825,"relics_obtained":[{"floor":8.0,"key":"PreservedInsect"},{"floor":9.0,"key":"Prayer Wheel"},{"floor":10.0,"key":"CloakClasp"},{"floor":25.0,"key":"War Paint"},{"floor":27.0,"key":"Bottled Lightning"},{"floor":30.0,"key":"Pen Nib"},{"floor":34.0,"key":"Regal Pillow"},{"floor":34.0,"key":"Sundial"},{"floor":34.0,"key":"Du-Vu Doll"},{"floor":41.0,"key":"Toy Ornithopter"},{"floor":43.0,"key":"Yang"},{"floor":44.0,"key":"Akabeko"},{"floor":47.0,"key":"Singing Bowl"},{"floor":54.0,"key":"Strawberry"}],"event_choices":[{"damage_healed":18.0,"max_hp_gain":0.0,"max_hp_loss":0.0,"gold_gain":0.0,"event_name":"The Cleric","player_choice":"Healed","floor":11.0,"gold_loss":35.0,"damage_taken":0.0},{"damage_healed":0.0,"max_hp_gain":0.0,"max_hp_loss":0.0,"gold_gain":0.0,"event_name":"Dead Adventurer","player_choice":"Searched \u00271\u0027 times","floor":13.0,"gold_loss":0.0,"damage_taken":0.0,"relics_obtained":["Dead Branch"]},{"damage_healed":0.0,"max_hp_gain":0.0,"max_hp_loss":0.0,"gold_gain":0.0,"event_name":"The Library","player_choice":"Read","floor":22.0,"gold_loss":0.0,"damage_taken":0.0,"cards_obtained":["WindmillStrike"]},{"damage_healed":0.0,"max_hp_gain":0.0,"max_hp_loss":0.0,"gold_gain":0.0,"event_name":"Knowing Skull","player_choice":"","floor":24.0,"potions_obtained":[],"gold_loss":0.0,"damage_taken":6.0,"cards_obtained":[]},{"cards_removed":["Defend_P"],"damage_healed":0.0,"max_hp_gain":0.0,"max_hp_loss":0.0,"gold_gain":0.0,"event_name":"Falling","player_choice":"Removed Skill","floor":39.0,"gold_loss":0.0,"damage_taken":0.0},{"damage_healed":0.0,"max_hp_gain":0.0,"max_hp_loss":0.0,"gold_gain":0.0,"event_name":"WeMeetAgain","player_choice":"Gave Potion","floor":42.0,"gold_loss":0.0,"damage_taken":0.0,"relics_obtained":["Anchor"]},{"damage_healed":0.0,"max_hp_gain":0.0,"max_hp_loss":0.0,"gold_gain":0.0,"event_name":"Mysterious Sphere","player_choice":"Ignored","floor":48.0,"gold_loss":0.0,"damage_taken":0.0}],"is_beta":false,"boss_relics":[{"not_picked":["Astrolabe","Runic Dome"],"picked":"Snecko Eye"},{"not_picked":["SlaversCollar","Busted Crown"],"picked":"Calling Bell"}],"items_purged_floors":[29,53],"is_endless":false,"potions_floor_spawned":[1,4,16,18,25,27,31,38,45,54],"killed_by":"The Heart","ascension_level":6}}