{"host":"g1wmg2w41xhsnw8g","time":1609737931,"event":{"mods":["100% Spire Juice","2.2 Compatiblity","Act Like it!","BaseMod","Better Altar","Better Match","Better Note","Better Sensory Stone","Better Skull","Better Third Choice","BetterRewards","Booster Modes","CapriCore","Colored Map","Colored Powertips","Curses Come First","Defuse TimeMaze Blight","Displayed Cursed Tome","Evolution","Friendly Minions","GifTheSpireLib","Googly Eyes","Hermit","Infinite Spire","Jedi Mod","JesterMod","Minty Spire (QoL Compilation)","Red Circlet Mod","Relic Sorter","SCP261 Mod","Shop Mod","Spicy Shops","StSLib","The Sage","Transform Curses","Wandering Minibosses","????"],"gold_per_floor":[113,128,128,145,110,135,55,55,55,55,55],"floor_reached":10,"playtime":580,"items_purged":[],"score":96,"play_id":"5659bcf4-e3ed-4d07-8437-4db5cba354f2","local_time":"20210104002531","daily_mods":["SealedDeck","Specialized","Heirloom","Elite Swarm"],"is_ascension_mode":true,"campfire_choices":[],"circlet_count":0,"master_deck":["Moonworks:Accelerator","Moonworks:Accelerator","Moonworks:Accelerator","Moonworks:Accelerator","Moonworks:Accelerator","Moonworks:EvilSpyWorkPreparation","Moonworks:DeployBits","Moonworks:SakisCookie","Moonworks:CloudOfSeagulls","Moonworks:JonathanRush","Moonworks:NicePresent","Moonworks:FullSpeedAlicianrone","Moonworks:FinalSurgery","Moonworks:AwakeningOfTalent","Moonworks:LeapThroughSpace","Moonworks:Dash","Moonworks:RagingMadness","Caltrops","Moonworks:LulusLuckyEgg","Moonworks:OutOfAmmo","Moonworks:IndiscriminateFireSupport"],"relics":["Moonworks:BrokenBomb","Moonworks:Homemark","EVO:Axolotl","Thread and Needle","infinitespire:WardingShard","jedi:ominousloannote","MerchantsRug","Bag of Marbles","ClockworkSouvenir","Matryoshka"],"acts_visited":["Exordium"],"potions_floor_usage":[7,8,10],"damage_taken":[{"damage":1,"enemies":"Jaw Worm","floor":1,"turns":2},{"damage":0,"enemies":"Small Slimes","floor":2,"turns":4},{"damage":13,"enemies":"2 Louse","floor":4,"turns":3},{"damage":84,"enemies":"Gremlin Nob","floor":6,"turns":8},{"damage":15,"enemies":"Blue Slaver","floor":8,"turns":7},{"damage":5,"enemies":"3 Sentries","floor":10,"turns":1}],"seed_played":"-2931341471190017654","potions_obtained":[{"floor":6,"key":"LiquidBronze"},{"floor":8,"key":"SCP261:DewritoBlazePotion"}],"is_trial":true,"path_per_floor":["M","M","?","M","?","E","$","M","T","E"],"character_chosen":"THE_STARBREAKER","items_purchased":["jedi:ominousloannote","sagemod:Wine","MerchantsRug","Bag of Marbles","ClockworkSouvenir","Moonworks:IndiscriminateFireSupport"],"campfire_rested":0,"item_purchase_floors":[7,7,7,7,7,7],"current_hp_per_floor":[60,60,43,32,47,22,22,4,4,0,0],"gold":55,"neow_bonus":"","is_daily":false,"chose_seed":false,"campfire_upgraded":0,"win_rate":0.0,"timestamp":1609737931,"path_taken":["M","M","?","M","?","E","?","?","T","E"],"items_purchased_type":["Relic","Potion","Relic","Relic","Relic","Card"],"build_version":"2020-12-22","purchased_purges":0,"victory":false,"max_hp_per_floor":[60,60,60,60,60,60,60,60,60,60,60],"card_choices":[{"not_picked":["Moonworks:DeployBits","Moonworks:WindyEnchantment"],"picked":"Moonworks:Dash","floor":1},{"not_picked":["Moonworks:Assault","Moonworks:ImmovableObject"],"picked":"Moonworks:RagingMadness","floor":2},{"not_picked":["Moonworks:DeployBits","Moonworks:IndiscriminateFireSupport"],"picked":"Moonworks:LulusLuckyEgg","floor":4},{"not_picked":["Moonworks:EvilMastermind","Moonworks:RocketCannon"],"picked":"Moonworks:OutOfAmmo","floor":6},{"not_picked":["Moonworks:DevilHand","Moonworks:CompletionReward","Moonworks:EvilSpyWorkPreparation"],"picked":"SKIP","floor":8}],"player_experience":938690,"relics_obtained":[{"floor":6,"key":"infinitespire:WardingShard"},{"floor":9,"key":"Matryoshka"}],"event_choices":[{"damage_healed":15,"gold_gain":0,"player_choice":"Healed","damage_taken":0,"max_hp_gain":0,"max_hp_loss":0,"event_name":"The Cleric","floor":5,"gold_loss":35}],"is_beta":false,"boss_relics":[],"items_purged_floors":[],"is_endless":false,"potions_floor_spawned":[6,8],"killed_by":"3 Sentries","ascension_level":1}}