{"host":"94qggqh0xz0sp6ai","time":1609735119,"event":{"mods":["Abigail Mod","Act Like it!","BaseMod","CapriCore","Downfall","Friendly Minions","Gensokyo","Hermit","Jorbs\u0027s Wanderer Trilogy","Koishi","Marisa（霧雨　魔理沙）","Minty Spire (QoL Compilation)","Permanent Neow","Reimu（博??梦）","StSLib","The Alterego","The Construct","The Cursed","The Hierophant","The Immortal","The Senshi","The Servant 0.9.4","TheBandit","Waifu the Spire"],"gold_per_floor":[113,113,63,63,63,63,27,52,52,52,69,69,86,120,120,220,220,240,260,359,359,359,359],"floor_reached":21,"playtime":813,"items_purged":[],"score":241,"play_id":"1b40ab10-dafe-4080-a502-787ed1617e55","local_time":"20210103223839","is_ascension_mode":true,"campfire_choices":[{"data":"MokouMod:WarmUp","floor":6,"key":"SMITH"},{"data":"MokouMod:RisingSunBarrier","floor":10,"key":"SMITH"},{"data":"MokouMod:Rekindle","floor":12,"key":"SMITH"},{"data":"MokouMod:SubterraneanCore","floor":15,"key":"SMITH"}],"circlet_count":0,"master_deck":["MokouMod:Strike","MokouMod:Strike","MokouMod:Strike","MokouMod:Strike","MokouMod:Defend","MokouMod:Defend","MokouMod:Defend","MokouMod:Defend","MokouMod:HeatSpark","MokouMod:Rekindle+1","MokouMod:WarmUp+1","MokouMod:RisingSunBarrier+1","MokouMod:BlazingComet","MokouMod:Stoke","MokouMod:GuidingSmoke","MokouMod:SubterraneanCore+1","MokouMod:ExplosiveFlame","MokouMod:ScorchedEarth","MokouMod:ScorchedEarth+1"],"relics":["MokouMod:PhoenixFeather","PreservedInsect","Calipers","Kunai","Singing Bowl","Black Star"],"acts_visited":["Exordium","TheCity"],"potions_floor_usage":[14,16],"damage_taken":[{"damage":8,"enemies":"2 Louse","floor":1,"turns":3},{"damage":35,"enemies":"Lagavulin","floor":8,"turns":7},{"damage":7,"enemies":"Jaw Worm","floor":11,"turns":4},{"damage":8,"enemies":"Small Slimes","floor":13,"turns":4},{"damage":8,"enemies":"3 Sentries","floor":14,"turns":5},{"damage":64,"enemies":"Hexaghost","floor":16,"turns":18},{"damage":34,"enemies":"Spheric Guardian","floor":18,"turns":8},{"damage":11,"enemies":"Shell Parasite","floor":19,"turns":7},{"damage":12,"enemies":"Cultist and Chosen","floor":21,"turns":1}],"seed_played":"-5977464644072715359","potions_obtained":[{"floor":8,"key":"sneckomod:MuddlingPotion"},{"floor":13,"key":"Strength Potion"},{"floor":16,"key":"Dexterity Potion"}],"is_trial":false,"path_per_floor":["M","?","?","$","?","R","$","E","T","R","M","R","M","E","R","B",null,"M","M","?","M"],"character_chosen":"MKU","items_purchased":["MokouMod:RisingSunBarrier"],"campfire_rested":0,"item_purchase_floors":[7],"current_hp_per_floor":[60,60,60,60,53,53,53,18,18,18,11,11,3,18,18,4,57,23,12,12,0,0,0],"gold":359,"neow_bonus":"ONE_RANDOM_RARE_CARD","is_daily":false,"chose_seed":false,"campfire_upgraded":4,"win_rate":0.0,"timestamp":1609735119,"path_taken":["M","?","?","$","?","R","?","E","T","R","M","R","?","E","R","BOSS","M","M","?","M"],"items_purchased_type":["Card"],"build_version":"2020-12-22","purchased_purges":0,"victory":false,"max_hp_per_floor":[75,75,75,75,75,75,75,75,75,75,75,75,75,75,75,75,75,75,75,75,75,75,75],"card_choices":[{"not_picked":["MokouMod:BurningDraft","MokouMod:InfernalWave"],"picked":"MokouMod:WarmUp","floor":1},{"not_picked":["MokouMod:PhoenixFeathers","MokouMod:RoaringFlare"],"picked":"MokouMod:BlazingComet","floor":8},{"not_picked":["MokouMod:PhoenixFeathers","MokouMod:ResoluteFlare"],"picked":"MokouMod:Stoke","floor":11},{"not_picked":["MokouMod:WarmUp","MokouMod:Ember"],"picked":"MokouMod:GuidingSmoke","floor":13},{"not_picked":["MokouMod:Refresh","MokouMod:ScorchingColumn"],"picked":"MokouMod:SubterraneanCore","floor":14},{"not_picked":["MokouMod:SpontaneousHumanCombustion","MokouMod:HouraiForge"],"picked":"MokouMod:ExplosiveFlame","floor":16},{"not_picked":["MokouMod:InfernalWave","MokouMod:ScorchingColumn+1"],"picked":"MokouMod:ScorchedEarth","floor":18},{"not_picked":["MokouMod:ResoluteFlare","MokouMod:EternalBurstReactor"],"picked":"MokouMod:ScorchedEarth+1","floor":19}],"player_experience":1401554,"relics_obtained":[{"floor":8,"key":"Calipers"},{"floor":9,"key":"Kunai"},{"floor":14,"key":"Singing Bowl"}],"event_choices":[{"damage_healed":0,"gold_gain":0,"player_choice":"Box","damage_taken":0,"relics_obtained":["PreservedInsect"],"max_hp_gain":0,"max_hp_loss":0,"event_name":"Big Fish","floor":2,"gold_loss":0,"cards_obtained":["Regret"]},{"cards_removed":["Regret"],"damage_healed":0,"gold_gain":0,"player_choice":"Card Removal","damage_taken":0,"max_hp_gain":0,"max_hp_loss":0,"event_name":"The Cleric","floor":3,"gold_loss":50},{"cards_removed":["MokouMod:Strike"],"damage_healed":0,"gold_gain":0,"player_choice":"Card Removal","damage_taken":7,"max_hp_gain":0,"max_hp_loss":0,"event_name":"Golden Wing","floor":5,"gold_loss":0},{"damage_healed":0,"gold_gain":99,"player_choice":"Stole From Cult","damage_taken":0,"max_hp_gain":0,"max_hp_loss":0,"event_name":"Nest","floor":20,"gold_loss":0}],"is_beta":false,"boss_relics":[{"not_picked":["SacredBark","Runic Dome"],"picked":"Black Star"}],"items_purged_floors":[],"is_endless":false,"potions_floor_spawned":[8,13,16],"killed_by":"Cultist and Chosen","ascension_level":6}}