{"host":"jr9txmeil0uubrvm","time":1609769705,"event":{"mods":["10 clothes from DAL","ATMod(阿瑾Mod)","Act Like it!","BaseMod","Colored Powertips","Gensokyo","Minty Spire (QoL Compilation)","Permanent Neow","Quick Restart","StSLib","The Alterego","The Marked","TheWitcher","【功能Mod】Neow奖励","【功能Mod】强力的原版药水","【功能Mod】精心准备","【角色mod】十八桐人","【遗物Mod】简单游戏","【遗物卡牌】REMEMod","残留之物","没有小屋子和绿帽子啦","魔戒"],"gold_per_floor":[117,129,129,139,39,70,70,70,70,96,96,122,190,96,96,200,200,210,135,85,85,85,116,116,126,152,152,167,185,196,221,221,323,323,335,349,349,362,375,408,408,420,445,445,445],"floor_reached":44,"playtime":1343,"items_purged":["Defend_Black"],"score":647,"play_id":"74fd81bc-8fb0-4653-96aa-8153c24e00b2","local_time":"20210104221505","is_ascension_mode":true,"campfire_choices":[{"data":"AT_FamilyPortrait","floor":7,"key":"SMITH"},{"data":"Track_Black","floor":11,"key":"SMITH"},{"data":"Observe_Black","floor":15,"key":"SMITH"},{"data":"Defend_Black","floor":24,"key":"SMITH"},{"floor":32,"key":"REST"},{"floor":41,"key":"REST"}],"circlet_count":0,"master_deck":["Strike_Black+1","Strike_Black+1","Defend_Black","Defend_Black+1","Observe_Black+1","AT_FamilyPortrait+1","Track_Black+1","SwordDance_Black+1","Stab_Black+1","NotreDame_Black+1","ThespeedofsoundToattack_Black+1","ThespeedofsoundToattack_Black+1","DarkRepulser_Black","SharpCut_Black+1","SunBlade_Black+1","StarBurstStream_Black+1"],"relics":["Aincard","EasyRelic","REME_ComplimentaryCards","AT_ATBox","Elucidator","Pear","AT_ImmortalShieldbow","Gensokyo:Mercy","Mercury Hourglass","Whetstone","Ancient Tea Set","Molten Egg 2","Sozu","Gensokyo:ConquerorOfFear","Calipers","Vajra","Lantern","Elucidator","AT_BellDemon","AT_SunfireAegis","Smiling Mask"],"acts_visited":["Exordium","Gensokyo:Gensokyo","Gensokyo:Gensokyoer"],"potions_floor_usage":[33,42],"damage_taken":[{"damage":0.0,"enemies":"Gensokyo:Gryphon","floor":1.0,"turns":2.0},{"damage":0.0,"enemies":"Gensokyo:2_Kodama","floor":2.0,"turns":3.0},{"damage":1.0,"enemies":"Gensokyo:Python","floor":4.0,"turns":3.0},{"damage":0,"enemies":"Gensokyo:Mamizou","floor":6,"turns":4},{"damage":0,"enemies":"Gensokyo:Cirno","floor":10,"turns":5},{"damage":2,"enemies":"Gensokyo:Aya","floor":12,"turns":3},{"damage":0,"enemies":"Gensokyo:Kokoro","floor":16,"turns":5},{"damage":0,"enemies":"Gensokyo:2_Gloops","floor":18,"turns":4},{"damage":15,"enemies":"Gensokyo:Koishi","floor":23,"turns":4},{"damage":0,"enemies":"Gensokyo:CosmicMonolith","floor":25,"turns":3},{"damage":0,"enemies":"Gensokyo:Wraith","floor":28,"turns":4},{"damage":2,"enemies":"Gensokyo:Monolith_and_Dog","floor":29,"turns":3},{"damage":5,"enemies":"Gensokyo:Slime_Group","floor":30,"turns":3},{"damage":7,"enemies":"Gensokyo:Tenshi","floor":31,"turns":4},{"damage":1,"enemies":"Gensokyo:Eiki","floor":33,"turns":5},{"damage":0,"enemies":"Gensokyo:AncientGuardian","floor":35,"turns":3},{"damage":16,"enemies":"Gensokyo:3_Bats","floor":36,"turns":3},{"damage":3,"enemies":"Gensokyo:Sharpion","floor":38,"turns":3},{"damage":0,"enemies":"Gensokyo:AtlasGolem","floor":39,"turns":3},{"damage":11,"enemies":"Gensokyo:Kasen","floor":40,"turns":4},{"damage":20,"enemies":"Gensokyo:Dusk_and_Dawn","floor":42,"turns":3},{"damage":36,"enemies":"Gensokyo:Marisa","floor":44,"turns":1}],"seed_played":"7588783093167246581","potions_obtained":[{"floor":6,"key":"EssenceOfSteel"},{"floor":12,"key":"Block Potion"}],"is_trial":false,"path_per_floor":["M","M","?","M","?","E","R","?","T","E","R","E","T","$","R","B",null,"M","$","?","?","?","E","R","M","T","?","M","M","M","E","R","B",null,"M","M","?","M","M","E","R","M","T","E"],"character_chosen":"THE_KIRITO","items_purchased":["SwordDance_Black+1","Stab_Black+1"],"campfire_rested":2,"item_purchase_floors":[14,14],"current_hp_per_floor":[72,72,44,43,53,53,53,53,53,53,53,51,51,51,51,51,82,82,82,89,81,81,66,66,66,66,66,66,64,59,52,76,75,64,64,48,48,45,45,34,53,33,33,0,0],"gold":445,"neow_bonus":"TEN_PERCENT_HP_BONUS","is_daily":false,"chose_seed":false,"campfire_upgraded":4,"win_rate":0.0,"timestamp":1609769705,"path_taken":["M","M","?","?","?","E","R","?","T","E","R","E","?","$","R","BOSS","M","$","?","?","?","E","R","?","T","?","M","?","M","E","R","BOSS","M","M","?","M","M","E","R","M","T","E"],"items_purchased_type":["Card","Card"],"build_version":"2020-12-22","purchased_purges":1,"victory":false,"max_hp_per_floor":[72,72,72,72,82,82,82,82,82,82,82,82,82,82,82,82,82,82,82,89,81,81,81,81,81,81,81,81,81,81,81,81,81,64,64,64,64,64,64,64,64,64,64,64,64],"card_choices":[{"not_picked":["BrilliantBlade_Black","Smile_Black","WeakHit_Black"],"picked":"SKIP","floor":1.0},{"not_picked":["Attacker_Black","FlashPuncture_Black","PrewarPrepare_Black"],"picked":"SKIP","floor":2.0},{"not_picked":["SpiritCrash_Black","WeakHit_Black"],"picked":"SharpCut_Black","floor":4.0},{"not_picked":["SelfCongested_Black","Defender_Black","WartimeReply_Black"],"picked":"SKIP","floor":6},{"not_picked":["WithoutFear_Black","Smile_Black"],"picked":"Track_Black","floor":10},{"not_picked":["LevelUp_Black","Smile_Black","PrewarPrepare_Black"],"picked":"SKIP","floor":12},{"not_picked":["CureCrystal_Black","SpeedBlade1_Black+1"],"picked":"NotreDame_Black+1","floor":16},{"not_picked":["SelfCongested_Black","DefensiveStance_Black"],"picked":"ThespeedofsoundToattack_Black+1","floor":18},{"not_picked":["Advantage_Black+1","Spitting_Black","GunFight_Black+1"],"picked":"SKIP","floor":23},{"not_picked":["HorizontalSquareChopping_Black+1","WeakHit_Black+1","Kiriko_Black"],"picked":"SKIP","floor":25},{"not_picked":["DoubleCut_Black+1","Guard_Black","SelfCongested_Black"],"picked":"SKIP","floor":28},{"not_picked":["Stab_Black+1","Thrust_Black+1","TrueLove_Black"],"picked":"SKIP","floor":29},{"not_picked":["Exercise2_Black+1","Guard_Black","Ghost_Black+1"],"picked":"SKIP","floor":30},{"not_picked":["Stab_Black+1","FlashPuncture_Black+1"],"picked":"ThespeedofsoundToattack_Black+1","floor":31},{"not_picked":["SharpClaw_Black+1","ThrowKnife_Black+1"],"picked":"DarkRepulser_Black","floor":33},{"not_picked":["HorizontalSquareChopping_Black+1","Thrust_Black+1","Exercise2_Black+1"],"picked":"SKIP","floor":35},{"not_picked":["ThespeedofsoundToattack_Black+1","Mark_Black+1"],"picked":"SharpCut_Black+1","floor":36},{"not_picked":["Defender_Black+1","PrewarPrepare_Black","HeartyMeal_Black"],"picked":"SKIP","floor":38},{"not_picked":["Guard_Black+1","WeakHit_Black"],"picked":"SunBlade_Black+1","floor":39},{"not_picked":["StrengthTransform_Black+1","Exercise2_Black"],"picked":"StarBurstStream_Black+1","floor":40},{"not_picked":["Thrust_Black+1","HorizontalSquareChopping_Black+1","MentalSkills_Black+1"],"picked":"SKIP","floor":42}],"player_experience":481470,"relics_obtained":[{"floor":6,"key":"AT_ImmortalShieldbow"},{"floor":9,"key":"Mercury Hourglass"},{"floor":10,"key":"Whetstone"},{"floor":12,"key":"Ancient Tea Set"},{"floor":13,"key":"Molten Egg 2"},{"floor":23,"key":"Gensokyo:ConquerorOfFear"},{"floor":23,"key":"Calipers"},{"floor":26,"key":"Vajra"},{"floor":31,"key":"Lantern"},{"floor":40,"key":"AT_BellDemon"},{"floor":42,"key":"AT_SunfireAegis"},{"floor":43,"key":"Smiling Mask"}],"event_choices":[],"is_beta":false,"boss_relics":[{"not_picked":["REME_DuelDisc","Pandora\u0027s Box"],"picked":"Sozu"},{"not_picked":["Busted Crown","DALC_TEN"],"picked":"Elucidator"}],"items_purged_floors":[19],"is_endless":false,"potions_floor_spawned":[6,12,25,29,31,33,35,36,39,40],"killed_by":"Gensokyo:Marisa","ascension_level":1}}