{"host":"kh6fvhxn285ncg0o","time":1609758457,"event":{"mods":["Act Like it!","BaseMod","Colored Map","Friendly Minions","Keyboard Shortcuts","Minty Spire (QoL Compilation)","Quick Restart","Relic Stats","StSLib","SuperFastMode"],"gold_per_floor":[113,131,143,159,171,201,201,233,260,270,420,420,420],"floor_reached":12,"playtime":278,"items_purged":[],"score":184,"play_id":"cb322144-89f1-41f7-837f-0074eb29f6cd","local_time":"20210104200737","is_ascension_mode":true,"campfire_choices":[{"floor":7,"key":"REST"}],"circlet_count":0,"master_deck":["AscendersBane","Strike_R","Strike_R","Strike_R","Strike_R","Strike_R","Defend_R","Defend_R+1","Defend_R","Defend_R+1","Bash","Wild Strike","Fire Breathing","Shrug It Off","Shockwave","Doubt"],"relics":["Burning Blood","Turnip","Dream Catcher","Boot","War Paint"],"acts_visited":["Exordium"],"potions_floor_usage":[7,8],"damage_taken":[{"damage":7.0,"enemies":"Cultist","floor":1.0,"turns":4.0},{"damage":5.0,"enemies":"Small Slimes","floor":2.0,"turns":3.0},{"damage":3.0,"enemies":"2 Louse","floor":3.0,"turns":3.0},{"damage":13.0,"enemies":"Large Slime","floor":4.0,"turns":5.0},{"damage":24.0,"enemies":"3 Louse","floor":5.0,"turns":4.0},{"damage":19.0,"enemies":"3 Sentries","floor":6.0,"turns":6.0},{"damage":42,"enemies":"Gremlin Nob","floor":8,"turns":5},{"damage":5,"enemies":"Blue Slaver","floor":10,"turns":5},{"damage":12,"enemies":"Lagavulin","floor":12,"turns":5}],"seed_played":"-3124634774927218887","potions_obtained":[{"floor":2.0,"key":"Fruit Juice"},{"floor":4.0,"key":"ColorlessPotion"},{"floor":6.0,"key":"LiquidMemories"},{"floor":10,"key":"FearPotion"}],"is_trial":false,"path_per_floor":["M","M","M","M","M","E","R","E","T","M","?","E"],"character_chosen":"IRONCLAD","items_purchased":[],"campfire_rested":1,"item_purchase_floors":[],"current_hp_per_floor":[49,50,53,46,28,15,44,8,8,9,9,0,0],"gold":420,"neow_bonus":"ONE_RARE_RELIC","is_daily":false,"chose_seed":false,"campfire_upgraded":0,"win_rate":0.0,"timestamp":1609758457,"path_taken":["M","M","M","M","?","E","R","E","T","M","?","E"],"items_purchased_type":[],"build_version":"2020-12-22","purchased_purges":0,"victory":false,"max_hp_per_floor":[75,75,75,75,75,75,80,80,80,80,80,80,80],"relic_stats":{"Dream Catcher":1,"counters":[9,40],"Turnip":[7],"War Paint":["Defend_R","Defend_R"],"Boot":[0],"obtain_stats":[{"Dream Catcher":6,"Turnip":0,"War Paint":9,"Boot":8,"Burning Blood":0},{"Dream Catcher":6,"Turnip":0,"War Paint":7,"Boot":7,"Burning Blood":0},{"Dream Catcher":25,"Turnip":0,"War Paint":30,"Boot":30,"Burning Blood":0}],"Burning Blood":48},"card_choices":[{"not_picked":["Body Slam","Warcry"],"picked":"Wild Strike","floor":1.0},{"not_picked":["Twin Strike","Clothesline"],"picked":"Fire Breathing","floor":2.0},{"not_picked":["Corruption","Sword Boomerang"],"picked":"Shrug It Off","floor":3.0},{"not_picked":["Heavy Blade","Anger","Rampage"],"picked":"SKIP","floor":5.0},{"not_picked":["Shrug It Off","Berserk"],"picked":"Shockwave","floor":6.0}],"player_experience":3362466,"relics_obtained":[{"floor":6.0,"key":"Dream Catcher"},{"floor":8,"key":"Boot"},{"floor":9,"key":"War Paint"}],"event_choices":[{"damage_healed":0,"gold_gain":150,"player_choice":"AGREE","damage_taken":0,"max_hp_gain":0,"max_hp_loss":0,"event_name":"Liars Game","floor":11,"gold_loss":0,"cards_obtained":["Doubt"]}],"is_beta":false,"boss_relics":[],"items_purged_floors":[],"is_endless":false,"potions_floor_spawned":[2,4,6,10],"killed_by":"Lagavulin","ascension_level":20}}