{"host":"4vq2xwkpdrxril92","time":1609752402,"event":{"mods":["BaseMod","Better Third Choice","Card Forge","Energized Spire","Fireblade Mod","Hubris","Minty Spire (QoL Compilation)","Quick Restart","Rare Cards Sparkle","Shop Mod","StSLib","The Cursed","Åy?ï®?îvÅzREMEMod"],"gold_per_floor":[138,138,180,180,240,330,444,537,549,648,741,279,321,321,321,609,609,657,657,3897,887,523,598,679,338,363,456,456,534,534,612,612,897,897,930,930,930,1002,1002,1002],"floor_reached":39,"playtime":2537,"items_purged":[],"score":1159,"play_id":"5f239e79-f1b8-4d38-bd57-6500d2f293b9","local_time":"20210104182642","daily_mods":["SealedDeck","Vintage","Heirloom","Time Dilation","Flight","Cursed Run","Elite Swarm","Lethality","Midas"],"is_ascension_mode":false,"campfire_choices":[{"floor":15,"key":"REST"},{"data":"1","floor":32,"key":"LIFT"}],"circlet_count":0,"master_deck":["Heavy Blade+1","FireBladeMod:LightningCombo+1","FireBladeMod:LightningCombo+1","FireBladeMod:ComboCleave+1","FireBladeMod:ComboCleave+1","TheCursedMod:NeowsMight+1","Genetic Algorithm+1","REME_Scribble+1","Offering+1","Exhume+1","Doubt"],"relics":["Cursed Key","Darkstone Periapt","Du-Vu Doll","Hammer of Thor","Seething Fire","Anvil of the Gods","REME_ComplimentaryCards","Calipers","hubris:Towel","Bag of Marbles","Pen Nib","Turnip","The Courier","hubris:GlazedTorus","TungstenRod","MerchantsRug","REME_CardOfGreed","hubris:Potato","hubris:TenFootPole","Bird Faced Urn","Coffee Dripper","Letter Opener","REME_OnlineShoppingPlatform","hubris:CuriousFeather","Oddly Smooth Stone","Lantern","White Beast Statue","Eternal Feather","InkBottle","Art of War","Paper Frog","Ornamental Fan","Pocketwatch","Nunchaku","StrikeDummy","hubris:DeckOfHolding","Happy Flower","PreservedInsect","Prayer Wheel","Peace Pipe","Girya","HornCleat","hubris:FunFungus","hubris:SlimyHat","Blood Vial","hubris:Metronome","hubris:IronBody","Red Skull","Akabeko","Gremlin Horn","Shuriken","Ice Cream","Juzu Bracelet","Matryoshka","Vajra","Bag of Preparation","Toxic Egg 2","hubris:BottledHeart","hubris:PeanutButter","betterThird:NestCultRelic","Singing Bowl","Philosopher\u0027s Stone","REME_ArchaeologicalTools","hubris:Icosahedron","hubris:ChampionShield"],"acts_visited":["Exordium","TheCity","TheBeyond"],"potions_floor_usage":[],"damage_taken":[{"damage":3,"enemies":"2 Louse","floor":1,"turns":1},{"damage":0,"enemies":"Small Slimes","floor":3,"turns":1},{"damage":3,"enemies":"Cultist","floor":5,"turns":1},{"damage":3,"enemies":"3 Sentries","floor":6,"turns":1},{"damage":3,"enemies":"Gremlin Nob","floor":7,"turns":1},{"damage":3,"enemies":"3 Sentries","floor":8,"turns":1},{"damage":3,"enemies":"Gremlin Nob","floor":10,"turns":1},{"damage":3,"enemies":"3 Sentries","floor":11,"turns":1},{"damage":0,"enemies":"Exordium Wildlife","floor":13,"turns":1},{"damage":0,"enemies":"Hexaghost","floor":16,"turns":1},{"damage":0,"enemies":"2 Thieves","floor":18,"turns":1},{"damage":0,"enemies":"Gremlin Leader","floor":23,"turns":1},{"damage":0,"enemies":"Slavers","floor":24,"turns":1},{"damage":0,"enemies":"REME_1_Revenger","floor":27,"turns":1},{"damage":0,"enemies":"Slavers","floor":29,"turns":1},{"damage":0,"enemies":"Gremlin Leader","floor":31,"turns":1},{"damage":0,"enemies":"hubris:MusketHawk","floor":33,"turns":2},{"damage":0,"enemies":"Orb Walker","floor":35,"turns":1},{"damage":0,"enemies":"3 Shapes","floor":38,"turns":1}],"seed_played":"7956191790210672681","potions_obtained":[{"floor":1,"key":"PowerPotion"},{"floor":6,"key":"ElixirPotion"},{"floor":7,"key":"HeartOfIron"},{"floor":16,"key":"SmokeBomb"}],"is_trial":true,"path_per_floor":["M","?","M","?","M","E","E","E","T","E","E","$","M","?","R","B",null,"M","?","?","$","$","E","E","$","T","E","?","E","?","E","R","B",null,"M","?","?","M","$"],"character_chosen":"IRONCLAD","items_purchased":["MerchantsRug","REME_CardOfGreed","hubris:Potato","hubris:TenFootPole","REME_OnlineShoppingPlatform","hubris:CuriousFeather","Oddly Smooth Stone","REME_HandOfSuture","Lantern","White Beast Statue","Eternal Feather","InkBottle","Art of War","Paper Frog","Ornamental Fan","Pocketwatch","Nunchaku","StrikeDummy","hubris:DeckOfHolding","Happy Flower","PreservedInsect","REME_IWantAll","Prayer Wheel","Peace Pipe","Girya","HornCleat","hubris:FunFungus","hubris:SlimyHat","Blood Vial","hubris:Metronome","hubris:IronBody","Red Skull","Shuriken","Ice Cream","Juzu Bracelet","Matryoshka"],"campfire_rested":1,"item_purchase_floors":[12,12,12,12,21,21,21,21,21,21,21,21,21,21,21,21,21,21,21,21,21,21,21,21,21,21,21,21,22,22,22,22,25,25,25,25],"current_hp_per_floor":[80,488,488,488,488,488,498,498,504,504,504,504,507,507,525,534,534,537,537,139,139,139,147,155,155,161,166,1,1,1,1,1,1,1,1,1,1,1,1,1],"gold":1002,"neow_bonus":"","is_daily":false,"chose_seed":false,"campfire_upgraded":0,"win_rate":0.0,"timestamp":1609752402,"path_taken":["M","?","M","?","?","E","E","E","T","E","E","$","M","?","R","BOSS","M","?","?","$","$","E","E","$","T","E","?","E","?","E","R","BOSS","M","?","?","M","$"],"items_purchased_type":["Relic","Relic","Relic","Relic","Relic","Relic","Relic","Relic","Relic","Relic","Relic","Relic","Relic","Relic","Relic","Relic","Relic","Relic","Relic","Relic","Relic","Relic","Relic","Relic","Relic","Relic","Relic","Relic","Relic","Relic","Relic","Relic","Relic","Relic","Relic","Relic"],"build_version":"2020-12-22","purchased_purges":0,"victory":false,"max_hp_per_floor":[83,488,488,488,491,494,507,510,516,519,522,522,525,525,525,534,534,537,537,537,537,537,543,549,549,555,558,1,1,1,1,1,1,1,1,1,1,1,1,1],"card_choices":[{"not_picked":["Immolate","Berserk"],"picked":"REME_TheLastStrike","floor":6},{"not_picked":["Juggernaut","Immolate","Bludgeon"],"picked":"SKIP","floor":7},{"not_picked":["Impervious","Berserk"],"picked":"Offering","floor":8},{"not_picked":["Reaper","Demon Form","Impervious"],"picked":"SKIP","floor":10},{"not_picked":["Feed","Impervious"],"picked":"REME_ACTH","floor":11},{"not_picked":["hubris:StunningStrike","Double Tap","Reaper"],"picked":"Singing Bowl","floor":23},{"not_picked":["Corruption","Barricade","Brutality"],"picked":"Singing Bowl","floor":24},{"not_picked":["Fiend Fire","Bludgeon"],"picked":"Exhume+1","floor":27},{"not_picked":["Fiend Fire","Limit Break+1","REME_TheLastStrike"],"picked":"SKIP","floor":29},{"not_picked":["Reaper","Brutality","Feed"],"picked":"Singing Bowl","floor":31},{"not_picked":["REME_TheLastStrike","Limit Break+1","Fiend Fire"],"picked":"Singing Bowl","floor":33}],"player_experience":1166807,"relics_obtained":[{"floor":3,"key":"Bag of Marbles"},{"floor":5,"key":"Pen Nib"},{"floor":6,"key":"MawBank"},{"floor":7,"key":"Pear"},{"floor":8,"key":"Turnip"},{"floor":9,"key":"The Courier"},{"floor":10,"key":"hubris:GlazedTorus"},{"floor":11,"key":"TungstenRod"},{"floor":13,"key":"Bird Faced Urn"},{"floor":18,"key":"Letter Opener"},{"floor":23,"key":"Akabeko"},{"floor":24,"key":"Gremlin Horn"},{"floor":26,"key":"Vajra"},{"floor":26,"key":"Bag of Preparation"},{"floor":27,"key":"Toxic Egg 2"},{"floor":29,"key":"hubris:PeanutButter"},{"floor":31,"key":"Singing Bowl"},{"floor":35,"key":"REME_ArchaeologicalTools"},{"floor":38,"key":"hubris:ChampionShield"}],"event_choices":[{"cards_removed":["REME_Cut"],"damage_healed":0,"gold_gain":0,"player_choice":"Offered Uncommon","damage_taken":0,"max_hp_gain":0,"max_hp_loss":0,"event_name":"Bonfire Elementals","floor":4,"gold_loss":0},{"damage_healed":0,"gold_gain":0,"player_choice":"Leave","damage_taken":0,"max_hp_gain":0,"max_hp_loss":0,"event_name":"The Cleric","floor":14,"gold_loss":0},{"cards_removed":["Decay"],"damage_healed":0,"gold_gain":0,"player_choice":"Elegance","damage_taken":0,"max_hp_gain":0,"max_hp_loss":0,"event_name":"betterThird:BetterWriting","floor":19,"gold_loss":0},{"damage_healed":0,"gold_gain":3240,"player_choice":"GOLD GOLD GOLD GOLD GOLD GOLD GOLD GOLD GOLD GOLD GOLD GOLD GOLD GOLD GOLD GOLD GOLD GOLD GOLD GOLD GOLD GOLD GOLD GOLD GOLD GOLD GOLD GOLD GOLD GOLD GOLD GOLD GOLD GOLD GOLD GOLD ","damage_taken":852,"max_hp_gain":0,"max_hp_loss":0,"event_name":"Knowing Skull","floor":20,"potions_obtained":[],"gold_loss":0,"cards_obtained":[]},{"damage_healed":0,"gold_gain":0,"player_choice":"Madness","damage_taken":0,"relics_obtained":["betterThird:NestCultRelic"],"max_hp_gain":0,"max_hp_loss":0,"event_name":"betterThird:BetterNest","floor":30,"gold_loss":0},{"cards_removed":["Shrug It Off"],"damage_healed":0,"gold_gain":0,"player_choice":"Removed Skill","damage_taken":0,"max_hp_gain":0,"max_hp_loss":0,"event_name":"Falling","floor":36,"gold_loss":0}],"is_beta":false,"boss_relics":[{"not_picked":["hubris:VirtuousBlindfold","hubris:RunicObelisk"],"picked":"Coffee Dripper"},{"not_picked":["SlaversCollar","Runic Dome"],"picked":"Philosopher\u0027s Stone"}],"items_purged_floors":[],"is_endless":true,"potions_floor_spawned":[1,6,7,8,16,23,24,27,29,31,33,35,38],"ascension_level":0}}