{"host":"g01l53quoe6lrer0","time":1609770650,"event":{"mods":["2.2 Compatiblity","AchievementEnabler","BaseMod","Colored Map","Highlight Path","Keyboard Shortcuts","Minty Spire (QoL Compilation)","Permanent Neow","Quick Restart","StSLib","SuperFastMode","everything is the same but u backflip on backflip"],"gold_per_floor":[113,123,48,48,48,48,81,81,130,165,183,200,232,249,249,249,249],"floor_reached":16,"playtime":450,"items_purged":["Defend_P"],"score":138,"play_id":"71d21375-2cb4-4a47-a1d2-1f02f0cef9cb","local_time":"20210104233050","is_ascension_mode":true,"campfire_choices":[{"data":"Eruption","floor":6.0,"key":"SMITH"},{"floor":8.0,"key":"REST"},{"floor":15.0,"key":"REST"}],"circlet_count":0,"master_deck":["Strike_P","Strike_P","Strike_P","Defend_P","Defend_P","Eruption+1","Vigilance","Establishment","Adaptation","ClearTheMind","ClearTheMind"],"relics":["PureWater","Mummified Hand","PreservedInsect","Bag of Marbles","CaptainsWheel"],"acts_visited":["Exordium"],"potions_floor_usage":[16],"damage_taken":[{"damage":2.0,"enemies":"Small Slimes","floor":1.0,"turns":5.0},{"damage":0.0,"enemies":"2 Louse","floor":2.0,"turns":2.0},{"damage":49.0,"enemies":"3 Sentries","floor":7.0,"turns":11.0},{"damage":22.0,"enemies":"Lagavulin","floor":10.0,"turns":5.0},{"damage":0.0,"enemies":"Cultist","floor":11.0,"turns":2.0},{"damage":8.0,"enemies":"Red Slaver","floor":12.0,"turns":4.0},{"damage":10.0,"enemies":"Gremlin Nob","floor":13.0,"turns":3.0},{"damage":0.0,"enemies":"2 Fungi Beasts","floor":14.0,"turns":2.0},{"damage":52,"enemies":"Slime Boss","floor":16,"turns":3}],"seed_played":"-6993746212807991652","potions_obtained":[{"floor":7.0,"key":"Weak Potion"},{"floor":11.0,"key":"Weak Potion"},{"floor":14.0,"key":"DuplicationPotion"}],"is_trial":false,"path_per_floor":["M","M","$","?","?","R","E","R","T","E","M","M","E","M","R","B"],"character_chosen":"WATCHER","items_purchased":[],"campfire_rested":2,"item_purchase_floors":[],"current_hp_per_floor":[70,70,70,70,70,70,21,42,42,20,20,12,2,2,23,0,0],"gold":249,"neow_bonus":"ONE_RANDOM_RARE_CARD","is_daily":false,"chose_seed":false,"campfire_upgraded":1,"win_rate":0.0,"timestamp":1609770650,"path_taken":["M","M","$","?","?","R","E","R","T","E","M","?","E","M","R","BOSS"],"items_purchased_type":[],"build_version":"2020-12-22","purchased_purges":1,"victory":false,"max_hp_per_floor":[72,72,72,72,72,72,72,72,72,72,72,72,72,72,72,72,72],"card_choices":[{"not_picked":["FlyingSleeves","FollowUp"],"picked":"Adaptation","floor":1.0},{"not_picked":["Consecrate","Indignation","BattleHymn"],"picked":"SKIP","floor":2.0},{"not_picked":["Perseverance","FlyingSleeves","Evaluate"],"picked":"SKIP","floor":7.0},{"not_picked":["ReachHeaven","WaveOfTheHand","Weave"],"picked":"SKIP","floor":10.0},{"not_picked":["ReachHeaven","WaveOfTheHand","Weave"],"picked":"SKIP","floor":10.0},{"not_picked":["WheelKick","DeceiveReality","Evaluate"],"picked":"SKIP","floor":11.0},{"not_picked":["Indignation","PathToVictory","FlurryOfBlows"],"picked":"SKIP","floor":12.0},{"not_picked":["Indignation","PathToVictory","FlurryOfBlows"],"picked":"SKIP","floor":12.0},{"not_picked":["CarveReality","FlurryOfBlows"],"picked":"ClearTheMind","floor":13.0},{"not_picked":["Crescendo","EmptyFist","ClearTheMind"],"picked":"SKIP","floor":14.0},{"not_picked":["Crescendo","EmptyFist"],"picked":"ClearTheMind","floor":14.0}],"player_experience":81726,"relics_obtained":[{"floor":7.0,"key":"Mummified Hand"},{"floor":9.0,"key":"PreservedInsect"},{"floor":10.0,"key":"Bag of Marbles"},{"floor":13.0,"key":"CaptainsWheel"}],"event_choices":[{"cards_removed":["Defend_P"],"damage_healed":0.0,"max_hp_gain":0.0,"max_hp_loss":0.0,"gold_gain":0.0,"event_name":"Living Wall","player_choice":"Forget","floor":4.0,"gold_loss":0.0,"damage_taken":0.0},{"cards_removed":["Strike_P"],"damage_healed":0.0,"max_hp_gain":0.0,"max_hp_loss":0.0,"gold_gain":0.0,"event_name":"Purifier","player_choice":"Purged","floor":5.0,"gold_loss":0.0,"damage_taken":0.0}],"is_beta":false,"boss_relics":[],"items_purged_floors":[3],"is_endless":false,"potions_floor_spawned":[7,11,14],"killed_by":"Slime Boss","ascension_level":3}}