{"host":"pbf6u3tyx46snqc7","time":1609781134,"event":{"mods":["AchievementEnabler","BaseMod","Colored Map","Minty Spire (QoL Compilation)","Rare Cards Sparkle","SuperFastMode"],"gold_per_floor":[116,134,146,158,233,233,268,268,268,279,279,36,65,97,109,195,207,232,256,278,29,29,62,62,95,150,165,15,15,15,41,41,118,118,132,132,132,132],"floor_reached":39,"playtime":2161,"items_purged":["Strike_B","Strike_B"],"score":1744,"play_id":"c9ecfe82-7a62-4933-94f4-f8067f08e963","local_time":"20210105022534","is_ascension_mode":true,"campfire_choices":[{"data":"Chaos","floor":6.0,"key":"SMITH"},{"floor":11.0,"key":"REST"},{"data":"Coolheaded","floor":15.0,"key":"SMITH"},{"data":"Fission","floor":24.0,"key":"SMITH"},{"data":"Defragment","floor":29.0,"key":"SMITH"},{"floor":32.0,"key":"REST"}],"circlet_count":0,"master_deck":["AscendersBane","Defend_B","Defend_B","Defend_B","Zap","Dualcast+1","Sweeping Beam","Doom and Gloom","Chaos+1","Chill","Conserve Battery","Compile Driver","Cold Snap","Melter","Coolheaded+1","Fission+1","Defragment+1","Redo","Biased Cognition","Capacitor","Core Surge","Echo Form"],"relics":["Cracked Core","Pantograph","HornCleat","MawBank","Sozu","ClockworkSouvenir","Bag of Preparation","Blue Candle","Anchor","Ornamental Fan","Empty Cage"],"acts_visited":["Exordium","TheCity","TheBeyond"],"potions_floor_usage":[],"damage_taken":[{"damage":4.0,"enemies":"2 Louse","floor":1.0,"turns":2.0},{"damage":4.0,"enemies":"Jaw Worm","floor":2.0,"turns":3.0},{"damage":1.0,"enemies":"Cultist","floor":3.0,"turns":3.0},{"damage":11.0,"enemies":"3 Louse","floor":4.0,"turns":3.0},{"damage":14.0,"enemies":"3 Sentries","floor":7.0,"turns":5.0},{"damage":0.0,"enemies":"Red Slaver","floor":10.0,"turns":4.0},{"damage":19.0,"enemies":"Lagavulin","floor":13.0,"turns":6.0},{"damage":0.0,"enemies":"2 Fungi Beasts","floor":14.0,"turns":2.0},{"damage":34.0,"enemies":"Hexaghost","floor":16.0,"turns":11.0},{"damage":0.0,"enemies":"Spheric Guardian","floor":18.0,"turns":3.0},{"damage":9.0,"enemies":"3 Byrds","floor":19.0,"turns":6.0},{"damage":0.0,"enemies":"Snecko","floor":20.0,"turns":5.0},{"damage":4.0,"enemies":"Gremlin Leader","floor":23.0,"turns":10.0},{"damage":2.0,"enemies":"Slavers","floor":25.0,"turns":7.0},{"damage":0.0,"enemies":"Chosen and Byrds","floor":27.0,"turns":5.0},{"damage":14.0,"enemies":"Book of Stabbing","floor":31.0,"turns":4.0},{"damage":42.0,"enemies":"Automaton","floor":33.0,"turns":8.0},{"damage":5.0,"enemies":"3 Darklings","floor":35.0,"turns":4.0},{"damage":54.0,"enemies":"Awakened One","floor":37.0,"turns":17.0},{"damage":10,"enemies":"Donu and Deca","floor":38,"turns":12}],"seed_played":"2973475253331142980","potions_obtained":[{"floor":3.0,"key":"EssenceOfDarkness"},{"floor":10.0,"key":"GamblersBrew"},{"floor":13.0,"key":"BlessingOfTheForge"}],"is_trial":false,"path_per_floor":["M","M","M","M","?","R","E","?","T","M","R","$","E","M","R","B",null,"M","M","M","$","?","E","R","E","T","M","$","R","?","E","R","B",null,"M","?","B","B",null],"character_chosen":"DEFECT","items_purchased":["Fruit Juice","Cold Snap","ClockworkSouvenir","Core Surge"],"campfire_rested":2,"item_purchase_floors":[12,12,21,28],"current_hp_per_floor":[67,63,62,51,40,40,26,26,26,26,49,49,35,35,35,26,69,69,60,60,60,60,56,56,54,54,54,54,54,54,40,64,41,73,68,68,29,44],"gold":132,"neow_bonus":"TEN_PERCENT_HP_BONUS","is_daily":false,"chose_seed":false,"campfire_upgraded":4,"win_rate":0.0,"timestamp":1609781134,"path_taken":["M","M","M","M","?","R","E","?","T","M","R","$","E","M","R","BOSS","M","M","M","$","?","E","R","E","T","M","$","R","?","E","R","BOSS","M","?","BOSS","BOSS"],"items_purchased_type":["Potion","Card","Relic","Card"],"build_version":"2020-12-22","purchased_purges":2,"victory":true,"max_hp_per_floor":[78,78,78,78,78,78,78,78,78,78,78,78,83,83,83,83,83,83,83,83,83,83,83,83,83,83,83,83,83,83,83,83,83,83,83,83,83,83],"card_choices":[{"not_picked":["Double Energy","Go for the Eyes"],"picked":"Sweeping Beam","floor":1.0},{"not_picked":["Hologram","Turbo"],"picked":"Doom and Gloom","floor":2.0},{"not_picked":["Glacier","Ball Lightning"],"picked":"Chaos","floor":3.0},{"not_picked":["Rebound","Machine Learning"],"picked":"Chill","floor":4.0},{"not_picked":["Ball Lightning","Streamline"],"picked":"Conserve Battery","floor":7.0},{"not_picked":["Reinforced Body","Conserve Battery"],"picked":"Compile Driver","floor":10.0},{"not_picked":["Ball Lightning","Aggregate"],"picked":"Melter","floor":13.0},{"not_picked":["Go for the Eyes","Double Energy"],"picked":"Coolheaded","floor":14.0},{"not_picked":["Amplify","Electrodynamics"],"picked":"Fission","floor":16.0},{"not_picked":["Cold Snap","Turbo"],"picked":"Defragment","floor":18.0},{"not_picked":["Reinforced Body","BootSequence","Beam Cell+1"],"picked":"SKIP","floor":19.0},{"not_picked":["Heatsinks","Loop"],"picked":"Redo","floor":20.0},{"not_picked":["Redo","Recycle"],"picked":"Biased Cognition","floor":23.0},{"not_picked":["Cold Snap+1","Ball Lightning"],"picked":"Capacitor","floor":25.0},{"not_picked":["Storm","Leap+1","Ball Lightning"],"picked":"SKIP","floor":27.0},{"not_picked":["Capacitor","Steam","Go for the Eyes"],"picked":"SKIP","floor":31.0},{"not_picked":["Thunder Strike","Reboot"],"picked":"Echo Form","floor":33.0},{"not_picked":["Tempest+1","Cold Snap","Stack+1"],"picked":"SKIP","floor":35.0}],"player_experience":381521,"relics_obtained":[{"floor":7.0,"key":"Pantograph"},{"floor":9.0,"key":"HornCleat"},{"floor":13.0,"key":"MawBank"},{"floor":23.0,"key":"Bag of Preparation"},{"floor":25.0,"key":"Blue Candle"},{"floor":26.0,"key":"Anchor"},{"floor":31.0,"key":"Ornamental Fan"}],"event_choices":[{"damage_healed":0.0,"max_hp_gain":0.0,"max_hp_loss":0.0,"gold_gain":75.0,"event_name":"World of Goop","player_choice":"Gather Gold","floor":5.0,"gold_loss":0.0,"damage_taken":11.0},{"damage_healed":0.0,"max_hp_gain":0.0,"max_hp_loss":0.0,"gold_gain":0.0,"event_name":"Living Wall","player_choice":"Grow","floor":8.0,"gold_loss":0.0,"damage_taken":0.0,"cards_upgraded":["Dualcast"]},{"damage_healed":0.0,"max_hp_gain":0.0,"max_hp_loss":0.0,"gold_gain":0.0,"event_name":"Vampires","player_choice":"Ignored","floor":22.0,"gold_loss":0.0,"damage_taken":0.0},{"cards_removed":["Strike_B"],"damage_healed":0.0,"max_hp_gain":0.0,"max_hp_loss":0.0,"gold_gain":0.0,"event_name":"Back to Basics","player_choice":"Elegance","floor":30.0,"gold_loss":0.0,"damage_taken":0.0},{"damage_healed":0.0,"max_hp_gain":0.0,"max_hp_loss":0.0,"gold_gain":0.0,"event_name":"SecretPortal","player_choice":"Took Portal","floor":36.0,"gold_loss":0.0,"damage_taken":0.0}],"is_beta":false,"boss_relics":[{"not_picked":["Tiny House","Velvet Choker"],"picked":"Sozu"},{"not_picked":["FrozenCore","Calling Bell"],"picked":"Empty Cage"}],"items_purged_floors":[12,21],"is_endless":false,"potions_floor_spawned":[3,10,13,19,20,23,25,33],"ascension_level":20}}