{"host":"yo9wwslrag05lh37","time":1609724313,"event":{"mods":["AchievementEnabler","BaseMod","Block Reminder","Colored Map","Colored Powertips","GifTheSpireLib","HexUI Lib","Highlight Path","Minty Spire (QoL Compilation)","Rare Cards Sparkle","Relic Stats","StSLib","everything is the same but u backflip on backflip"],"gold_per_floor":[116,116,126,276,59,59,59,69,69,69,97,107,125,135,135,208,208,224,240,6,6,25,25,25,25],"floor_reached":24,"playtime":915,"items_purged":["Doubt","Strike_B"],"score":396,"play_id":"bfd81945-5a1b-4175-a2e4-eea5614c0e0b","local_time":"20210104023833","is_ascension_mode":true,"campfire_choices":[{"data":"Sweeping Beam","floor":6.0,"key":"SMITH"},{"data":"Coolheaded","floor":10.0,"key":"SMITH"},{"data":"Go for the Eyes","floor":15.0,"key":"SMITH"},{"floor":23,"key":"REST"}],"circlet_count":0,"master_deck":["AscendersBane","Strike_B","Strike_B","Strike_B","Defend_B","Defend_B","Defend_B","Defend_B","Zap+1","Dualcast","FTL","Sweeping Beam+1","Gash","Coolheaded+1","Go for the Eyes+1","Ball Lightning","Genetic Algorithm","Machine Learning","Recycle","Gash","Capacitor","Conserve Battery","Coolheaded+1"],"relics":["Cracked Core","NeowsBlessing","InkBottle","Matryoshka","Runic Pyramid"],"acts_visited":["Exordium","TheCity"],"potions_floor_usage":[24],"damage_taken":[{"damage":0.0,"enemies":"2 Louse","floor":1.0,"turns":1.0},{"damage":0.0,"enemies":"Small Slimes","floor":3.0,"turns":1.0},{"damage":0.0,"enemies":"Jaw Worm","floor":8.0,"turns":1.0},{"damage":19.0,"enemies":"Lagavulin","floor":11.0,"turns":6.0},{"damage":4.0,"enemies":"Red Slaver","floor":12.0,"turns":3.0},{"damage":0.0,"enemies":"2 Fungi Beasts","floor":13.0,"turns":2.0},{"damage":0.0,"enemies":"Blue Slaver","floor":14.0,"turns":3.0},{"damage":11.0,"enemies":"The Guardian","floor":16.0,"turns":11.0},{"damage":26.0,"enemies":"2 Thieves","floor":18.0,"turns":4.0},{"damage":14.0,"enemies":"Spheric Guardian","floor":19.0,"turns":4.0},{"damage":21,"enemies":"Shelled Parasite and Fungi","floor":22,"turns":6},{"damage":29,"enemies":"Book of Stabbing","floor":24,"turns":4}],"seed_played":"8908469445284170583","potions_obtained":[{"floor":8.0,"key":"Ancient Potion"}],"is_trial":false,"path_per_floor":["M","?","M","?","$","R","?","M","T","R","E","M","M","M","R","B",null,"M","M","$","?","M","R","E"],"character_chosen":"DEFECT","items_purchased":["LiquidBronze","Gash","Capacitor","Conserve Battery"],"campfire_rested":1,"item_purchase_floors":[5,5,20,20],"current_hp_per_floor":[64,64,64,64,64,64,69,69,69,69,50,46,46,46,46,35,66,40,26,26,26,5,27,0,0],"gold":25,"neow_bonus":"THREE_ENEMY_KILL","is_daily":false,"chose_seed":false,"campfire_upgraded":3,"win_rate":0.0,"timestamp":1609724313,"path_taken":["M","?","M","?","$","R","?","M","T","R","E","?","M","M","R","BOSS","M","M","$","?","M","R","E"],"items_purchased_type":["Potion","Card","Card","Card"],"build_version":"2020-12-22","purchased_purges":2,"victory":false,"max_hp_per_floor":[71,71,71,71,71,71,76,76,76,76,76,76,76,76,76,76,76,76,76,76,76,76,76,76,76],"relic_stats":{"counters":[12,46],"obtain_stats":[{"Matryoshka":11,"NeowsBlessing":0,"Cracked Core":0,"InkBottle":9,"Runic Pyramid":17},{"Matryoshka":4,"NeowsBlessing":0,"Cracked Core":0,"InkBottle":3,"Runic Pyramid":8},{"Matryoshka":9,"NeowsBlessing":0,"Cracked Core":0,"InkBottle":3,"Runic Pyramid":28}],"InkBottle":[19]},"card_choices":[{"not_picked":["Compile Driver","Go for the Eyes"],"picked":"FTL","floor":1.0},{"not_picked":["Go for the Eyes","Beam Cell"],"picked":"Sweeping Beam","floor":3.0},{"not_picked":["Leap","Loop"],"picked":"Coolheaded","floor":8.0},{"not_picked":["Fusion","Beam Cell","Sunder"],"picked":"SKIP","floor":11.0},{"not_picked":["Sweeping Beam","Sunder"],"picked":"Go for the Eyes","floor":12.0},{"not_picked":["Scrape","Reinforced Body"],"picked":"Ball Lightning","floor":13.0},{"not_picked":["Lockon","Redo"],"picked":"Genetic Algorithm","floor":14.0},{"not_picked":["Seek","Core Surge"],"picked":"Machine Learning","floor":16.0},{"not_picked":["Barrage+1","Compile Driver+1"],"picked":"Recycle","floor":18.0},{"not_picked":["Stack","Reprogram"],"picked":"Gash","floor":19.0},{"not_picked":["Go for the Eyes+1","Scrape","Stack"],"picked":"SKIP","floor":22}],"player_experience":1464440,"relics_obtained":[{"floor":9.0,"key":"InkBottle"},{"floor":11.0,"key":"Matryoshka"}],"event_choices":[{"damage_healed":0.0,"max_hp_gain":0.0,"max_hp_loss":0.0,"gold_gain":0.0,"event_name":"Living Wall","player_choice":"Grow","floor":2.0,"gold_loss":0.0,"damage_taken":0.0,"cards_upgraded":["Zap"]},{"damage_healed":0.0,"max_hp_gain":0.0,"max_hp_loss":0.0,"gold_gain":150.0,"event_name":"Liars Game","player_choice":"AGREE","floor":4.0,"gold_loss":0.0,"damage_taken":0.0,"cards_obtained":["Doubt"]},{"damage_healed":0.0,"max_hp_gain":5.0,"max_hp_loss":0.0,"gold_gain":0.0,"event_name":"Big Fish","player_choice":"Donut","floor":7.0,"gold_loss":0.0,"damage_taken":0.0},{"damage_healed":0.0,"max_hp_gain":0.0,"max_hp_loss":0.0,"gold_gain":0.0,"event_name":"Duplicator","player_choice":"Copied","floor":21.0,"gold_loss":0.0,"damage_taken":0.0,"cards_obtained":["Coolheaded"]}],"is_beta":false,"boss_relics":[{"not_picked":["Coffee Dripper","Runic Dome"],"picked":"Runic Pyramid"}],"items_purged_floors":[5,20],"is_endless":false,"potions_floor_spawned":[8,14,18],"killed_by":"Book of Stabbing","ascension_level":20}}