{"host":"d7qmn60fs48wu5y6","time":1609718937,"event":{"mods":["BaseMod","Downfall","Marisa????????","Minty Spire (QoL Compilation)","Shade Mod","StSLib","The Bug Knight","The Cursed","The Necromancer","The Servant 0.9.4"],"gold_per_floor":[119,129,129,146,146,173,173,207,207,236,248,278,80,91,91,190,190,205,218,143,160,14,14,42,42,42,56,56,56,72,89,89,188,188,207,226,226,226],"floor_reached":37,"playtime":1275,"items_purged":["Strike_R"],"score":432,"play_id":"913ee09f-328d-4a9a-aafe-1734913ded9a","local_time":"20210103160857","is_ascension_mode":true,"campfire_choices":[{"floor":7,"key":"REST"},{"data":"Forethought","floor":15,"key":"SMITH"},{"floor":23,"key":"RECALL"},{"floor":25,"key":"REST"},{"data":"True Grit","floor":28,"key":"SMITH"},{"floor":32,"key":"REST"}],"circlet_count":0,"master_deck":["Strike_R","Strike_R","Strike_R+1","Defend_R","Defend_R","Defend_R","Defend_R","Bash+1","Headbutt","Inflame","Whirlwind+1","Shockwave","Heavy Blade","Pummel","Iron Wave","Forethought+1","Feel No Pain+1","Clothesline","Juggernaut+1","Reckless Charge","Pommel Strike+1","Evolve+1","True Grit+1","Juggernaut+1"],"relics":["Burning Blood","Self Forming Clay","Frozen Egg 2","Akabeko","Busted Crown","Membership Card","Matryoshka","HollowMod:PaleOreRelic","Pantograph","SacredBark"],"acts_visited":["Exordium","TheCity","TheBeyond"],"potions_floor_usage":[6,16,19,24,27,30,33,36],"damage_taken":[{"damage":6,"enemies":"Cultist","floor":1,"turns":3},{"damage":6,"enemies":"2 Louse","floor":2,"turns":2},{"damage":6,"enemies":"Jaw Worm","floor":4,"turns":3},{"damage":18,"enemies":"3 Sentries","floor":6,"turns":3},{"damage":6,"enemies":"Gremlin Nob","floor":8,"turns":3},{"damage":31,"enemies":"3 Sentries","floor":10,"turns":5},{"damage":0,"enemies":"Exordium Wildlife","floor":11,"turns":2},{"damage":3,"enemies":"Gremlin Gang","floor":14,"turns":3},{"damage":41,"enemies":"The Guardian","floor":16,"turns":13},{"damage":10,"enemies":"Chosen","floor":18,"turns":5},{"damage":10,"enemies":"2 Thieves","floor":19,"turns":2},{"damage":0,"enemies":"Snecko","floor":21,"turns":4},{"damage":47,"enemies":"Slavers","floor":24,"turns":5},{"damage":18,"enemies":"3 Cultists","floor":27,"turns":5},{"damage":14,"enemies":"Centurion and Healer","floor":30,"turns":5},{"damage":0,"enemies":"Sentry and Sphere","floor":31,"turns":1},{"damage":81,"enemies":"Automaton","floor":33,"turns":9},{"damage":6,"enemies":"3 Shapes","floor":35,"turns":4},{"damage":17,"enemies":"3 Darklings","floor":36,"turns":5},{"damage":79,"enemies":"Orin","floor":37,"turns":6}],"seed_played":"-7091434332044031146","potions_obtained":[{"floor":2,"key":"SkillPotion"},{"floor":10,"key":"Ancient Potion"},{"floor":14,"key":"sneckomod:MuddlingPotion"},{"floor":16,"key":"Fruit Juice"},{"floor":24,"key":"Swift Potion"},{"floor":27,"key":"hexamod:EctoCoolerPotion"},{"floor":31,"key":"Swift Potion"},{"floor":35,"key":"AttackPotion"}],"is_trial":false,"path_per_floor":["M","M","?","M","?","E","R","E","T","E","M","?","$","M","R","B",null,"M","M","?","M","$","R","E","R","T","M","R","?","M","M","R","B",null,"M","M","?"],"character_chosen":"IRONCLAD","items_purchased":["Forethought","Feel No Pain+1","Membership Card"],"campfire_rested":3,"item_purchase_floors":[13,13,22],"current_hp_per_floor":[80,80,85,85,68,56,81,81,81,56,62,62,62,65,65,35,90,86,82,82,88,88,88,47,74,74,62,62,56,48,54,81,15,90,90,79,0,0],"gold":226,"neow_bonus":"UPGRADE_CARD","is_daily":false,"chose_seed":false,"campfire_upgraded":2,"win_rate":0.0,"timestamp":1609718937,"path_taken":["M","M","?","M","?","E","R","E","T","E","M","?","$","?","R","BOSS","M","?","?","M","$","R","E","R","T","M","R","?","M","M","R","BOSS","M","M","?"],"items_purchased_type":["Card","Card","Relic"],"build_version":"2020-12-22","purchased_purges":1,"victory":false,"max_hp_per_floor":[80,80,85,85,85,85,85,85,85,85,85,85,85,85,85,90,90,90,90,90,90,90,90,90,90,90,90,90,90,90,90,90,90,90,90,90,90,90],"card_choices":[{"not_picked":["Warcry","Sword Boomerang"],"picked":"Headbutt","floor":1},{"not_picked":["Disarm","Metallicize"],"picked":"Inflame","floor":2},{"not_picked":["Perfected Strike","Spot Weakness"],"picked":"Whirlwind","floor":4},{"not_picked":["Thunderclap","Cleave"],"picked":"Shockwave","floor":6},{"not_picked":["True Grit","Seeing Red"],"picked":"Heavy Blade","floor":8},{"not_picked":["Dual Wield","Warcry"],"picked":"Pummel","floor":10},{"not_picked":["Perfected Strike","Disarm"],"picked":"Iron Wave","floor":11},{"not_picked":["Disarm","Heavy Blade"],"picked":"Clothesline","floor":14},{"not_picked":["Brutality+1","Impervious"],"picked":"Juggernaut+1","floor":16},{"not_picked":[],"picked":"Reckless Charge","floor":18},{"not_picked":["Clothesline"],"picked":"SKIP","floor":19},{"not_picked":[],"picked":"Pommel Strike+1","floor":21},{"not_picked":[],"picked":"Evolve+1","floor":24},{"not_picked":[],"picked":"True Grit","floor":27},{"not_picked":["Clash"],"picked":"SKIP","floor":30},{"not_picked":["Thunderclap"],"picked":"SKIP","floor":31},{"not_picked":[],"picked":"Juggernaut+1","floor":33},{"not_picked":["Sword Boomerang"],"picked":"SKIP","floor":35},{"not_picked":["Flex"],"picked":"SKIP","floor":36}],"player_experience":900953,"relics_obtained":[{"floor":6,"key":"Self Forming Clay"},{"floor":8,"key":"Frozen Egg 2"},{"floor":10,"key":"Akabeko"},{"floor":24,"key":"Matryoshka"},{"floor":26,"key":"HollowMod:PaleOreRelic"},{"floor":26,"key":"Pantograph"}],"event_choices":[{"damage_healed":0,"gold_gain":0,"player_choice":"Donut","damage_taken":0,"max_hp_gain":5,"max_hp_loss":0,"event_name":"Big Fish","floor":3,"gold_loss":0},{"damage_healed":0,"gold_gain":0,"player_choice":"Entered Light","damage_taken":17,"max_hp_gain":0,"max_hp_loss":0,"event_name":"Shining Light","floor":5,"gold_loss":0,"cards_upgraded":["Strike_R","Whirlwind"]},{"damage_healed":0,"gold_gain":30,"player_choice":"Searched \u00271\u0027 times","damage_taken":0,"max_hp_gain":0,"max_hp_loss":0,"event_name":"Dead Adventurer","floor":12,"gold_loss":0},{"cards_removed":["Strike_R"],"damage_healed":0,"gold_gain":0,"player_choice":"Gave Gold","damage_taken":0,"max_hp_gain":0,"max_hp_loss":0,"event_name":"Beggar","floor":20,"gold_loss":75},{"damage_healed":0,"gold_gain":0,"player_choice":"","damage_taken":6,"max_hp_gain":0,"max_hp_loss":0,"event_name":"Knowing Skull","floor":29,"potions_obtained":[],"gold_loss":0,"cards_obtained":[]},{"damage_healed":0,"gold_gain":0,"player_choice":"Fight","damage_taken":0,"max_hp_gain":0,"max_hp_loss":0,"event_name":"OrinTheCat","floor":37,"gold_loss":0}],"is_beta":false,"boss_relics":[{"not_picked":["Runic Pyramid","Sozu"],"picked":"Busted Crown"},{"not_picked":["Runic Dome","Velvet Choker"],"picked":"SacredBark"}],"items_purged_floors":[13],"is_endless":false,"potions_floor_spawned":[2,10,14,16,18,24,27,31,35],"killed_by":"Orin","ascension_level":1}}