{"host":"iml8x8es9od4zowg","time":1609764369,"event":{"mods":["2.2 Compatiblity","BaseMod","Marisa£¨Ùöéë¡¡Øª×âÞÞ£©","Minty Spire (QoL Compilation)","StSLib","Td1madao Mod","The Jungle","¡¼?Úª?ø«¡½REMEMod"],"gold_per_floor":[17,17,17,33,49,88,88,126,126,139,154,174,174,199,199,324,324,337,350,350,30,180,180,180,214,214,267,42,42,70,104,104,237,237,257,329,338,366,391,435,435,456,456,456,496,496,796,823,823,823,823,823,76,116,116],"floor_reached":56,"playtime":3485,"items_purged":["Strike_G","Strike_G"],"score":1455,"play_id":"5e8271d6-5b44-4436-9c5f-81a86c58c245","local_time":"20210104214609","is_ascension_mode":true,"campfire_choices":[{"floor":7,"key":"REST"},{"floor":15,"key":"REST"},{"data":"Calculated Gamble","floor":24,"key":"SMITH"},{"data":"REME_GreenPollution","floor":29,"key":"SMITH"},{"data":"REME_GreenPollution","floor":32,"key":"SMITH"},{"floor":41,"key":"RECALL"},{"data":"Secret Technique","floor":44,"key":"SMITH"},{"data":"Acrobatics","floor":46,"key":"SMITH"},{"data":"Acrobatics","floor":49,"key":"SMITH"},{"data":"Tactician","floor":52,"key":"SMITH"}],"circlet_count":0,"master_deck":["Strike_G","Defend_G","Defend_G","Defend_G","Defend_G","Survivor","Neutralize","REME_GreenPollution+1","Finisher","Panache","REME_GreenPollution+1","Acrobatics+1","Unload","Prepared","All Out Attack","PiercingWail","Prepared","Acrobatics+1","Adrenaline","Outmaneuver","Calculated Gamble+1","Catalyst","Flash of Steel+1","Outmaneuver","Madness","Tactician+1","Storm of Steel","REME_ShortnessOfBreath","Secret Technique+1","Prepared+1","Escape Plan+1"],"relics":["Ring of the Snake","REME_ComplimentaryCards","Golden Idol","REME_LimitBreaker","Shovel","Shuriken","REME_LowDesire","Orichalcum","MealTicket","White Beast Statue","Snake Skull","REME_HourglassOfDeath","CeramicFish","Art of War","StrikeDummy","Busted Crown","Gambling Chip","TungstenRod","Eternal Feather","Happy Flower","Ornamental Fan","Sundial","TwistedFunnel","Bronze Scales"],"acts_visited":["Exordium","Exordium","TheBeyond","TheEnding"],"potions_floor_usage":[6,11,31,55,55,55],"damage_taken":[{"damage":1,"enemies":"Cultist","floor":1,"turns":4},{"damage":1,"enemies":"Jaw Worm","floor":4,"turns":4},{"damage":0,"enemies":"2 Louse","floor":5,"turns":3},{"damage":21,"enemies":"3 Sentries","floor":6,"turns":7},{"damage":22,"enemies":"Gremlin Nob","floor":8,"turns":4},{"damage":3,"enemies":"Large Slime","floor":10,"turns":4},{"damage":0,"enemies":"Looter","floor":11,"turns":2},{"damage":2,"enemies":"Lots of Slimes","floor":12,"turns":3},{"damage":0,"enemies":"Large Slime","floor":14,"turns":4},{"damage":28,"enemies":"The Guardian","floor":16,"turns":7},{"damage":15,"enemies":"theJungle:Flameango_and_Byrd","floor":18,"turns":3},{"damage":3,"enemies":"theJungle:5_Spyders","floor":19,"turns":5},{"damage":0,"enemies":"theJungle:MamaSnecko","floor":25,"turns":3},{"damage":15,"enemies":"theJungle:Cassacara","floor":27,"turns":3},{"damage":0,"enemies":"theJungle:Lyon","floor":30,"turns":2},{"damage":1,"enemies":"theJungle:2_Phrogs","floor":31,"turns":4},{"damage":1,"enemies":"theJungle:QueenSpyder","floor":33,"turns":5},{"damage":0,"enemies":"3 Shapes","floor":35,"turns":1},{"damage":0,"enemies":"Mind Bloom Boss Battle","floor":36,"turns":3},{"damage":1,"enemies":"Orb Walker","floor":38,"turns":2},{"damage":11,"enemies":"4 Shapes","floor":39,"turns":3},{"damage":0,"enemies":"Nemesis","floor":40,"turns":3},{"damage":13,"enemies":"Spire Growth","floor":42,"turns":3},{"damage":11,"enemies":"Reptomancer","floor":45,"turns":3},{"damage":5,"enemies":"3 Darklings","floor":48,"turns":2},{"damage":24,"enemies":"Donu and Deca","floor":50,"turns":3},{"damage":21,"enemies":"Shield and Spear","floor":54,"turns":3},{"damage":0,"enemies":"The Heart","floor":55,"turns":5}],"seed_played":"-9124745655983929865","potions_obtained":[{"floor":5,"key":"CultistPotion"},{"floor":10,"key":"FearPotion"},{"floor":16,"key":"Dexterity Potion"},{"floor":25,"key":"Fire Potion"},{"floor":27,"key":"Block Potion"},{"floor":30,"key":"Weak Potion"},{"floor":31,"key":"Energy Potion"},{"floor":35,"key":"GhostInAJar"},{"floor":36,"key":"Ancient Potion"}],"is_trial":false,"path_per_floor":["M","?","?","M","M","E","R","E","T","M","M","M","?","M","R","B",null,"M","M","?","$","?","?","R","E","T","E","$","R","M","E","R","B",null,"M","?","?","M","M","E","R","M","T","R","E","R","?","M","R","B",null,"R","$","E","B",null],"character_chosen":"THE_SILENT","items_purchased":["White Beast Statue","Catalyst","Art of War","Ornamental Fan","Sundial","TwistedFunnel"],"campfire_rested":2,"item_purchase_floors":[21,21,28,53,53,53],"current_hp_per_floor":[69,65,53,52,52,31,50,28,28,25,25,23,23,23,42,14,65,50,47,56,65,65,65,65,65,65,50,65,65,65,64,64,63,65,65,65,65,64,53,53,53,40,40,58,47,65,65,60,65,41,65,65,65,44,44],"gold":116,"neow_bonus":"TRANSFORM_TWO_CARDS","is_daily":false,"chose_seed":false,"campfire_upgraded":7,"win_rate":0.0,"timestamp":1609764369,"path_taken":["M","?","?","M","M","E","R","E","T","M","M","M","?","M","R","BOSS","M","M","?","$","?","?","R","E","T","E","?","R","M","E","R","BOSS","M","?","?","?","M","E","R","M","T","R","E","R","?","?","R","BOSS","R","$","E","BOSS"],"items_purchased_type":["Relic","Card","Relic","Relic","Relic","Relic"],"build_version":"2020-12-22","purchased_purges":2,"victory":true,"max_hp_per_floor":[70,65,65,65,65,65,65,65,65,65,65,65,65,65,65,65,65,65,65,65,65,65,65,65,65,65,65,65,65,65,65,65,65,65,65,65,65,65,65,65,65,65,65,65,65,65,65,65,65,65,65,65,65,65,65],"card_choices":[{"not_picked":["Sucker Punch","Flying Knee","Catalyst"],"picked":"SKIP","floor":1},{"not_picked":["Sucker Punch","Flying Knee","Catalyst"],"picked":"SKIP","floor":1},{"not_picked":["Underhanded Strike","Deadly Poison"],"picked":"REME_GreenPollution","floor":4},{"not_picked":["Bane","Cloak And Dagger"],"picked":"Acrobatics","floor":5},{"not_picked":["Blade Dance","Noxious Fumes"],"picked":"Unload","floor":6},{"not_picked":["Deflect","Bane"],"picked":"Prepared","floor":8},{"not_picked":["Bane","Accuracy"],"picked":"All Out Attack","floor":10},{"not_picked":["Flying Knee","Bane"],"picked":"PiercingWail","floor":11},{"not_picked":["Infinite Blades","PiercingWail"],"picked":"Prepared","floor":12},{"not_picked":["Expertise","Deadly Poison"],"picked":"Acrobatics","floor":14},{"not_picked":["Die Die Die","Night Terror"],"picked":"Adrenaline","floor":16},{"not_picked":["All Out Attack","Noxious Fumes+1","The Bomb"],"picked":"Outmaneuver","floor":18},{"not_picked":["Cloak And Dagger","PiercingWail","REME_ShortnessOfBreath+1"],"picked":"Calculated Gamble","floor":19},{"not_picked":["All Out Attack","A Thousand Cuts","Skewer","REME_ProfessionalPlagiarism"],"picked":"SKIP","floor":25},{"not_picked":["Bouncing Flask","Blur","REME_GrazeFinale"],"picked":"Flash of Steel+1","floor":27},{"not_picked":["Dagger Throw","Blade Dance","Finesse"],"picked":"Outmaneuver","floor":30},{"not_picked":["Cloak And Dagger","Blade Dance","Heel Hook","Purity"],"picked":"SKIP","floor":31},{"not_picked":["Venomology","Malaise","Grand Finale"],"picked":"Madness","floor":33},{"not_picked":["Slice+1","Secret Weapon"],"picked":"SKIP","floor":35},{"not_picked":["Dark Shackles"],"picked":"Tactician","floor":36},{"not_picked":["Blade Dance+1"],"picked":"REME_ShortnessOfBreath","floor":38},{"not_picked":["Dagger Throw"],"picked":"Secret Technique","floor":39},{"not_picked":["Leg Sweep+1","The Bomb"],"picked":"SKIP","floor":40},{"not_picked":["Deflect+1","Forethought+1"],"picked":"SKIP","floor":42},{"not_picked":["Dodge and Roll+1","REME_AllRoundStrike"],"picked":"SKIP","floor":45},{"not_picked":["Flash of Steel"],"picked":"Prepared+1","floor":48},{"not_picked":["Finesse"],"picked":"Escape Plan+1","floor":54}],"player_experience":515318,"relics_obtained":[{"floor":6,"key":"Shovel"},{"floor":8,"key":"Shuriken"},{"floor":17,"key":"Orichalcum"},{"floor":17,"key":"MealTicket"},{"floor":25,"key":"Snake Skull"},{"floor":26,"key":"REME_HourglassOfDeath"},{"floor":27,"key":"CeramicFish"},{"floor":31,"key":"StrikeDummy"},{"floor":36,"key":"Gambling Chip"},{"floor":40,"key":"TungstenRod"},{"floor":43,"key":"Eternal Feather"},{"floor":45,"key":"Happy Flower"},{"floor":54,"key":"Bronze Scales"}],"event_choices":[{"damage_healed":0,"gold_gain":0,"player_choice":"Lose Max HP","damage_taken":0,"relics_obtained":["Golden Idol"],"max_hp_gain":0,"max_hp_loss":5,"event_name":"Golden Idol","floor":2,"gold_loss":0},{"damage_healed":0,"gold_gain":0,"player_choice":"Success","damage_taken":12,"relics_obtained":["REME_LimitBreaker"],"max_hp_gain":0,"max_hp_loss":0,"event_name":"Scrap Ooze","floor":3,"gold_loss":0},{"cards_removed":["Strike_G"],"damage_healed":0,"gold_gain":0,"player_choice":"Forget","damage_taken":0,"max_hp_gain":0,"max_hp_loss":0,"event_name":"Living Wall","floor":13,"gold_loss":0},{"damage_healed":0,"gold_gain":0,"player_choice":"Fight","damage_taken":0,"max_hp_gain":0,"max_hp_loss":0,"event_name":"MindBloom","floor":36,"gold_loss":0},{"damage_healed":0,"gold_gain":0,"player_choice":"1 cards matched","damage_taken":0,"max_hp_gain":0,"max_hp_loss":0,"event_name":"Match and Keep!","floor":37,"gold_loss":0,"cards_obtained":["Storm of Steel"]},{"damage_healed":0,"gold_gain":300,"player_choice":"Gold","damage_taken":0,"max_hp_gain":0,"max_hp_loss":0,"event_name":"Wheel of Change","floor":47,"gold_loss":0}],"is_beta":false,"boss_relics":[{"not_picked":["Ectoplasm","REME_DemonsWealth"],"picked":"REME_LowDesire"},{"not_picked":["Philosopher\u0027s Stone","Coffee Dripper"],"picked":"Busted Crown"}],"items_purged_floors":[28,53],"is_endless":false,"potions_floor_spawned":[5,10,16,25,27,30,31,33,35,36,38,39,40,42,45,48,54],"ascension_level":1}}