{"host":"vlqejv0notyktumz","time":1609721345,"event":{"mods":["AchievementEnabler","BaseMod","Googly Eyes","Minty Spire (QoL Compilation)"],"gold_per_floor":[119,294,312,324,24,24,54,64,64,75,94,69,46,46,46,174,174,188,368,228,327,348,348,348,366,418,432,432,432,432,451,451,451,451],"floor_reached":33,"playtime":792,"items_purged":["Doubt","Defend_B"],"score":346,"play_id":"a0b110a9-f834-4c74-a877-77d6af7b00ab","local_time":"20210103184905","is_ascension_mode":true,"campfire_choices":[{"data":"Glacier","floor":6,"key":"SMITH"},{"data":"Leap","floor":15,"key":"SMITH"},{"data":"1","floor":24,"key":"LIFT"},{"floor":29,"key":"REST"},{"floor":32,"key":"REST"}],"circlet_count":0,"master_deck":["Strike_B","Strike_B","Strike_B","Defend_B","Defend_B","Defend_B","Zap","Dualcast","Streamline","Glacier+1","Sweeping Beam","Beam Cell","Conserve Battery","FTL","Ball Lightning","Leap+1","Injury","Multi-Cast","CurseOfTheBell","Conserve Battery+1","Lockon","Ball Lightning","Ball Lightning","Ball Lightning"],"relics":["Cracked Core","Lizard Tail","Vajra","Shuriken","Symbiotic Virus","Golden Idol","Calling Bell","Bag of Preparation","Sundial","Girya","Toy Ornithopter","MutagenicStrength","White Beast Statue"],"acts_visited":["Exordium","TheCity"],"potions_floor_usage":[11,16,16,31,33],"damage_taken":[{"damage":2,"enemies":"2 Louse","floor":1,"turns":3},{"damage":2,"enemies":"Jaw Worm","floor":3,"turns":3},{"damage":0,"enemies":"Small Slimes","floor":4,"turns":3},{"damage":23,"enemies":"3 Sentries","floor":7,"turns":7},{"damage":1,"enemies":"2 Fungi Beasts","floor":8,"turns":3},{"damage":7,"enemies":"3 Louse","floor":10,"turns":2},{"damage":19,"enemies":"Exordium Thugs","floor":11,"turns":4},{"damage":40,"enemies":"Hexaghost","floor":16,"turns":12},{"damage":10,"enemies":"Shell Parasite","floor":18,"turns":8},{"damage":9,"enemies":"Spheric Guardian","floor":22,"turns":4},{"damage":4,"enemies":"Centurion and Healer","floor":25,"turns":7},{"damage":9,"enemies":"Cultist and Chosen","floor":27,"turns":4},{"damage":30,"enemies":"Shelled Parasite and Fungi","floor":31,"turns":3},{"damage":32,"enemies":"Collector","floor":33,"turns":3}],"seed_played":"1582674839324435991","potions_obtained":[{"floor":7,"key":"GamblersBrew"},{"floor":10,"key":"Regen Potion"},{"floor":11,"key":"SkillPotion"},{"floor":27,"key":"FearPotion"},{"floor":31,"key":"Explosive Potion"}],"is_trial":false,"path_per_floor":["M","?","M","M","$","R","E","M","T","M","M","$","?","?","R","B",null,"M","?","$","?","M","?","R","M","T","M","?","R","T","M","R","B"],"character_chosen":"DEFECT","items_purchased":["Vajra","Sweeping Beam","Beam Cell","Leap","Lockon"],"campfire_rested":2,"item_purchase_floors":[5,5,5,12,20],"current_hp_per_floor":[66,66,64,64,64,64,41,40,40,33,26,26,26,26,26,26,58,48,29,29,29,20,20,20,16,16,7,7,27,27,2,22,0,0],"gold":451,"neow_bonus":"ONE_RARE_RELIC","is_daily":false,"chose_seed":false,"campfire_upgraded":2,"win_rate":0.0,"timestamp":1609721345,"path_taken":["M","?","M","M","?","R","E","M","T","M","M","$","?","?","R","BOSS","M","?","?","?","M","?","R","M","T","?","?","R","?","M","R","BOSS"],"items_purchased_type":["Relic","Card","Card","Card","Card"],"build_version":"2020-12-22","purchased_purges":2,"victory":false,"max_hp_per_floor":[68,68,68,68,68,68,68,68,68,68,68,68,68,68,68,68,68,68,68,68,68,68,68,68,68,68,68,68,68,68,68,68,68,68],"card_choices":[{"not_picked":["Coolheaded","Hello World"],"picked":"Streamline","floor":1},{"not_picked":["Force Field","Steam Power"],"picked":"Glacier","floor":3},{"not_picked":["Steam","Aggregate","Streamline"],"picked":"SKIP","floor":4},{"not_picked":["Streamline","Reboot"],"picked":"Conserve Battery","floor":7},{"not_picked":["Coolheaded","Beam Cell"],"picked":"FTL","floor":8},{"not_picked":["Cold Snap","Stack","Sweeping Beam"],"picked":"SKIP","floor":10},{"not_picked":["Redo","Scrape"],"picked":"Ball Lightning","floor":11},{"not_picked":["Machine Learning","Echo Form"],"picked":"Multi-Cast","floor":16},{"not_picked":["Gash","Steam"],"picked":"Conserve Battery+1","floor":18},{"not_picked":["Cold Snap","Gash","Steam"],"picked":"SKIP","floor":22},{"not_picked":["Static Discharge+1","Blizzard"],"picked":"Ball Lightning","floor":25},{"not_picked":["Go for the Eyes","Cold Snap+1"],"picked":"Ball Lightning","floor":27},{"not_picked":["Core Surge","Conserve Battery"],"picked":"Ball Lightning","floor":31}],"player_experience":283621,"relics_obtained":[{"floor":7,"key":"Shuriken"},{"floor":9,"key":"Symbiotic Virus"},{"floor":17,"key":"Bag of Preparation"},{"floor":17,"key":"Sundial"},{"floor":17,"key":"Girya"},{"floor":26,"key":"Toy Ornithopter"},{"floor":30,"key":"White Beast Statue"}],"event_choices":[{"damage_healed":0,"gold_gain":175,"player_choice":"AGREE","damage_taken":0,"max_hp_gain":0,"max_hp_loss":0,"event_name":"Liars Game","floor":2,"gold_loss":0,"cards_obtained":["Doubt"]},{"damage_healed":0,"gold_gain":0,"player_choice":"Left Gold","damage_taken":0,"max_hp_gain":0,"max_hp_loss":0,"event_name":"World of Goop","floor":13,"gold_loss":23},{"damage_healed":0,"gold_gain":0,"player_choice":"Take Wound","damage_taken":0,"relics_obtained":["Golden Idol"],"max_hp_gain":0,"max_hp_loss":0,"event_name":"Golden Idol","floor":14,"gold_loss":0,"cards_obtained":["Injury"]},{"damage_healed":0,"gold_gain":180,"player_choice":"GOLD GOLD ","damage_taken":19,"max_hp_gain":0,"max_hp_loss":0,"event_name":"Knowing Skull","floor":19,"potions_obtained":[],"gold_loss":0,"cards_obtained":[]},{"damage_healed":0,"gold_gain":99,"player_choice":"Stole From Cult","damage_taken":0,"max_hp_gain":0,"max_hp_loss":0,"event_name":"Nest","floor":21,"gold_loss":0},{"cards_removed":["Strike_B"],"damage_healed":0,"gold_gain":0,"player_choice":"Elegance","damage_taken":0,"max_hp_gain":0,"max_hp_loss":0,"event_name":"Back to Basics","floor":23,"gold_loss":0},{"damage_healed":0,"gold_gain":0,"player_choice":"Inject Mutagens","damage_taken":0,"relics_obtained":["MutagenicStrength"],"max_hp_gain":0,"max_hp_loss":0,"event_name":"Drug Dealer","floor":28,"gold_loss":0}],"is_beta":false,"boss_relics":[{"not_picked":["Astrolabe","Cursed Key"],"picked":"Calling Bell"}],"items_purged_floors":[5,20],"is_endless":false,"potions_floor_spawned":[7,10,11,27,31],"killed_by":"Collector","ascension_level":6}}