{"host":"qj91dvco5uhu9oti","time":1609757435,"event":{"mods":["BaseMod","Colored Map","Keyboard Shortcuts","Minty Spire (QoL Compilation)","Permanent Neow","Relic Stats","StSLib","SuperFastMode","everything is the same but u backflip on backflip"],"gold_per_floor":[19,119,134,134,134,150,150,171,171,196,196,231,249,269,269,269,269],"floor_reached":16,"playtime":456,"items_purged":[],"score":104,"play_id":"384949b3-dd65-4f7a-af1d-491b04aef088","local_time":"20210104195035","is_ascension_mode":false,"campfire_choices":[{"data":"Neutralize","floor":7,"key":"SMITH"},{"data":"Survivor","floor":11,"key":"SMITH"},{"data":"Tactician","floor":15,"key":"SMITH"}],"circlet_count":0,"master_deck":["Strike_G","Strike_G","Strike_G","Strike_G","Defend_G","Defend_G","Defend_G","Defend_G","Survivor+1","Neutralize+1","Backflip","Reflex","Escape Plan","Caltrops+1","Tactician+1"],"relics":["Ring of the Snake","Frozen Egg 2","Golden Idol","Anchor","Mummified Hand"],"acts_visited":["Exordium"],"potions_floor_usage":[16,16],"damage_taken":[{"damage":2,"enemies":"Jaw Worm","floor":1,"turns":5},{"damage":0,"enemies":"Cultist","floor":3,"turns":4},{"damage":0,"enemies":"Small Slimes","floor":6,"turns":5},{"damage":0,"enemies":"Blue Slaver","floor":8,"turns":5},{"damage":6,"enemies":"Exordium Thugs","floor":10,"turns":7},{"damage":17,"enemies":"3 Sentries","floor":12,"turns":10},{"damage":6,"enemies":"Large Slime","floor":13,"turns":8},{"damage":0,"enemies":"2 Fungi Beasts","floor":14,"turns":4},{"damage":16,"enemies":"Hexaghost","floor":16,"turns":10}],"seed_played":"-7671949219232511979","potions_obtained":[{"floor":8,"key":"AttackPotion"},{"floor":12,"key":"SpeedPotion"},{"floor":13,"key":"CunningPotion"}],"is_trial":false,"path_per_floor":["M","?","M","?","?","M","R","M","T","M","R","E","M","M","R","B"],"character_chosen":"THE_SILENT","items_purchased":[],"campfire_rested":0,"item_purchase_floors":[],"current_hp_per_floor":[68,68,68,43,43,43,43,43,43,37,37,20,14,14,14,0,0],"gold":269,"neow_bonus":"REMOVE_TWO","is_daily":false,"chose_seed":true,"campfire_upgraded":3,"win_rate":0.0,"timestamp":1609757435,"path_taken":["M","?","?","?","?","M","R","M","T","M","R","E","M","M","R","BOSS"],"items_purchased_type":[],"build_version":"2020-12-22","purchased_purges":0,"victory":false,"max_hp_per_floor":[70,70,70,70,65,65,65,65,65,65,65,65,65,65,65,65,65],"relic_stats":{"counters":[9,58],"Golden Idol":27,"Mummified Hand":[3],"obtain_stats":[{"Anchor":9,"Golden Idol":5,"Mummified Hand":12,"Frozen Egg 2":4,"Ring of the Snake":0},{"Anchor":4,"Golden Idol":2,"Mummified Hand":6,"Frozen Egg 2":2,"Ring of the Snake":0},{"Anchor":19,"Golden Idol":9,"Mummified Hand":36,"Frozen Egg 2":9,"Ring of the Snake":0}],"Ring of the Snake":[18]},"card_choices":[{"not_picked":["Dagger Throw","Outmaneuver"],"picked":"Backflip","floor":1},{"not_picked":["Deflect","Slice"],"picked":"Reflex","floor":3},{"not_picked":["All Out Attack","Deflect"],"picked":"Escape Plan","floor":6},{"not_picked":["Infinite Blades+1","Slice"],"picked":"Caltrops+1","floor":8},{"not_picked":["Quick Slash","Blade Dance","Envenom+1"],"picked":"SKIP","floor":10},{"not_picked":["Outmaneuver","Riddle With Holes","Bouncing Flask"],"picked":"SKIP","floor":12},{"not_picked":["Dodge and Roll","Expertise","Leg Sweep"],"picked":"SKIP","floor":13},{"not_picked":["Riddle With Holes","Well Laid Plans+1"],"picked":"Tactician","floor":14}],"player_experience":340956,"relics_obtained":[{"floor":9,"key":"Anchor"},{"floor":12,"key":"Mummified Hand"}],"event_choices":[{"damage_healed":0,"gold_gain":100,"player_choice":"Pray","damage_taken":0,"max_hp_gain":0,"max_hp_loss":0,"event_name":"Golden Shrine","floor":2,"gold_loss":0},{"damage_healed":0,"gold_gain":0,"player_choice":"Success","damage_taken":25,"relics_obtained":["Frozen Egg 2"],"max_hp_gain":0,"max_hp_loss":0,"event_name":"Scrap Ooze","floor":4,"gold_loss":0},{"damage_healed":0,"gold_gain":0,"player_choice":"Lose Max HP","damage_taken":0,"relics_obtained":["Golden Idol"],"max_hp_gain":0,"max_hp_loss":5,"event_name":"Golden Idol","floor":5,"gold_loss":0}],"is_beta":false,"boss_relics":[],"items_purged_floors":[],"is_endless":false,"potions_floor_spawned":[8,12,13],"killed_by":"Hexaghost","ascension_level":0}}