{"host":"a6uhpg2a2i425edt","time":1609758542,"event":{"mods":["Arknights The Spire","BaseMod","Colored Map","Minty Spire (QoL Compilation)","StSLib"],"gold_per_floor":[111,121,196,208,225,251,251,264,290,290,317,267,287,313,313,413,413,423,436,436,119,129,164,64,95,95,105,131,147,167,181,181,285,285,304,179,179,179,196,225,245,257,257,257,283,127,156,167,167,167,167,167,35,63,63],"floor_reached":56,"playtime":3434,"items_purged":["Strike_R","Strike_R","Strike_R"],"score":1373,"play_id":"fb58f4de-dc0d-43a7-a105-a821e9e1278f","local_time":"20210104190902","is_ascension_mode":true,"campfire_choices":[{"data":"Carnage","floor":7.0,"key":"SMITH"},{"data":"Bash","floor":10.0,"key":"SMITH"},{"data":"Berserk","floor":15.0,"key":"SMITH"},{"floor":32.0,"key":"RECALL"},{"floor":44.0,"key":"REST"},{"floor":49.0,"key":"REST"},{"floor":52.0,"key":"REST"}],"circlet_count":0,"master_deck":["Strike_R","Defend_R","Defend_R","Defend_R","Defend_R","Bash+1","Ghostly Armor","Pommel Strike","Shrug It Off","Carnage+1","Reaper","Spot Weakness","Berserk+1","Reaper","Pommel Strike+1","Shockwave","Pommel Strike+1","Disarm+1","Disarm+1","Heavy Blade+1","Sword Boomerang+1","Flash of Steel","Burning Pact+1","Feel No Pain+1","Shrug It Off+1","Offering+1","Offering+1","Demon Form+1","Burning Pact+1","Demon Form+1","True Grit+1","Havoc+1"],"relics":["Burning Blood","Ice Cream","Omamori","Lantern","Potion Belt","Fusion Hammer","Matryoshka","Letter Opener","Anchor","Vajra","Toxic Egg 2","Pear","Calling Bell","Happy Flower","Sundial","Prayer Wheel","MealTicket","Dream Catcher","Frozen Egg 2","Juzu Bracelet","DollysMirror","StoneCalendar","Oddly Smooth Stone"],"acts_visited":["Exordium","TheCity","TheBeyond","TheEnding"],"potions_floor_usage":[55,55,55],"damage_taken":[{"damage":1.0,"enemies":"Small Slimes","floor":1.0,"turns":4.0},{"damage":0.0,"enemies":"Cultist","floor":2.0,"turns":4.0},{"damage":6.0,"enemies":"Jaw Worm","floor":4.0,"turns":3.0},{"damage":4.0,"enemies":"2 Fungi Beasts","floor":5.0,"turns":4.0},{"damage":27.0,"enemies":"3 Sentries","floor":6.0,"turns":10.0},{"damage":4.0,"enemies":"Gremlin Gang","floor":8.0,"turns":4.0},{"damage":14.0,"enemies":"Gremlin Nob","floor":11.0,"turns":3.0},{"damage":0.0,"enemies":"3 Louse","floor":13.0,"turns":4.0},{"damage":13.0,"enemies":"Lagavulin","floor":14.0,"turns":5.0},{"damage":38.0,"enemies":"The Guardian","floor":16.0,"turns":8.0},{"damage":13.0,"enemies":"Spheric Guardian","floor":18.0,"turns":4.0},{"damage":7.0,"enemies":"3 Byrds","floor":19.0,"turns":5.0},{"damage":14.0,"enemies":"Snake Plant","floor":22.0,"turns":4.0},{"damage":23.0,"enemies":"Gremlin Leader","floor":23.0,"turns":8.0},{"damage":22.0,"enemies":"Book of Stabbing","floor":25.0,"turns":4.0},{"damage":16.0,"enemies":"Sentry and Sphere","floor":27.0,"turns":4.0},{"damage":19.0,"enemies":"Slavers","floor":28.0,"turns":5.0},{"damage":2.0,"enemies":"Centurion and Healer","floor":29.0,"turns":6.0},{"damage":4.0,"enemies":"Snecko","floor":30.0,"turns":3.0},{"damage":2.0,"enemies":"Sentry and Sphere","floor":31.0,"turns":3.0},{"damage":70.0,"enemies":"Automaton","floor":33.0,"turns":9.0},{"damage":1.0,"enemies":"3 Shapes","floor":35.0,"turns":4.0},{"damage":11.0,"enemies":"3 Darklings","floor":39.0,"turns":5.0},{"damage":16.0,"enemies":"Giant Head","floor":40.0,"turns":6.0},{"damage":8.0,"enemies":"Maw","floor":41.0,"turns":6.0},{"damage":30.0,"enemies":"Writhing Mass","floor":42.0,"turns":5.0},{"damage":0.0,"enemies":"Nemesis","floor":45.0,"turns":5.0},{"damage":44.0,"enemies":"Reptomancer","floor":47.0,"turns":5.0},{"damage":9.0,"enemies":"Sphere and 2 Shapes","floor":48.0,"turns":5.0},{"damage":41.0,"enemies":"Awakened One","floor":50.0,"turns":8.0},{"damage":38,"enemies":"Shield and Spear","floor":54,"turns":5},{"damage":62,"enemies":"The Heart","floor":55,"turns":7}],"seed_played":"6192287110825434449","potions_obtained":[{"floor":4.0,"key":"AttackPotion"},{"floor":5.0,"key":"BloodPotion"},{"floor":8.0,"key":"GamblersBrew"},{"floor":13.0,"key":"SmokeBomb"},{"floor":19.0,"key":"Dexterity Potion"},{"floor":25.0,"key":"SkillPotion"},{"floor":29.0,"key":"BlessingOfTheForge"},{"floor":33.0,"key":"PowerPotion"},{"floor":35.0,"key":"PowerPotion"}],"is_trial":false,"path_per_floor":["M","M","?","M","M","E","R","M","T","R","E","?","M","E","R","B",null,"M","M","?","$","M","E","$","E","T","M","E","M","M","M","R","B",null,"M","$","?","?","M","E","M","M","T","R","E","$","E","M","R","B",null,"R","$","E","B",null],"character_chosen":"IRONCLAD","items_purchased":["Matryoshka","DollysMirror","Demon Form+1","True Grit+1"],"campfire_rested":3,"item_purchase_floors":[21,46,53,53],"current_hp_per_floor":[61,67,59,59,61,40,40,42,42,42,50,50,68,61,61,29,80,80,80,80,80,73,80,80,74,74,75,90,90,90,90,90,50,90,90,90,80,80,75,77,90,82,82,90,90,90,67,80,90,79,90,90,90,90,50],"gold":63,"neow_bonus":"ONE_RARE_RELIC","is_daily":false,"chose_seed":false,"campfire_upgraded":3,"win_rate":0.0,"timestamp":1609758542,"path_taken":["M","M","?","M","M","E","R","?","T","R","E","?","M","E","R","BOSS","M","M","?","$","M","E","$","E","T","M","E","M","?","M","R","BOSS","BOSS","M","$","?","?","M","E","M","?","T","R","E","$","E","M","R","BOSS","R","$","E","BOSS"],"items_purchased_type":["Relic","Relic","Card","Card"],"build_version":"2020-12-22","purchased_purges":3,"victory":true,"max_hp_per_floor":[80,80,80,80,80,80,80,80,80,80,80,80,80,80,80,80,80,80,80,80,80,80,80,80,80,80,80,90,90,90,90,90,90,90,90,90,90,90,90,90,90,90,90,90,90,90,90,90,90,90,90,90,90,90,90],"card_choices":[{"not_picked":["Perfected Strike","Headbutt"],"picked":"Ghostly Armor","floor":1.0},{"not_picked":["Iron Wave","Rage"],"picked":"Pommel Strike","floor":2.0},{"not_picked":["Warcry","Twin Strike"],"picked":"Shrug It Off","floor":4.0},{"not_picked":["Clothesline","Combust"],"picked":"Carnage","floor":5.0},{"not_picked":["Second Wind","Sword Boomerang","Havoc"],"picked":"SKIP","floor":6.0},{"not_picked":["Fiend Fire","Clash","Headbutt"],"picked":"SKIP","floor":8.0},{"not_picked":["Fiend Fire","Clash","Headbutt"],"picked":"SKIP","floor":8.0},{"not_picked":["Bloodletting","Flex"],"picked":"Reaper","floor":11.0},{"not_picked":["Searing Blow","Wild Strike"],"picked":"Spot Weakness","floor":13.0},{"not_picked":["Havoc","Dark Embrace"],"picked":"Berserk","floor":14.0},{"not_picked":["Berserk","Bludgeon"],"picked":"Reaper","floor":16.0},{"not_picked":["Shrug It Off","Whirlwind"],"picked":"Pommel Strike+1","floor":18.0},{"not_picked":["Dropkick+1","Headbutt+1"],"picked":"Shockwave","floor":19.0},{"not_picked":["Perfected Strike+1","Intimidate","Body Slam"],"picked":"SKIP","floor":22.0},{"not_picked":["Cleave","Iron Wave"],"picked":"Disarm+1","floor":23.0},{"not_picked":["Twin Strike","Cleave+1","Thunderclap+1"],"picked":"SKIP","floor":25.0},{"not_picked":["Clash","Iron Wave+1","Searing Blow"],"picked":"SKIP","floor":27.0},{"not_picked":["Armaments+1","Immolate"],"picked":"Disarm+1","floor":28.0},{"not_picked":["Body Slam","Headbutt","Twin Strike"],"picked":"SKIP","floor":29.0},{"not_picked":["Headbutt","True Grit+1"],"picked":"Heavy Blade+1","floor":30.0},{"not_picked":["Hemokinesis","Pommel Strike","Carnage"],"picked":"SKIP","floor":31.0},{"not_picked":["Twin Strike","Shockwave+1"],"picked":"Sword Boomerang+1","floor":35.0},{"not_picked":["Rage+1","Flex+1","Hemokinesis"],"picked":"SKIP","floor":35.0},{"not_picked":["Jack Of All Trades+1","Mind Blast"],"picked":"Flash of Steel","floor":37.0},{"not_picked":["Shrug It Off+1","Clash+1"],"picked":"Burning Pact+1","floor":39.0},{"not_picked":["Carnage+1","Sword Boomerang+1"],"picked":"Feel No Pain+1","floor":39.0},{"not_picked":["Metallicize+1","Seeing Red+1","Power Through+1"],"picked":"SKIP","floor":40.0},{"not_picked":["Wild Strike","Iron Wave+1"],"picked":"Shrug It Off+1","floor":41.0},{"not_picked":["Whirlwind","Armaments+1","Sentinel+1"],"picked":"SKIP","floor":41.0},{"not_picked":["Second Wind+1","Pommel Strike","Warcry+1"],"picked":"SKIP","floor":42.0},{"not_picked":["Thunderclap","Rampage+1","Fire Breathing+1"],"picked":"SKIP","floor":42.0},{"not_picked":["Seeing Red+1","Cleave+1"],"picked":"Offering+1","floor":45.0},{"not_picked":["True Grit+1","Clash+1"],"picked":"Demon Form+1","floor":47.0},{"not_picked":["Twin Strike","Reckless Charge+1","Rage+1"],"picked":"SKIP","floor":48.0},{"not_picked":["Anger+1","Flex+1","Twin Strike"],"picked":"SKIP","floor":48.0},{"not_picked":["Body Slam","Flex+1"],"picked":"Burning Pact+1","floor":52.0},{"not_picked":["Feed","Pummel"],"picked":"Havoc+1","floor":54}],"player_experience":410743,"relics_obtained":[{"floor":6.0,"key":"Omamori"},{"floor":11.0,"key":"Lantern"},{"floor":14.0,"key":"Potion Belt"},{"floor":23.0,"key":"Letter Opener"},{"floor":25.0,"key":"Anchor"},{"floor":26.0,"key":"Vajra"},{"floor":26.0,"key":"Toxic Egg 2"},{"floor":28.0,"key":"Pear"},{"floor":34.0,"key":"Happy Flower"},{"floor":34.0,"key":"Sundial"},{"floor":34.0,"key":"Prayer Wheel"},{"floor":40.0,"key":"MealTicket"},{"floor":43.0,"key":"Dream Catcher"},{"floor":43.0,"key":"Frozen Egg 2"},{"floor":45.0,"key":"Juzu Bracelet"},{"floor":47.0,"key":"StoneCalendar"},{"floor":54,"key":"Oddly Smooth Stone"}],"event_choices":[{"damage_healed":0.0,"max_hp_gain":0.0,"max_hp_loss":0.0,"gold_gain":75.0,"event_name":"FaceTrader","player_choice":"Touch","floor":3.0,"gold_loss":0.0,"damage_taken":8.0},{"cards_removed":["Strike_R"],"damage_healed":0.0,"max_hp_gain":0.0,"max_hp_loss":0.0,"gold_gain":0.0,"event_name":"The Cleric","player_choice":"Card Removal","floor":12.0,"gold_loss":50.0,"damage_taken":0.0},{"damage_healed":0.0,"max_hp_gain":0.0,"max_hp_loss":0.0,"gold_gain":0.0,"event_name":"Duplicator","player_choice":"Copied","floor":20.0,"gold_loss":0.0,"damage_taken":0.0,"cards_obtained":["Pommel Strike"]},{"damage_healed":0.0,"max_hp_gain":0.0,"max_hp_loss":0.0,"gold_gain":0.0,"event_name":"SensoryStone","player_choice":"Memory 3","floor":37.0,"gold_loss":0.0,"damage_taken":10.0},{"damage_healed":0.0,"max_hp_gain":0.0,"max_hp_loss":0.0,"gold_gain":0.0,"event_name":"Lab","player_choice":"Got Potions","floor":38.0,"gold_loss":0.0,"damage_taken":0.0}],"is_beta":false,"boss_relics":[{"not_picked":["Snecko Eye","Empty Cage"],"picked":"Fusion Hammer"},{"not_picked":["Runic Pyramid","Sozu"],"picked":"Calling Bell"}],"items_purged_floors":[21,24,36],"is_endless":false,"potions_floor_spawned":[4,5,8,13,19,25,28,29,33,35,40,45,54],"ascension_level":1}}