{"host":"v4tuy5ykrbdcm9o9","time":1609792960,"event":{"mods":["BaseMod","Duelist Mod","Minty Spire (QoL Compilation)","Replay The Spire","StSLib"],"gold_per_floor":[14,27,38,57,76,104,124,150,173,173,173,189,215,69,69,173,173,189,207,282,4,23,23,23],"floor_reached":23,"playtime":1808,"items_purged":[],"score":269,"play_id":"7d1202ec-d753-465d-8fe6-0472fd11b44a","local_time":"20210104154240","is_ascension_mode":true,"campfire_choices":[{"floor":10,"key":"REST"},{"floor":15,"key":"REST"}],"circlet_count":0,"master_deck":["Strike_R","Strike_R","Strike_R","Strike_R","Strike_R","Defend_R","Defend_R","Defend_R","Defend_R","Bash","Dropkick+1","Run Through","Headbutt","Thunderclap","Rupture","Armaments","Seeing Red","Thunderclap","Self Repair+1","Twin Strike","Gash","Thunderclap","Feed","CurseOfTheBell","Pommel Strike","Battle Trance+1","Sword Boomerang+1","Anger"],"relics":["Bird Faced Urn","Meat on the Bone","Question Card","ReplayTheSpireMod:Spearhead","Iron Core","Gremlin Food","Calling Bell","Anchor","HornCleat","Another Sword","Gremlin Horn"],"acts_visited":["Exordium","TheCity"],"potions_floor_usage":[7,8,13,16,16],"damage_taken":[{"damage":1,"enemies":"Cultist","floor":1,"turns":3},{"damage":6,"enemies":"Jaw Worm","floor":2,"turns":4},{"damage":6,"enemies":"Small Slimes","floor":3,"turns":3},{"damage":15,"enemies":"Gremlin Gang","floor":4,"turns":4},{"damage":22,"enemies":"Exordium Thugs","floor":5,"turns":4},{"damage":4,"enemies":"Replay:BlueRogue","floor":6,"turns":5},{"damage":16,"enemies":"Looter","floor":7,"turns":4},{"damage":54,"enemies":"Lagavulin","floor":8,"turns":7},{"damage":12,"enemies":"Red Slaver","floor":12,"turns":4},{"damage":13,"enemies":"Replay:BlueRogue","floor":13,"turns":4},{"damage":29,"enemies":"Slime Boss","floor":16,"turns":9},{"damage":0,"enemies":"Chosen","floor":18,"turns":4},{"damage":15,"enemies":"2 Thieves","floor":19,"turns":4},{"damage":0,"enemies":"Snecko","floor":22,"turns":3},{"damage":71,"enemies":"Book of Stabbing","floor":23,"turns":5}],"seed_played":"-476123565630060602","potions_obtained":[{"floor":2,"key":"Elixir"},{"floor":6,"key":"Milkshake"},{"floor":7,"key":"BloodPotion"},{"floor":12,"key":"FearPotion"},{"floor":18,"key":"Ancient Potion"}],"is_trial":false,"path_per_floor":["M","M","M","M","M","E","M","E","T","R","?","M","E","$","R","B",null,"M","M","?","$","M","E"],"character_chosen":"IRONCLAD","items_purchased":["LiquidMemories","Block Potion","Thunderclap","Gremlin Horn","Sword Boomerang+1"],"campfire_rested":2,"item_purchase_floors":[14,14,14,21,21],"current_hp_per_floor":[80,80,80,71,55,57,63,27,27,51,51,53,54,54,78,63,76,80,77,69,69,69,0,0],"gold":23,"neow_bonus":"ONE_RARE_RELIC","is_daily":false,"chose_seed":false,"campfire_upgraded":0,"win_rate":0.0,"timestamp":1609792960,"path_taken":["M","M","?","M","M","E","M","E","T","R","?","M","E","?","R","BOSS","M","M","?","$","M","E"],"items_purchased_type":["Potion","Potion","Card","Relic","Card"],"build_version":"2020-12-22","purchased_purges":0,"victory":false,"max_hp_per_floor":[80,80,80,80,80,80,80,80,80,80,80,80,80,80,80,80,80,80,80,80,80,80,80,80],"card_choices":[{"not_picked":["Wild Strike","ReplayTheSpireMod:Strike From Hell"],"picked":"Dropkick","floor":1},{"not_picked":["Body Slam","Headbutt"],"picked":"Run Through","floor":2},{"not_picked":["Dual Wield","Body Slam"],"picked":"Headbutt","floor":3},{"not_picked":["Clash","Headbutt"],"picked":"Thunderclap","floor":4},{"not_picked":["ReplayTheSpireMod:Limb From Limb","Metallicize"],"picked":"Rupture","floor":5},{"not_picked":["Pommel Strike","Ghostly Armor"],"picked":"Armaments","floor":6},{"not_picked":["Headbutt","Replay:Undeath\u0027s Touch"],"picked":"Seeing Red","floor":7},{"not_picked":["Second Wind","Battle Trance"],"picked":"Thunderclap","floor":8},{"not_picked":["ReplayTheSpireMod:Strike From Hell","Wild Strike","Eclipse"],"picked":"Twin Strike","floor":12},{"not_picked":["ReplayTheSpireMod:Strike From Hell","Sentinel","Juggernaut"],"picked":"Gash","floor":13},{"not_picked":["Barricade","Double Tap","Offering"],"picked":"Feed","floor":16},{"not_picked":["Shrug It Off","Headbutt","Massacre"],"picked":"Pommel Strike","floor":18},{"not_picked":["Havoc","Intimidate+1","Twin Strike"],"picked":"Battle Trance+1","floor":19},{"not_picked":["Replay:Undeath\u0027s Touch","Pommel Strike","Cleave"],"picked":"Anger","floor":22}],"player_experience":549404,"relics_obtained":[{"floor":6,"key":"Meat on the Bone"},{"floor":8,"key":"Question Card"},{"floor":9,"key":"ReplayTheSpireMod:Spearhead"},{"floor":13,"key":"Gremlin Food"},{"floor":17,"key":"Anchor"},{"floor":17,"key":"HornCleat"},{"floor":17,"key":"Another Sword"}],"event_choices":[{"damage_healed":0,"gold_gain":75,"player_choice":"Touch","damage_taken":8,"max_hp_gain":0,"max_hp_loss":0,"event_name":"FaceTrader","floor":20,"gold_loss":0}],"is_beta":false,"boss_relics":[{"not_picked":["ChewingGum","Electric Blood"],"picked":"Calling Bell"}],"items_purged_floors":[],"is_endless":false,"potions_floor_spawned":[2,6,7,12,18],"killed_by":"Book of Stabbing","ascension_level":5}}