{"host":"344lv32hnei0mdhu","time":1609723348,"event":{"mods":["Act Like it!","BaseMod","Better Match","Better Sensory Stone","Better Skull","Better Third Choice","Better Vampires","Colored Powertips","Highlight Path","Minty Spire (QoL Compilation)","Quick Restart","Random Character Button","Rare Cards Sparkle","StSLib"],"gold_per_floor":[109,109,126,46,56,56,85,99,99,131,141,166,19,19,19],"floor_reached":14,"playtime":499,"items_purged":[],"score":160,"play_id":"243e38b9-d1f0-4b26-b644-443284f8ccd4","local_time":"20210103192228","is_ascension_mode":true,"campfire_choices":[{"data":"Inflame","floor":6,"key":"SMITH"}],"circlet_count":0,"master_deck":["Strike_R","Strike_R","Strike_R","Strike_R","Strike_R","Defend_R","Defend_R","Defend_R","Defend_R","Bash","Shockwave","Twin Strike","Rupture","Inflame+1","Inflame","Wild Strike","Sword Boomerang","Whirlwind","Flame Barrier"],"relics":["Burning Blood","NeowsBlessing","Ancient Tea Set","Bottled Lightning","Du-Vu Doll","Strawberry","Membership Card"],"acts_visited":["Exordium"],"potions_floor_usage":[7,7,10],"damage_taken":[{"damage":0,"enemies":"Small Slimes","floor":1,"turns":1},{"damage":0,"enemies":"2 Louse","floor":3,"turns":1},{"damage":0,"enemies":"Jaw Worm","floor":5,"turns":1},{"damage":16,"enemies":"Gremlin Nob","floor":7,"turns":3},{"damage":7,"enemies":"Blue Slaver","floor":8,"turns":5},{"damage":30,"enemies":"3 Sentries","floor":10,"turns":7},{"damage":24,"enemies":"Lots of Slimes","floor":11,"turns":5},{"damage":20,"enemies":"Lagavulin","floor":12,"turns":5},{"damage":18,"enemies":"3 Sentries","floor":14,"turns":4}],"seed_played":"-1133069274863461450","potions_obtained":[{"floor":1,"key":"FearPotion"},{"floor":3,"key":"BlessingOfTheForge"},{"floor":8,"key":"Fire Potion"}],"is_trial":false,"path_per_floor":["M","?","M","$","M","R","E","M","T","E","M","E","$","E"],"character_chosen":"IRONCLAD","items_purchased":["Rupture","Membership Card"],"campfire_rested":0,"item_purchase_floors":[4,13],"current_hp_per_floor":[78,78,80,80,80,80,70,69,69,45,27,20,20,2,2],"gold":19,"neow_bonus":"THREE_ENEMY_KILL","is_daily":false,"chose_seed":false,"campfire_upgraded":1,"win_rate":0.0,"timestamp":1609723348,"path_taken":["M","?","M","$","M","R","E","M","T","E","M","E","$","E"],"items_purchased_type":["Card","Relic"],"build_version":"2020-12-22","purchased_purges":0,"victory":false,"max_hp_per_floor":[80,80,80,80,80,80,80,80,80,80,80,87,87,87,87],"card_choices":[{"not_picked":["Bloodletting","Twin Strike"],"picked":"Shockwave","floor":1},{"not_picked":["Armaments","Iron Wave"],"picked":"Twin Strike","floor":3},{"not_picked":["Fire Breathing","Dropkick"],"picked":"Inflame","floor":5},{"not_picked":["Pommel Strike","Barricade"],"picked":"Inflame","floor":7},{"not_picked":["Seeing Red","True Grit"],"picked":"Wild Strike","floor":8},{"not_picked":["Entrench","Warcry"],"picked":"Sword Boomerang","floor":10},{"not_picked":["Clothesline","Pommel Strike"],"picked":"Whirlwind","floor":11},{"not_picked":["Ghostly Armor","Battle Trance"],"picked":"Flame Barrier","floor":12}],"player_experience":307139,"relics_obtained":[{"floor":7,"key":"Ancient Tea Set"},{"floor":9,"key":"Bottled Lightning"},{"floor":10,"key":"Du-Vu Doll"},{"floor":12,"key":"Strawberry"}],"event_choices":[{"damage_healed":78,"gold_gain":0,"player_choice":"Leave","damage_taken":0,"max_hp_gain":0,"max_hp_loss":80,"event_name":"betterThird:BetterShining","floor":2,"gold_loss":0}],"is_beta":false,"boss_relics":[],"items_purged_floors":[],"is_endless":false,"potions_floor_spawned":[1,3,8],"killed_by":"3 Sentries","ascension_level":9}}