{"host":"toh0bbw446wnuexf","time":1609797852,"event":{"mods":["BaseMod","Downfall","Hermit","Minty Spire (QoL Compilation)","Random Character Button","StSLib"],"gold_per_floor":[99,249,260,19,38,53,53,71,71,86,100,100,100,118,128,224,224,224,244,260,260,275,275,300,300,326,326,326,339,349,299,319,422,422,422,442,453,453,293,311,391,406,331,345,345,360,192,192,208,208],"floor_reached":51,"playtime":3764,"items_purged":["Slimebound:Icky"],"score":800,"play_id":"39bf80ec-c89c-4b2c-a777-9b894f9c280b","local_time":"20210105110412","is_ascension_mode":true,"campfire_choices":[{"data":"champ:Strike","floor":1,"key":"SMITH"},{"data":"champ:CrownThrow","floor":9,"key":"SMITH"},{"data":"champ:BringItOn","floor":13,"key":"SMITH"},{"data":"champ:Riposte","floor":18,"key":"SMITH"},{"data":"champ:FlashCut","floor":25,"key":"SMITH"},{"floor":35,"key":"RECALL"},{"floor":43,"key":"REST"},{"floor":48,"key":"REST"}],"circlet_count":0,"master_deck":["champ:Strike+1","champ:Strike+1","champ:Strike+1","champ:Strike+1","champ:Defend+1","champ:Defend+1","champ:Defend+1","champ:Defend+1","champ:FlashCut+1","champ:CrownThrow+1","champ:BringItOn+1","champ:Riposte+1"],"relics":["Empty Cage","Orrery","Mercury Hourglass","Sozu","Akabeko","Eternal Feather","MutagenicStrength","SlaversCollar","Sling","Question Card","downfall:HeartBlessingRed","HandDrill"],"acts_visited":["Exordium","TheCity","TheBeyond"],"potions_floor_usage":[16,26,50,50],"damage_taken":[{"damage":6,"enemies":"Jaw Worm","floor":3,"turns":5},{"damage":0,"enemies":"downfall:FleeingMerchant","floor":4,"turns":4},{"damage":0,"enemies":"Small Slimes","floor":5,"turns":4},{"damage":0,"enemies":"2 Louse","floor":6,"turns":2},{"damage":0,"enemies":"2 Fungi Beasts","floor":8,"turns":2},{"damage":3,"enemies":"Exordium Wildlife","floor":10,"turns":3},{"damage":0,"enemies":"3 Louse","floor":11,"turns":2},{"damage":3,"enemies":"Red Slaver","floor":14,"turns":3},{"damage":2,"enemies":"3 Louse","floor":15,"turns":3},{"damage":40,"enemies":"downfall:Silent","floor":16,"turns":12},{"damage":0,"enemies":"3 Byrds","floor":19,"turns":5},{"damage":5,"enemies":"Chosen","floor":20,"turns":3},{"damage":20,"enemies":"Centurion and Healer","floor":22,"turns":8},{"damage":10,"enemies":"Slavers","floor":26,"turns":4},{"damage":0,"enemies":"Snake Plant","floor":29,"turns":3},{"damage":12,"enemies":"Cultist and Chosen","floor":30,"turns":4},{"damage":0,"enemies":"Chosen and Byrds","floor":32,"turns":4},{"damage":5,"enemies":"downfall:Defect","floor":33,"turns":8},{"damage":6,"enemies":"3 Shapes","floor":36,"turns":5},{"damage":10,"enemies":"Orb Walker","floor":37,"turns":4},{"damage":7,"enemies":"downfall:FleeingMerchant","floor":39,"turns":4},{"damage":13,"enemies":"3 Darklings","floor":40,"turns":9},{"damage":7,"enemies":"Writhing Mass","floor":42,"turns":5},{"damage":16,"enemies":"Sphere and 2 Shapes","floor":44,"turns":4},{"damage":16,"enemies":"Spire Growth","floor":46,"turns":4},{"damage":0,"enemies":"downfall:FleeingMerchant","floor":47,"turns":4},{"damage":31,"enemies":"Maw","floor":49,"turns":9},{"damage":0,"enemies":"downfall:Watcher","floor":50,"turns":8}],"seed_played":"-1204398772532213301","potions_obtained":[{"floor":6,"key":"Strength Potion"},{"floor":10,"key":"Fire Potion"},{"floor":14,"key":"AttackPotion"},{"floor":15,"key":"Weak Potion"},{"floor":16,"key":"Explosive Potion"}],"is_trial":false,"path_per_floor":["R","?","M","$","M","M","T","M","R","M","M","?","R","M","M","B",null,"R","M","M","?","M","?","T","R","E","?","?","M","M","?","M","B",null,"R","M","M","?","$","M","T","M","R","M","?","M","$","R","M","B",null],"character_chosen":"THE_CHAMP","items_purchased":["Orrery","Sling","HandDrill"],"campfire_rested":2,"item_purchase_floors":[4,39,47],"current_hp_per_floor":[90,90,84,84,84,84,84,84,84,81,81,81,81,78,76,36,90,90,90,85,85,65,65,65,65,55,55,55,55,43,76,76,71,90,90,84,74,74,67,54,54,47,80,64,64,48,48,81,50,50],"gold":208,"neow_bonus":"BOSS_RELIC","is_daily":false,"chose_seed":false,"campfire_upgraded":5,"win_rate":0.0,"timestamp":1609797852,"path_taken":["R","?","M","$","M","M","T","M","R","M","M","?","R","M","M","BOSS","R","M","M","?","M","?","T","R","E","?","?","M","?","?","M","BOSS","R","M","M","?","$","?","T","M","R","M","?","M","$","R","M","BOSS"],"items_purchased_type":["Relic","Relic","Relic"],"build_version":"2020-12-22","purchased_purges":1,"victory":true,"max_hp_per_floor":[90,90,90,90,90,90,90,90,90,90,90,90,90,90,90,90,90,90,90,90,90,90,90,90,90,90,90,90,90,90,90,90,90,90,90,90,90,90,90,90,90,90,90,90,90,90,90,90,90,90],"card_choices":[{"not_picked":["champ:BringItOn","champ:BladeFlurry"],"picked":"champ:FlashCut","floor":3},{"not_picked":["champ:Aggression","champ:GladiatorsShout","champ:DefensiveStyle"],"picked":"SKIP","floor":4},{"not_picked":["champ:FaceSlap","champ:AdrenalArmor"],"picked":"champ:CrownThrow","floor":4},{"not_picked":["champ:Improvising","champ:FlashCut"],"picked":"champ:BringItOn","floor":4},{"not_picked":["champ:FlashCut","champ:RageSigil","champ:DefensiveStyle"],"picked":"SKIP","floor":5},{"not_picked":["champ:BladeFlurry","champ:ViciousMockery","champ:FanOfKnives"],"picked":"SKIP","floor":6},{"not_picked":["champ:FaceSlap","champ:RageSigil","champ:Backstep"],"picked":"SKIP","floor":8},{"not_picked":["champ:BladeFlurry","champ:GutPunch","champ:BerserkersShout"],"picked":"SKIP","floor":10},{"not_picked":["champ:ShieldSigil","champ:TornadoPunch","champ:FocusedBerserking"],"picked":"SKIP","floor":11},{"not_picked":["champ:BerserkersShout","champ:GladiatorsShout","champ:Shatter"],"picked":"SKIP","floor":14},{"not_picked":["champ:GutPunch","champ:Balance"],"picked":"champ:Riposte","floor":15},{"not_picked":["champ:AdrenalArmor","champ:ShieldSigil","champ:RecklessLeap"],"picked":"SKIP","floor":19},{"not_picked":["champ:FaceSlap","champ:GutPunch+1"],"picked":"champ:ShieldWall+1","floor":20},{"not_picked":["champ:FalseCounter","champ:StanceDance","champ:FightOn"],"picked":"SKIP","floor":22},{"not_picked":["champ:IgnorePain","champ:SkillfulDodge+1","champ:AdrenalArmor"],"picked":"SKIP","floor":26},{"not_picked":["champ:DefensiveStyle","champ:GutPunch+1","champ:RisingSlash"],"picked":"SKIP","floor":29},{"not_picked":["champ:FanOfKnives","champ:TornadoPunch","champ:GladiatorsShout"],"picked":"SKIP","floor":30},{"not_picked":["champ:Backstep","champ:GutPunch","champ:SkillfulDodge"],"picked":"SKIP","floor":32},{"not_picked":["champ:AdrenalArmor+1","champ:RageSigil","champ:GladiatorsShout+1"],"picked":"SKIP","floor":36},{"not_picked":["champ:Aggression+1","champ:TornadoPunch+1","champ:FlashCut+1"],"picked":"SKIP","floor":37},{"not_picked":["champ:LastStand","champ:DefensiveShout","champ:FanOfKnives"],"picked":"SKIP","floor":39},{"not_picked":["champ:TornadoPunch+1","champ:BladeFlurry+1","champ:FocusedDefense+1"],"picked":"SKIP","floor":40},{"not_picked":["champ:FightOn","champ:RapidStrikes","champ:Haymaker+1","champ:StanceDance+1"],"picked":"SKIP","floor":42},{"not_picked":["champ:DeathBlow+1","champ:PerfectedStrike+1","champ:ShieldSlam","champ:RageSigil+1"],"picked":"SKIP","floor":44},{"not_picked":["champ:Backstep","champ:CrookedStrike+1","champ:CalledShot+1","champ:GutPunch+1"],"picked":"SKIP","floor":46},{"not_picked":["champ:StanceDance","champ:Circumvent","champ:Haymaker","champ:Lariat"],"picked":"SKIP","floor":47},{"not_picked":["champ:FanOfKnives+1","champ:AdrenalArmor","champ:RisingSlash","champ:DefensiveShout"],"picked":"SKIP","floor":49}],"player_experience":603280,"relics_obtained":[{"floor":7,"key":"Mercury Hourglass"},{"floor":24,"key":"Akabeko"},{"floor":26,"key":"Eternal Feather"},{"floor":41,"key":"Question Card"}],"event_choices":[{"damage_healed":0,"gold_gain":0,"player_choice":"Ignored","damage_taken":0,"max_hp_gain":0,"max_hp_loss":0,"event_name":"Vampires","floor":23,"gold_loss":0},{"damage_healed":0,"gold_gain":0,"player_choice":"Inject Mutagens","damage_taken":0,"relics_obtained":["MutagenicStrength"],"max_hp_gain":0,"max_hp_loss":0,"event_name":"Drug Dealer","floor":28,"gold_loss":0},{"damage_healed":0,"gold_gain":0,"player_choice":"Ignored","damage_taken":0,"max_hp_gain":0,"max_hp_loss":0,"event_name":"Upgrade Shrine","floor":38,"gold_loss":0},{"cards_removed":["champ:ShieldWall"],"damage_healed":0,"gold_gain":0,"player_choice":"Removed Power","damage_taken":0,"max_hp_gain":0,"max_hp_loss":0,"event_name":"Falling","floor":45,"gold_loss":0}],"is_beta":false,"boss_relics":[{"not_picked":["Velvet Choker","Astrolabe"],"picked":"Sozu"},{"not_picked":["Pandora\u0027s Box","Runic Pyramid"],"picked":"SlaversCollar"}],"items_purged_floors":[4],"is_endless":false,"potions_floor_spawned":[6,10,14,15,16,22,29,33,37,42,44,49],"ascension_level":1}}