{"host":"1jyvlwrg3lqf29t2","time":1609728373,"event":{"mods":["BaseMod","Colored Powertips","Downfall","Hermit","Minty Spire (QoL Compilation)","StSLib","The Blackbeard","The Cursed","The Poker Player","TheBandit"],"gold_per_floor":[112,112,31,31,31,64,64,105,105,120,136,175,175,175,175,303,303,303],"floor_reached":17,"playtime":770,"items_purged":[],"score":221,"play_id":"4ea19bb8-9a9c-4053-a7c0-f143f7bdf2c6","local_time":"20210103204613","is_ascension_mode":false,"campfire_choices":[{"floor":15,"key":"REST"}],"circlet_count":0,"master_deck":["Defend_G+1","Defend_G","Survivor+1","Neutralize","Envenom+1","Infinite Blades+1","Infinite Blades+1","Infinite Blades+1","Bouncing Flask+1","Bouncing Flask+1","Cloak And Dagger+1","Noxious Fumes+1","Noxious Fumes+1","Corpse Explosion"],"relics":["Ring of the Snake","NeowsBlessing","Snake Skull","The Specimen","TwistedFunnel","Golden Idol","Bottled Tornado","FossilizedHelix","Regal Pillow","StoneCalendar","Busted Crown"],"acts_visited":["Exordium","TheCity"],"potions_floor_usage":[],"damage_taken":[{"damage":0,"enemies":"Jaw Worm","floor":1,"turns":1},{"damage":9,"enemies":"3 Sentries","floor":6,"turns":2},{"damage":0,"enemies":"Gremlin Nob","floor":8,"turns":1},{"damage":0,"enemies":"2 Louse","floor":10,"turns":2},{"damage":0,"enemies":"Small Slimes","floor":11,"turns":2},{"damage":0,"enemies":"3 Sentries","floor":12,"turns":4},{"damage":13,"enemies":"The Guardian","floor":16,"turns":5}],"seed_played":"-6916493028456012259","potions_obtained":[{"floor":6,"key":"CultistPotion"},{"floor":8,"key":"AttackPotion"},{"floor":16,"key":"Energy Potion"}],"is_trial":false,"path_per_floor":["M","?","$","?","?","E","T","E","T","M","M","E","?","?","R","B",null],"character_chosen":"THE_SILENT","items_purchased":["TwistedFunnel"],"campfire_rested":1,"item_purchase_floors":[3],"current_hp_per_floor":[70,56,56,39,39,30,30,30,30,30,30,30,30,23,59,46,70,70],"gold":303,"neow_bonus":"THREE_ENEMY_KILL","is_daily":false,"chose_seed":false,"campfire_upgraded":0,"win_rate":0.0,"timestamp":1609728373,"path_taken":["M","?","$","?","?","E","?","E","T","M","?","E","?","?","R","BOSS"],"items_purchased_type":["Relic"],"build_version":"2020-12-22","purchased_purges":0,"victory":false,"max_hp_per_floor":[70,70,70,70,70,70,70,70,70,70,70,70,70,70,70,70,70,70],"card_choices":[{"not_picked":["Riddle With Holes","Acrobatics"],"picked":"Cloak And Dagger","floor":1},{"not_picked":["Flying Knee","Blur","Outmaneuver"],"picked":"SKIP","floor":6},{"not_picked":["Infinite Blades","Phantasmal Killer","Prepared"],"picked":"SKIP","floor":8},{"not_picked":["Slice","Blade Dance","Dagger Spray"],"picked":"SKIP","floor":10},{"not_picked":["Terror","PiercingWail"],"picked":"Corpse Explosion","floor":11},{"not_picked":["Cloak And Dagger","Deflect","Malaise"],"picked":"SKIP","floor":12}],"player_experience":403478,"relics_obtained":[{"floor":6,"key":"Bottled Tornado"},{"floor":7,"key":"Snake Skull"},{"floor":8,"key":"FossilizedHelix"},{"floor":12,"key":"Regal Pillow"}],"event_choices":[{"damage_healed":0,"gold_gain":0,"player_choice":"Entered Light","damage_taken":14,"max_hp_gain":0,"max_hp_loss":0,"event_name":"Shining Light","floor":2,"gold_loss":0,"cards_upgraded":["Defend_G","Survivor"]},{"damage_healed":0,"gold_gain":0,"player_choice":"Take Damage","damage_taken":17,"relics_obtained":["Golden Idol"],"max_hp_gain":0,"max_hp_loss":0,"event_name":"Golden Idol","floor":4,"gold_loss":0},{"damage_healed":0,"gold_gain":0,"player_choice":"Grow","damage_taken":0,"max_hp_gain":0,"max_hp_loss":0,"event_name":"Living Wall","floor":5,"gold_loss":0,"cards_upgraded":["Cloak And Dagger"]},{"damage_healed":0,"gold_gain":0,"player_choice":"Ignored","damage_taken":0,"max_hp_gain":0,"max_hp_loss":0,"event_name":"Liars Game","floor":13,"gold_loss":0},{"damage_healed":0,"gold_gain":0,"player_choice":"Success","damage_taken":7,"relics_obtained":["StoneCalendar"],"max_hp_gain":0,"max_hp_loss":0,"event_name":"Scrap Ooze","floor":14,"gold_loss":0}],"is_beta":false,"boss_relics":[{"not_picked":["Ectoplasm","Runic Dome"],"picked":"Busted Crown"}],"items_purged_floors":[],"is_endless":false,"potions_floor_spawned":[6,8,16],"ascension_level":0}}