{"host":"pr6x8hyknev46vut","time":1609749743,"event":{"mods":["Aspiration","BaseMod","CCEM","Colored Map","Colored Powertips","Downfall","Googly Eyes","Hermit","Highlight Path","Hubris","Minty Spire (QoL Compilation)","Permanent Neow","Replay The Spire","Shop Mod","Spicy Shops","StSLib","The Bug Knight","The Construct","The Cursed","The Disciple","The Necromancer","The Runesmith","The Servant 0.9.4"],"gold_per_floor":[99,114,124,142,46,46,96,122,47,58,70,89,89,127,145,258,258,183,209,235,247,263,51,51,51,51,51],"floor_reached":25,"playtime":1985,"items_purged":[],"score":242,"play_id":"c7726703-83dd-47dc-9563-9b4d1dfbf362","local_time":"20210104094223","is_ascension_mode":false,"campfire_choices":[{"floor":1,"key":"RECALL"},{"data":"hexamod:RetreatToShadows","floor":6,"key":"SMITH"},{"floor":9,"key":"REST"},{"data":"hexamod:UnleashSpirits","floor":18,"key":"SMITH"}],"circlet_count":0,"master_deck":["hexamod:Strike","hexamod:Strike","hexamod:Defend+1","hexamod:Defend","hexamod:Defend","hexamod:Defend+1","hexamod:Sear+1","hexamod:Float","hexamod:FifthSeal","hexamod:StepThrough","hexamod:FirstSeal","hexamod:Hexaguard","hexamod:ThirdSeal","hexamod:InspiringFlames","hexamod:SwordOfDarkness","hexamod:SixthSeal","hexamod:HauntingEcho","hexamod:RetreatToShadows+1","hubris:DuctTapeCard+2","hexamod:ShieldOfDarkness","hexamod:FastForward","hexamod:NecessarySacrifice","hexamod:FastForward","hexamod:SecondSeal","hexamod:GhostShield","hexamod:SwordOfDarkness","hexamod:InspiringFlames","hexamod:HauntingEcho","hexamod:RecurringNightmare","hexamod:SpectersWail","hexamod:TimeOfNeed","hexamod:UnleashSpirits+1","hexamod:ThermalTransfer+1","hexamod:FastForward+1","hexamod:FlamesFromBeyond+1","hexamod:ShieldOfDarkness","hexamod:EmpoweredFlame","hexamod:InspiringFlames+1","hexamod:PhantomFireball","hexamod:Hexaguard"],"relics":["hexamod:SpiritBrand","hubris:DuctTape","downfall:HeartBlessingRed","hubris:64BitClover","SlaversCollar","downfall:HeartBlessingBlue","TheAbacus","CCEMRelics:Pendulum"],"acts_visited":["Exordium","TheCity"],"potions_floor_usage":[14,14,20,22],"damage_taken":[{"damage":1,"enemies":"2 Louse","floor":2,"turns":3},{"damage":6,"enemies":"Cultist","floor":3,"turns":4},{"damage":6,"enemies":"Jaw Worm","floor":4,"turns":5},{"damage":0,"enemies":"downfall:FleeingMerchant","floor":5,"turns":4},{"damage":18,"enemies":"3 Sentries","floor":8,"turns":10},{"damage":11,"enemies":"Exordium Thugs","floor":10,"turns":6},{"damage":6,"enemies":"Blue Slaver","floor":11,"turns":5},{"damage":0,"enemies":"Large Slime","floor":12,"turns":6},{"damage":29,"enemies":"Gremlin Nob","floor":14,"turns":5},{"damage":0,"enemies":"Exordium Thugs","floor":15,"turns":4},{"damage":37,"enemies":"downfall:Silent","floor":16,"turns":9},{"damage":0,"enemies":"Chosen","floor":19,"turns":6},{"damage":35,"enemies":"3 Byrds","floor":20,"turns":8},{"damage":37,"enemies":"Snake Plant","floor":21,"turns":6},{"damage":10,"enemies":"Centurion and Healer","floor":22,"turns":10},{"damage":0,"enemies":"downfall:FleeingMerchant","floor":23,"turns":4},{"damage":5,"enemies":"Shelled Parasite and Fungi","floor":25,"turns":3}],"seed_played":"-6097770377799429518","potions_obtained":[{"floor":3,"key":"SteroidPotion"},{"floor":4,"key":"sneckomod:MuddlingPotion"},{"floor":10,"key":"Ancient Potion"},{"floor":14,"key":"hexamod:InfernoChargePotion"},{"floor":15,"key":"BlessingOfTheForge"},{"floor":20,"key":"AttackPotion"},{"floor":22,"key":"Slimebound:ThreeZeroPotion"}],"is_trial":false,"path_per_floor":["R","M","M","M","$","R","T","E","R","M","M","M","?","E","M","B",null,"R","M","M","M","M","$","T","M"],"character_chosen":"THE_SPIRIT","items_purchased":["hexamod:RetreatToShadows","TheAbacus","hexamod:Hexaguard"],"campfire_rested":1,"item_purchase_floors":[5,23,23],"current_hp_per_floor":[70,69,63,64,64,64,64,53,70,66,67,70,70,41,48,11,70,80,80,52,15,5,5,5,0,0,0],"gold":51,"neow_bonus":"ONE_RANDOM_RARE_CARD","is_daily":false,"chose_seed":false,"campfire_upgraded":2,"win_rate":0.0,"timestamp":1609749743,"path_taken":["R","M","M","M","$","R","T","E","R","M","M","M","?","E","M","BOSS","R","M","?","?","M","$","T","M"],"items_purchased_type":["Card","Relic","Card"],"build_version":"2020-12-22","purchased_purges":0,"victory":false,"max_hp_per_floor":[70,70,70,70,70,70,70,70,70,70,70,70,70,70,70,70,70,80,80,80,80,80,80,80,80,80,80],"card_choices":[{"not_picked":["hexamod:Hexaguard","hexamod:NightmareGuise"],"picked":"hexamod:StepThrough","floor":2},{"not_picked":["hexamod:FourthSeal","hexamod:SecondSeal"],"picked":"hexamod:FirstSeal","floor":3},{"not_picked":["hexamod:ThermalTransfer","hexamod:GhostOfSpireFuture"],"picked":"hexamod:Hexaguard","floor":3},{"not_picked":["hexamod:SecondSeal","hexamod:FourthSeal"],"picked":"hexamod:ThirdSeal","floor":4},{"not_picked":["hexamod:CatchUp","hexamod:FourthSeal"],"picked":"hexamod:InspiringFlames","floor":4},{"not_picked":["hexamod:NightmareStrike","hexamod:SpectralAdrenaline"],"picked":"hexamod:SwordOfDarkness","floor":5},{"not_picked":["hexamod:FirstSeal","hexamod:SecondSeal"],"picked":"hexamod:SixthSeal","floor":5},{"not_picked":["hexamod:HeatShield","hexamod:Rewind"],"picked":"hexamod:HauntingEcho","floor":5},{"not_picked":["hexamod:FastForward","hexamod:ParanormalForm"],"picked":"hexamod:ShieldOfDarkness","floor":8},{"not_picked":["hexamod:SuperheatedStrike","hexamod:SwordOfDarkness"],"picked":"hexamod:FastForward","floor":8},{"not_picked":["hexamod:FourthSeal","hexamod:NightmareGuise"],"picked":"hexamod:NecessarySacrifice","floor":10},{"not_picked":["hexamod:SoulSteal","hexamod:CatchUp"],"picked":"hexamod:FastForward","floor":10},{"not_picked":["hexamod:FirstSeal","hexamod:SixthSeal"],"picked":"hexamod:SecondSeal","floor":11},{"not_picked":["hexamod:RadiantFlame","hexamod:RainOfEmbers"],"picked":"hexamod:SwordOfDarkness","floor":11},{"not_picked":["hexamod:FastForward","hexamod:InspiringFlames"],"picked":"hexamod:GhostShield","floor":12},{"not_picked":["hexamod:Firestarter","hexamod:SpectralSpark","hexamod:SwordOfDarkness"],"picked":"SKIP","floor":12},{"not_picked":["hexamod:Firestarter","hexamod:SpectralSpark"],"picked":"hexamod:SwordOfDarkness","floor":12},{"not_picked":["hexamod:SwordOfDarkness","hexamod:HauntingEcho"],"picked":"hexamod:InspiringFlames","floor":14},{"not_picked":["hexamod:FifthSeal","hexamod:InspiringFlames"],"picked":"hexamod:HauntingEcho","floor":14},{"not_picked":["hexamod:SpectralAdrenaline","hexamod:FastForward"],"picked":"hexamod:RecurringNightmare","floor":15},{"not_picked":["hexamod:HauntingEcho","hexamod:NightmareGuise"],"picked":"hexamod:SpectersWail","floor":15},{"not_picked":["hexamod:EmpoweringStance","hexamod:UnleashSpirits"],"picked":"hexamod:TimeOfNeed","floor":16},{"not_picked":["hexamod:GhostflameInferno","hexamod:CrushingStance"],"picked":"hexamod:UnleashSpirits","floor":16},{"not_picked":["hexamod:CatchUp+1","hexamod:Hexaguard"],"picked":"hexamod:ThermalTransfer","floor":19},{"not_picked":["hexamod:Firestarter","hexamod:SpectersWail+1"],"picked":"hexamod:FastForward+1","floor":20},{"not_picked":["hexamod:SixthSeal","hexamod:FirstSeal","hexamod:ThirdSeal"],"picked":"SKIP","floor":20},{"not_picked":["hexamod:UnleashSpirits","hexamod:SkipABeat+1"],"picked":"hexamod:FlamesFromBeyond+1","floor":21},{"not_picked":["hexamod:Hexaguard","hexamod:SwordOfDarkness+1"],"picked":"hexamod:ShieldOfDarkness","floor":22},{"not_picked":["hexamod:NightmareGuise","hexamod:ThermalTransfer+1"],"picked":"hexamod:EmpoweredFlame","floor":22},{"not_picked":["hexamod:ThirdSeal","hexamod:ThermalTransfer"],"picked":"hexamod:InspiringFlames+1","floor":23},{"not_picked":["hexamod:SpectersWail","hexamod:NightmareGuise"],"picked":"hexamod:PhantomFireball","floor":23}],"player_experience":72611,"relics_obtained":[{"floor":8,"key":"hubris:DuctTape"},{"floor":14,"key":"hubris:64BitClover"},{"floor":24,"key":"CCEMRelics:Pendulum"}],"event_choices":[{"cards_removed":["hexamod:SwordOfDarkness"],"damage_healed":5,"gold_gain":0,"player_choice":"Offered Common","damage_taken":0,"max_hp_gain":0,"max_hp_loss":0,"event_name":"Bonfire Elementals","floor":13,"gold_loss":0},{"cards_removed":["hexamod:SwordOfDarkness"],"damage_healed":5,"gold_gain":0,"player_choice":"Offered Special","damage_taken":0,"max_hp_gain":0,"max_hp_loss":0,"event_name":"Bonfire Elementals","floor":13,"gold_loss":0}],"is_beta":false,"boss_relics":[{"not_picked":["aspiration:FutureDiary","CCEMRelics:GreenEgg"],"picked":"SlaversCollar"}],"items_purged_floors":[],"is_endless":false,"potions_floor_spawned":[3,4,10,14,15,20,22],"killed_by":"Shelled Parasite and Fungi","ascension_level":0}}