{"host":"jgqxb38yl0c1w101","time":1609726931,"event":{"mods":["BaseMod","Colored Map","Downfall","Minty Spire (QoL Compilation)","StSLib"],"gold_per_floor":[99,115,140,159,179,211,211,11,11,11,11,80,80,113,123,221,221,121,137,150,33,46,73,73,73,104,115,115,63,163,173,192,297,297,297,308,244,244,263,116,116,128,128,158,174,206,223,223,235,235,235,235],"floor_reached":50,"playtime":3723,"items_purged":["Parasite"],"score":687,"play_id":"c07e5faf-0c42-4c6b-88ea-0896e688836b","local_time":"20210103212211","is_ascension_mode":true,"campfire_choices":[{"floor":1,"key":"RECALL"},{"floor":8,"key":"REST"},{"data":"champ:ShieldSigil","floor":10,"key":"SMITH"},{"data":"champ:ShieldThrow","floor":18,"key":"SMITH"},{"floor":25,"key":"REST"},{"data":"champ:SwordSigil","floor":28,"key":"SMITH"},{"data":"champ:GladiatorForm","floor":35,"key":"SMITH"},{"floor":43,"key":"REST"}],"circlet_count":0,"master_deck":["champ:Strike","champ:Strike","champ:Strike","champ:Defend","champ:Defend","champ:Defend","champ:Defend","champ:Execute","champ:Taunt+1","champ:ShieldSigil+1","champ:DefensiveShout","champ:AdrenalArmor","champ:BerserkersShout","champ:RisingSlash","champ:BringItOn","champ:ShieldThrow+1","champ:TornadoPunch+1","champ:DefensiveShout+1","champ:FocusedDefense","champ:CrownThrow","champ:RageSigil","champ:SwordSigil+1","champ:RisingSlash","champ:GladiatorForm+1","champ:FancyFootwork","champ:FlashCut+1","champ:Parry","champ:Improvising","champ:DefensiveStyle","champ:FaceSlap+1","champ:FanOfKnives+1","champ:Circumvent+1","champ:PreemptiveStrike+1"],"relics":["champ:ChampionCrownUpgraded","Regal Pillow","StoneCalendar","downfall:HeartBlessingRed","downfall:HeartBlessingBlue","Letter Opener","champ:SpectersHand","Toy Ornithopter","downfall:HeartBlessingGreen","StrikeDummy","Bag of Marbles","Pocketwatch","White Beast Statue","SacredBark","ClockworkSouvenir","InkBottle","champ:DefensiveTrainingManual","Mercury Hourglass","Incense Burner","Anchor"],"acts_visited":["Exordium","TheCity","TheBeyond"],"potions_floor_usage":[6,23,33,44,44,46,47,50,50],"damage_taken":[{"damage":5,"enemies":"Cultist","floor":2,"turns":3},{"damage":12,"enemies":"Jaw Worm","floor":4,"turns":3},{"damage":11,"enemies":"2 Louse","floor":5,"turns":2},{"damage":59,"enemies":"3 Sentries","floor":6,"turns":12},{"damage":79,"enemies":"Lagavulin","floor":14,"turns":7},{"damage":24,"enemies":"Large Slime","floor":15,"turns":4},{"damage":90,"enemies":"downfall:Watcher","floor":16,"turns":7},{"damage":27,"enemies":"3 Byrds","floor":19,"turns":5},{"damage":13,"enemies":"Spheric Guardian","floor":20,"turns":3},{"damage":34,"enemies":"downfall:FleeingMerchant","floor":21,"turns":4},{"damage":60,"enemies":"Shelled Parasite and Fungi","floor":22,"turns":4},{"damage":44,"enemies":"Book of Stabbing","floor":23,"turns":5},{"damage":40,"enemies":"Gremlin Leader","floor":26,"turns":6},{"damage":34,"enemies":"Sentry and Sphere","floor":27,"turns":3},{"damage":37,"enemies":"downfall:FleeingMerchant","floor":29,"turns":4},{"damage":22,"enemies":"downfall:LadyInBlue","floor":30,"turns":5},{"damage":33,"enemies":"Snake Plant","floor":31,"turns":2},{"damage":18,"enemies":"Shelled Parasite and Fungi","floor":32,"turns":2},{"damage":53,"enemies":"downfall:Ironclad","floor":33,"turns":7},{"damage":42,"enemies":"Orb Walker","floor":36,"turns":3},{"damage":24,"enemies":"downfall:FleeingMerchant","floor":37,"turns":2},{"damage":62,"enemies":"3 Darklings","floor":39,"turns":6},{"damage":55,"enemies":"Jaw Worm Horde","floor":42,"turns":3},{"damage":69,"enemies":"Giant Head","floor":44,"turns":6},{"damage":43,"enemies":"Spire Growth","floor":45,"turns":3},{"damage":70,"enemies":"Reptomancer","floor":46,"turns":4},{"damage":21,"enemies":"Writhing Mass","floor":47,"turns":2},{"damage":25,"enemies":"3 Darklings","floor":49,"turns":3},{"damage":42,"enemies":"downfall:Defect","floor":50,"turns":2}],"seed_played":"8479108299438447805","potions_obtained":[{"floor":4,"key":"Dexterity Potion"},{"floor":5,"key":"Ancient Potion"},{"floor":14,"key":"LiquidMemories"},{"floor":16,"key":"FairyPotion"},{"floor":22,"key":"SteroidPotion"},{"floor":23,"key":"LiquidBronze"},{"floor":30,"key":"DuplicationPotion"},{"floor":30,"key":"DistilledChaos"},{"floor":33,"key":"SpeedPotion"},{"floor":39,"key":"AttackPotion"},{"floor":44,"key":"Ancient Potion"},{"floor":45,"key":"DistilledChaos"},{"floor":46,"key":"champ:CounterPotion"},{"floor":47,"key":"ColorlessPotion"},{"floor":49,"key":"Guardian:BlockOnCardUsePotion"}],"is_trial":false,"path_per_floor":["R","M","T","M","M","E","T","R","?","R","?","T","T","E","M","B",null,"R","M","M","$","M","E","T","R","E","M","R","$","?","M","M","B",null,"R","M","$","?","M","$","T","M","R","E","M","E","M","?","M","B"],"character_chosen":"THE_CHAMP","items_purchased":["champ:CrownThrow","champ:FancyFootwork","ClockworkSouvenir","InkBottle","champ:DefensiveTrainingManual"],"campfire_rested":3,"item_purchase_floors":[21,29,37,37,40],"current_hp_per_floor":[90,90,90,88,77,22,22,77,100,100,100,100,100,85,85,56,100,100,98,91,91,62,51,51,95,92,92,92,92,92,92,92,73,97,97,84,84,84,58,58,58,55,97,68,49,22,27,27,30,0,0,0],"gold":235,"neow_bonus":"UPGRADE_CARD","is_daily":false,"chose_seed":false,"campfire_upgraded":4,"win_rate":0.0,"timestamp":1609726931,"path_taken":["R","M","?","M","M","E","T","R","?","R","?","?","?","E","M","BOSS","R","M","M","$","M","E","T","R","E","M","R","$","?","?","M","BOSS","R","M","$","?","M","$","T","M","R","E","M","E","M","?","M","BOSS"],"items_purchased_type":["Card","Card","Relic","Relic","Relic"],"build_version":"2020-12-22","purchased_purges":1,"victory":false,"max_hp_per_floor":[90,90,90,90,90,90,90,100,100,100,100,100,100,100,100,100,100,100,100,100,97,97,97,97,97,97,97,97,97,97,97,97,97,97,97,97,97,97,97,97,97,97,97,97,97,97,97,97,97,97,97,97],"card_choices":[{"not_picked":["champ:CrownThrow","champ:Parry"],"picked":"champ:ShieldSigil","floor":2},{"not_picked":["champ:RecklessLeap","champ:FancyFootwork"],"picked":"champ:DefensiveShout","floor":4},{"not_picked":["champ:SetATrap","champ:ShieldSlam"],"picked":"champ:AdrenalArmor","floor":5},{"not_picked":["champ:PerfectedStrike","champ:Shatter"],"picked":"champ:BerserkersShout","floor":6},{"not_picked":["champ:Circumvent","champ:ShieldWall"],"picked":"champ:RisingSlash","floor":14},{"not_picked":["champ:FocusedDefense","champ:CrookedStrike"],"picked":"champ:BringItOn","floor":15},{"not_picked":["champ:VampiricStrike","champ:EnchantSword"],"picked":"champ:ShieldThrow","floor":16},{"not_picked":["champ:CrownThrow","champ:DefensiveStyle"],"picked":"champ:TornadoPunch+1","floor":19},{"not_picked":["champ:BringItOn","champ:FlashCut"],"picked":"champ:DefensiveShout+1","floor":20},{"not_picked":["champ:DefensiveShout","champ:TornadoPunch"],"picked":"champ:FocusedDefense","floor":21},{"not_picked":["champ:Backstep","champ:RecklessLeap","champ:ViciousMockery"],"picked":"SKIP","floor":22},{"not_picked":["champ:BladeFlurry","champ:ShieldSigil"],"picked":"champ:RageSigil","floor":23},{"not_picked":["champ:Haymaker","champ:IronFortress"],"picked":"champ:SwordSigil","floor":26},{"not_picked":["champ:EnGarde","champ:ShieldSigil+1"],"picked":"champ:RisingSlash","floor":27},{"not_picked":["champ:GutPunch","champ:Shatter"],"picked":"champ:GladiatorForm","floor":29},{"not_picked":["champ:Backstep","champ:Haymaker+1"],"picked":"champ:RageSigil","floor":30},{"not_picked":["champ:BladeFlurry","champ:CrownThrow"],"picked":"champ:FlashCut+1","floor":31},{"not_picked":["champ:HoldFirm","champ:CrownThrow+1"],"picked":"champ:Parry","floor":32},{"not_picked":["champ:HoldFirm","champ:DancingMaster"],"picked":"champ:Improvising","floor":33},{"not_picked":["champ:RapidStrikes+1","champ:Haymaker"],"picked":"champ:DefensiveStyle","floor":36},{"not_picked":["champ:Backstep","champ:BerserkerStyle+1"],"picked":"champ:FaceSlap+1","floor":37},{"not_picked":["champ:CalledShot","champ:ViciousMockery","champ:FocusedBerserking"],"picked":"SKIP","floor":39},{"not_picked":["champ:Shatter+1","champ:RageSigil+1"],"picked":"champ:FanOfKnives+1","floor":42},{"not_picked":["champ:ShieldSigil","champ:ViciousMockery+1"],"picked":"champ:Circumvent+1","floor":44},{"not_picked":["champ:Shatter","champ:CrownThrow","champ:GladiatorStyle"],"picked":"SKIP","floor":45},{"not_picked":["champ:BerserkersShout","champ:BerserkerStyle+1","champ:FanOfKnives"],"picked":"SKIP","floor":46},{"not_picked":["champ:Circumvent","champ:FanOfKnives+1"],"picked":"champ:PreemptiveStrike+1","floor":47},{"not_picked":["champ:FancyFootwork","champ:PerfectedStrike","champ:GutPunch+1"],"picked":"SKIP","floor":49}],"player_experience":139498,"relics_obtained":[{"floor":6,"key":"Regal Pillow"},{"floor":7,"key":"StoneCalendar"},{"floor":12,"key":"Letter Opener"},{"floor":13,"key":"champ:SpectersHand"},{"floor":14,"key":"Toy Ornithopter"},{"floor":23,"key":"StrikeDummy"},{"floor":24,"key":"Bag of Marbles"},{"floor":26,"key":"Pocketwatch"},{"floor":30,"key":"White Beast Statue"},{"floor":41,"key":"Mercury Hourglass"},{"floor":44,"key":"Incense Burner"},{"floor":46,"key":"Anchor"}],"event_choices":[{"damage_healed":25,"gold_gain":0,"player_choice":"Healed and dodged fight","damage_taken":0,"max_hp_gain":0,"max_hp_loss":0,"event_name":"Mushrooms","floor":9,"gold_loss":0,"cards_obtained":["Parasite"]},{"cards_removed":["champ:RageSigil"],"damage_healed":0,"gold_gain":0,"player_choice":"Removed Skill","damage_taken":0,"max_hp_gain":0,"max_hp_loss":0,"event_name":"Falling","floor":48,"gold_loss":0}],"is_beta":false,"boss_relics":[{"not_picked":["Fusion Hammer","Cursed Key"],"picked":"champ:ChampionCrownUpgraded"},{"not_picked":["Empty Cage","Coffee Dripper"],"picked":"SacredBark"}],"items_purged_floors":[21],"is_endless":false,"potions_floor_spawned":[4,5,14,16,22,23,31,32,33,36,37,39,42,44,45,46,47,49],"killed_by":"downfall:Defect","ascension_level":4}}