{"host":"oluf6aumjll4vfac","time":1609763835,"event":{"mods":["BaseMod","Colored Map","Colored Powertips","Conspire","Downfall","Minty Spire (QoL Compilation)","Quick Restart","Shop Mod","StSLib","SuperFastMode"],"gold_per_floor":[112,124,124,134,145,145,177,177,177,194,269,283,302,12,12,114,114,133,149,164,180,180,210,210,14,39,51,150,176,101,101,101],"floor_reached":31,"playtime":871,"items_purged":[],"score":279,"play_id":"e4825520-a56c-42cd-8be7-f2335a72f402","local_time":"20210104203715","is_ascension_mode":false,"campfire_choices":[{"data":"Armaments","floor":6,"key":"SMITH"},{"data":"Armaments","floor":8,"key":"SMITH"},{"floor":15,"key":"REST"},{"floor":24,"key":"REST"}],"circlet_count":0,"master_deck":["Strike_R","Strike_R","Strike_R","Strike_R","Defend_R","Defend_R","Defend_R","Defend_R","Bash","Flex","Armaments+1","Twin Strike","Armaments+1","conspire:HitWhereItHurts","Carnage","Hemokinesis","Thunderclap","Impervious","Anger","Shockwave","Thunderclap+1","Inflame","Feed","Hemokinesis","Barricade","Sentinel+1"],"relics":["Burning Blood","NeowsBlessing","Bottled Flame","conspire:DeflatedDodgeball","MerchantsRug","Bronze Scales","Mark of Pain","conspire:Dentures","Smiling Mask","Thread and Needle"],"acts_visited":["Exordium","TheCity"],"potions_floor_usage":[7,16,16,19,19,20,29,31],"damage_taken":[{"damage":0,"enemies":"Cultist","floor":1,"turns":1},{"damage":0,"enemies":"2 Louse","floor":2,"turns":1},{"damage":0,"enemies":"Small Slimes","floor":4,"turns":1},{"damage":9,"enemies":"Blue Slaver","floor":5,"turns":3},{"damage":36,"enemies":"3 Sentries","floor":7,"turns":9},{"damage":18,"enemies":"conspire:2 RoseBushes","floor":10,"turns":4},{"damage":8,"enemies":"Red Slaver","floor":12,"turns":2},{"damage":9,"enemies":"2 Fungi Beasts","floor":13,"turns":3},{"damage":23,"enemies":"Slime Boss","floor":16,"turns":9},{"damage":2,"enemies":"3 Byrds","floor":18,"turns":4},{"damage":10,"enemies":"conspire:FuzzyDice","floor":19,"turns":5},{"damage":15,"enemies":"Snecko","floor":20,"turns":3},{"damage":28,"enemies":"Shelled Parasite and Fungi","floor":21,"turns":5},{"damage":17,"enemies":"conspire:Head Lice","floor":23,"turns":7},{"damage":29,"enemies":"Cultist and Chosen","floor":27,"turns":5},{"damage":30,"enemies":"Slavers","floor":29,"turns":4},{"damage":18,"enemies":"Sentry and Sphere","floor":31,"turns":4}],"seed_played":"8238346896888922181","potions_obtained":[{"floor":2,"key":"Guardian:BlockOnCardUsePotion"},{"floor":4,"key":"FearPotion"},{"floor":10,"key":"SpeedPotion"},{"floor":13,"key":"HeartOfIron"},{"floor":16,"key":"SteroidPotion"},{"floor":18,"key":"Fire Potion"},{"floor":23,"key":"Block Potion"},{"floor":29,"key":"LiquidMemories"}],"is_trial":false,"path_per_floor":["M","M","?","M","M","R","E","R","T","M","?","M","M","$","R","B",null,"M","M","M","M","$","E","R","$","T","M","?","E","?","M"],"character_chosen":"IRONCLAD","items_purchased":["MerchantsRug","Bronze Scales","Feed","Hemokinesis"],"campfire_rested":2,"item_purchase_floors":[14,14,25,25],"current_hp_per_floor":[80,80,72,78,75,75,45,45,45,33,33,31,28,28,52,35,80,80,76,67,45,45,34,58,58,58,35,35,11,11,0,0],"gold":101,"neow_bonus":"THREE_ENEMY_KILL","is_daily":false,"chose_seed":false,"campfire_upgraded":2,"win_rate":0.0,"timestamp":1609763835,"path_taken":["M","M","?","M","?","R","E","R","T","M","?","M","M","$","R","BOSS","M","M","M","M","$","E","R","$","T","M","?","E","?","M"],"items_purchased_type":["Relic","Relic","Card","Card"],"build_version":"2020-12-22","purchased_purges":0,"victory":false,"max_hp_per_floor":[80,80,80,80,80,80,80,80,80,80,80,80,80,80,80,80,80,80,80,80,80,80,80,80,80,80,80,80,80,80,80,80],"card_choices":[{"not_picked":["Clothesline","Anger"],"picked":"Flex","floor":1},{"not_picked":["Uppercut","Iron Wave"],"picked":"Armaments","floor":2},{"not_picked":["Ghostly Armor","Battle Trance"],"picked":"Twin Strike","floor":4},{"not_picked":["Body Slam","Havoc"],"picked":"Armaments","floor":5},{"not_picked":["Evolve","Second Wind"],"picked":"conspire:HitWhereItHurts","floor":7},{"not_picked":["Sword Boomerang","Shrug It Off"],"picked":"Carnage","floor":10},{"not_picked":["True Grit","Iron Wave"],"picked":"Hemokinesis","floor":12},{"not_picked":["True Grit","Sword Boomerang"],"picked":"Thunderclap","floor":13},{"not_picked":["Limit Break","Juggernaut"],"picked":"Impervious","floor":16},{"not_picked":["Pommel Strike","True Grit"],"picked":"Anger","floor":18},{"not_picked":["Infernal Blade","Metallicize"],"picked":"Shockwave","floor":19},{"not_picked":["Shrug It Off","Pummel+1","True Grit+1"],"picked":"SKIP","floor":20},{"not_picked":["Havoc","Evolve"],"picked":"Thunderclap+1","floor":21},{"not_picked":["Combust+1","Clash+1"],"picked":"Inflame","floor":23},{"not_picked":["Havoc","Iron Wave+1"],"picked":"Barricade","floor":27},{"not_picked":["Twin Strike","Shrug It Off"],"picked":"Sentinel+1","floor":29}],"player_experience":60193,"relics_obtained":[{"floor":7,"key":"Bottled Flame"},{"floor":9,"key":"conspire:DeflatedDodgeball"},{"floor":23,"key":"conspire:Dentures"},{"floor":26,"key":"Smiling Mask"},{"floor":29,"key":"Thread and Needle"}],"event_choices":[{"damage_healed":0,"gold_gain":0,"player_choice":"Damaged","damage_taken":8,"max_hp_gain":0,"max_hp_loss":0,"event_name":"Wheel of Change","floor":3,"gold_loss":0},{"damage_healed":0,"gold_gain":75,"player_choice":"Gained Gold","damage_taken":0,"max_hp_gain":0,"max_hp_loss":0,"event_name":"Golden Wing","floor":11,"gold_loss":0},{"damage_healed":0,"gold_gain":99,"player_choice":"Stole From Cult","damage_taken":0,"max_hp_gain":0,"max_hp_loss":0,"event_name":"Nest","floor":28,"gold_loss":0},{"cards_removed":["Strike_R"],"damage_healed":0,"gold_gain":0,"player_choice":"Gave Gold","damage_taken":0,"max_hp_gain":0,"max_hp_loss":0,"event_name":"Beggar","floor":30,"gold_loss":75}],"is_beta":false,"boss_relics":[{"not_picked":["Coffee Dripper","conspire:RoyalGoblet"],"picked":"Mark of Pain"}],"items_purged_floors":[],"is_endless":false,"potions_floor_spawned":[2,4,10,13,16,18,23,29],"killed_by":"Sentry and Sphere","ascension_level":0}}