{"host":"q79spna8ofw6hj3r","time":1609766140,"event":{"mods":["Aspiration","BaseMod","Bestiary","BetterRewards","Block Reminder","Card Filter","Colored Map","Colored Powertips","Conspire","Custom Start","Halation","Hubris","Infinite Spire","Jedi Mod","Mimic Mod","Minty Spire (QoL Compilation)","Permanent Neow","Quick Restart","Relic Filter","Relic Sorter","Replay The Spire","Shop Mod","StSLib","SuperFastMode","Synergy Search","vexMod"],"gold_per_floor":[110,110,110,121,51,51,67,67,67,67,98,98,98,118,118,118,118],"floor_reached":16,"playtime":273,"items_purged":[],"score":177,"play_id":"98054665-fd32-4927-95b5-03fd605ac294","local_time":"20210104151540","is_ascension_mode":true,"campfire_choices":[{"data":"Metallicize","floor":6,"key":"SMITH"},{"data":"Flame Barrier","floor":8,"key":"SMITH"},{"data":"Entrench","floor":12,"key":"SMITH"},{"data":"Dark Embrace","floor":15,"key":"SMITH"}],"circlet_count":0,"master_deck":["conspire:GhostlyStrike","conspire:GhostlyStrike","conspire:GhostlyStrike","conspire:GhostlyStrike","conspire:GhostlyDefend","conspire:GhostlyDefend","conspire:GhostlyDefend","conspire:GhostlyDefend","Bash","Flame Barrier+1","Metallicize+1","Entrench+1","Dark Embrace+1"],"relics":["Burning Blood","NeowsBlessing","Bottled Flame","halation:StarCompass","infinitespire:Lucky Rock"],"acts_visited":["Exordium"],"potions_floor_usage":[],"damage_taken":[{"damage":0,"enemies":"Jaw Worm","floor":1,"turns":1},{"damage":2,"enemies":"Small Slimes","floor":4,"turns":1},{"damage":0,"enemies":"2 Louse","floor":7,"turns":1},{"damage":6,"enemies":"Lagavulin","floor":11,"turns":12},{"damage":2,"enemies":"2 Fungi Beasts","floor":14,"turns":7},{"damage":36,"enemies":"Slime Boss","floor":16,"turns":7}],"seed_played":"5689102154371403030","potions_obtained":[{"floor":1,"key":"LiquidBronze"},{"floor":4,"key":"Strength Potion"},{"floor":11,"key":"Fire Potion"}],"is_trial":false,"path_per_floor":["M","?","?","M","$","R","M","R","T","?","E","R","?","M","R","B"],"character_chosen":"IRONCLAD","items_purchased":["Metallicize"],"campfire_rested":0,"item_purchase_floors":[5],"current_hp_per_floor":[78,78,78,80,80,80,80,80,80,80,80,80,80,80,80,44,44],"gold":118,"neow_bonus":"THREE_ENEMY_KILL","is_daily":false,"chose_seed":false,"campfire_upgraded":4,"win_rate":0.0,"timestamp":1609766140,"path_taken":["M","?","?","M","$","R","M","R","T","?","E","R","?","?","R","BOSS"],"items_purchased_type":["Card"],"build_version":"2020-12-22","purchased_purges":0,"victory":false,"max_hp_per_floor":[80,80,80,80,80,80,80,80,80,80,80,80,80,80,80,80,80],"card_choices":[{"not_picked":["Intimidate","Headbutt"],"picked":"Flame Barrier","floor":1},{"not_picked":["jedi:collectorstrike","Spot Weakness","Disarm"],"picked":"SKIP","floor":4},{"not_picked":["Headbutt","True Grit","Evolve"],"picked":"SKIP","floor":7},{"not_picked":["ReplayTheSpireMod:Muscle Training","Blood for Blood"],"picked":"Entrench","floor":11},{"not_picked":["ReplayTheSpireMod:Corrosion Curse","Run Through"],"picked":"Dark Embrace","floor":14}],"player_experience":199035,"relics_obtained":[{"floor":9,"key":"Bottled Flame"},{"floor":11,"key":"infinitespire:Lucky Rock"}],"event_choices":[{"damage_healed":0,"gold_gain":0,"player_choice":"Agree","damage_taken":0,"max_hp_gain":0,"max_hp_loss":0,"event_name":"conspire:LoneGhost","floor":2,"gold_loss":0},{"cards_removed":["conspire:GhostlyStrike"],"damage_healed":0,"gold_gain":0,"player_choice":"Purged","damage_taken":0,"max_hp_gain":0,"max_hp_loss":0,"event_name":"Purifier","floor":13,"gold_loss":0}],"is_beta":false,"boss_relics":[],"items_purged_floors":[],"is_endless":false,"potions_floor_spawned":[1,4,11],"killed_by":"Slime Boss","ascension_level":6}}