{"host":"kabf61oc9jgfwufg","time":1609781108,"event":{"mods":["AchievementEnabler","Act Like it!","Aspiration","BaseMod","Conspire","GifTheSpireLib","Halation","HexUI Lib","Hubris","Infinite Spire","Minty Spire (QoL Compilation)","Pale of the Ancients","Rare Cards Sparkle","Replay The Spire","StSLib","The Jungle"],"gold_per_floor":[117,117,128,128,128,157,157,157,182,182,199,211,100,117,117,117,117],"floor_reached":16,"playtime":361,"items_purged":["Defend_P"],"score":125,"play_id":"e1b5a501-dd8c-48da-9ad5-384feab4a89d","local_time":"20210104172508","is_ascension_mode":false,"campfire_choices":[{"data":"Scrawl","floor":7,"key":"SMITH"},{"data":"Eruption","floor":10,"key":"SMITH"},{"data":"Wallop","floor":15,"key":"SMITH"}],"circlet_count":0,"master_deck":["Strike_P","Strike_P","Strike_P","Defend_P","Defend_P","Defend_P","Eruption+1","Vigilance","FollowUp","WreathOfFlame","infinitespire:Starlight","Scrawl+1","Wallop+1","FollowUp"],"relics":["PureWater","NeowsBlessing","hubris:ToyBattleship","hubris:Towel","PreservedInsect"],"acts_visited":["Exordium"],"potions_floor_usage":[16,16,16],"damage_taken":[{"damage":0,"enemies":"Small Slimes","floor":1,"turns":1},{"damage":0,"enemies":"Cultist","floor":3,"turns":1},{"damage":0,"enemies":"Gremlin Nob","floor":6,"turns":1},{"damage":5,"enemies":"2 Louse","floor":11,"turns":3},{"damage":0,"enemies":"2 Fungi Beasts","floor":12,"turns":2},{"damage":16,"enemies":"Blue Slaver","floor":14,"turns":3},{"damage":61,"enemies":"Hexaghost","floor":16,"turns":12}],"seed_played":"-8629801192891286009","potions_obtained":[{"floor":1,"key":"LifebloodPotion"},{"floor":3,"key":"Strength Potion"},{"floor":12,"key":"Block Potion"}],"is_trial":false,"path_per_floor":["M","?","M","?","?","E","R","?","T","R","M","M","$","M","R","B"],"character_chosen":"WATCHER","items_purchased":["Wallop"],"campfire_rested":0,"item_purchase_floors":[13],"current_hp_per_floor":[72,65,65,58,40,50,50,50,50,50,55,55,55,49,49,0,0],"gold":117,"neow_bonus":"THREE_ENEMY_KILL","is_daily":false,"chose_seed":false,"campfire_upgraded":3,"win_rate":0.0,"timestamp":1609781108,"path_taken":["M","?","?","?","?","E","R","?","T","R","M","M","?","M","R","BOSS"],"items_purchased_type":["Card"],"build_version":"2020-12-22","purchased_purges":1,"victory":false,"max_hp_per_floor":[72,72,72,72,72,72,72,72,72,72,72,72,72,72,72,72,72],"card_choices":[{"not_picked":["Halt","Protect"],"picked":"FollowUp","floor":1},{"not_picked":["Crescendo","EmptyFist"],"picked":"WreathOfFlame","floor":3},{"not_picked":["infinitespire:DeathsTouch","infinitespire:Fortify"],"picked":"infinitespire:Starlight","floor":5},{"not_picked":["Halt","Evaluate"],"picked":"Scrawl","floor":6},{"not_picked":["Collect","Halt","ClearTheMind"],"picked":"SKIP","floor":11},{"not_picked":["SashWhip","Establishment","Replay:BluntJabs"],"picked":"SKIP","floor":12},{"not_picked":["ThirdEye","EmptyFist"],"picked":"FollowUp","floor":14}],"player_experience":36250,"relics_obtained":[{"floor":6,"key":"hubris:ToyBattleship"},{"floor":9,"key":"PreservedInsect"}],"event_choices":[{"damage_healed":0,"gold_gain":0,"player_choice":"Damaged","damage_taken":7,"max_hp_gain":0,"max_hp_loss":0,"event_name":"Wheel of Change","floor":2,"gold_loss":0},{"cards_removed":["Strike_P"],"damage_healed":0,"gold_gain":0,"player_choice":"Card Removal","damage_taken":7,"max_hp_gain":0,"max_hp_loss":0,"event_name":"Golden Wing","floor":4,"gold_loss":0}],"is_beta":false,"boss_relics":[],"items_purged_floors":[13],"is_endless":false,"potions_floor_spawned":[1,3,12],"killed_by":"Hexaghost","ascension_level":0}}