{"host":"m6aaltr68g9tvoay","time":1609751260,"event":{"mods":["AchievementEnabler","BaseMod","Colored Map","Minty Spire (QoL Compilation)","StSLib"],"gold_per_floor":[111,111,129,129,150,194,194,207,207,245,270,47,71,71,71,167,167,180,95,95,10,10,10,25,25,52,52,75,75,99,123,123,214,277,295,295,295,295,295,295,320,320,320,343,343,343,97,112,112,112,112],"floor_reached":50,"playtime":1441,"items_purged":["Regret"],"score":955,"play_id":"6282f5c5-dd03-408b-9eb0-26d3c87b29ef","local_time":"20210104010740","is_ascension_mode":true,"campfire_choices":[{"floor":7.0,"key":"REST"},{"floor":15.0,"key":"REST"},{"floor":23.0,"key":"REST"},{"data":"Fire Breathing","floor":25.0,"key":"SMITH"},{"data":"Infernal Blade","floor":27.0,"key":"SMITH"},{"data":"Carnage","floor":29.0,"key":"SMITH"},{"floor":32.0,"key":"REST"},{"data":"Flame Barrier","floor":40,"key":"SMITH"},{"floor":42,"key":"REST"},{"data":"Impervious","floor":45,"key":"SMITH"},{"floor":49,"key":"REST"}],"circlet_count":0,"master_deck":["AscendersBane","Strike_R","Strike_R","Strike_R","Strike_R","Defend_R","Defend_R","Defend_R","Defend_R","Bash","Fire Breathing+1","Injury","Intimidate","Iron Wave","Infernal Blade+1","Heavy Blade","Dropkick+1","Cleave+1","Armaments+1","Impervious","Carnage+1","Necronomicurse","Rage","Writhe","Uppercut+1","Flame Barrier+1","Impervious+1","Thunderclap+1","Writhe","Doubt"],"relics":["Burning Blood","NeowsBlessing","Golden Idol","Strawberry","Centennial Puzzle","White Beast Statue","Vajra","Cursed Key","Magic Flower","Necronomicon","Nunchaku","Whetstone","Tiny House","Shuriken","Sundial","Akabeko"],"acts_visited":["Exordium","TheCity","TheBeyond"],"potions_floor_usage":[35,41,48,50],"damage_taken":[{"damage":0.0,"enemies":"Cultist","floor":1.0,"turns":1.0},{"damage":0.0,"enemies":"2 Louse","floor":3.0,"turns":1.0},{"damage":0.0,"enemies":"Small Slimes","floor":5.0,"turns":1.0},{"damage":54.0,"enemies":"Gremlin Nob","floor":6.0,"turns":6.0},{"damage":6.0,"enemies":"3 Louse","floor":8.0,"turns":3.0},{"damage":30.0,"enemies":"3 Sentries","floor":10.0,"turns":5.0},{"damage":9.0,"enemies":"Looter","floor":11.0,"turns":3.0},{"damage":11.0,"enemies":"Lots of Slimes","floor":13.0,"turns":3.0},{"damage":57.0,"enemies":"The Guardian","floor":16.0,"turns":10.0},{"damage":13.0,"enemies":"Spheric Guardian","floor":18.0,"turns":4.0},{"damage":14.0,"enemies":"3 Byrds","floor":24.0,"turns":5.0},{"damage":9.0,"enemies":"Centurion and Healer","floor":28.0,"turns":3.0},{"damage":26.0,"enemies":"Shelled Parasite and Fungi","floor":30.0,"turns":3.0},{"damage":16.0,"enemies":"Snake Plant","floor":31.0,"turns":3.0},{"damage":42.0,"enemies":"Automaton","floor":33.0,"turns":8.0},{"damage":35,"enemies":"3 Shapes","floor":35,"turns":3},{"damage":7,"enemies":"Orb Walker","floor":41,"turns":2},{"damage":19,"enemies":"4 Shapes","floor":44,"turns":4},{"damage":98,"enemies":"Transient","floor":48,"turns":6},{"damage":43,"enemies":"Time Eater","floor":50,"turns":3}],"seed_played":"-6289580325331949029","potions_obtained":[{"floor":5.0,"key":"FearPotion"},{"floor":6.0,"key":"Energy Potion"},{"floor":8.0,"key":"BloodPotion"},{"floor":10.0,"key":"Swift Potion"},{"floor":11.0,"key":"PowerPotion"},{"floor":13.0,"key":"BloodPotion"},{"floor":16.0,"key":"SkillPotion"},{"floor":18.0,"key":"BlessingOfTheForge"},{"floor":24.0,"key":"HeartOfIron"},{"floor":28.0,"key":"DistilledChaos"},{"floor":30.0,"key":"BlessingOfTheForge"},{"floor":31.0,"key":"Ancient Potion"},{"floor":35,"key":"DistilledChaos"},{"floor":41,"key":"BloodPotion"},{"floor":48,"key":"ElixirPotion"}],"is_trial":false,"path_per_floor":["M","?","M","?","M","E","R","M","T","E","M","$","M","?","R","B",null,"M","?","?","$","?","R","M","R","T","R","M","R","M","M","R","B",null,"M","?","?","?","T","R","M","R","T","M","R","?","$","M","R","B"],"character_chosen":"IRONCLAD","items_purchased":["Vajra","Cleave","Rage","Akabeko"],"campfire_rested":6,"item_purchase_floors":[12,12,21,47],"current_hp_per_floor":[74,74,75,75,75,34,58,58,58,50,47,47,42,42,66,31,69,62,62,41,41,41,65,60,60,60,60,60,60,43,36,60,27,73,47,47,47,64,64,64,66,87,87,77,77,77,77,14,40,0,0],"gold":112,"neow_bonus":"THREE_ENEMY_KILL","is_daily":false,"chose_seed":false,"campfire_upgraded":5,"win_rate":0.0,"timestamp":1609751260,"path_taken":["M","?","M","?","M","E","R","M","T","E","M","$","M","?","R","BOSS","M","?","?","$","?","R","?","R","T","R","M","R","M","M","R","BOSS","M","?","?","?","?","R","M","R","T","M","R","?","$","M","R","BOSS"],"items_purchased_type":["Relic","Card","Card","Relic"],"build_version":"2020-12-22","purchased_purges":1,"victory":false,"max_hp_per_floor":[75,75,75,75,75,82,82,82,82,82,82,82,82,82,82,82,82,82,82,82,82,82,82,82,82,82,82,82,82,82,82,82,82,87,87,87,87,87,87,87,87,87,87,87,87,87,87,87,87,87,87],"card_choices":[{"not_picked":["Shrug It Off","Anger"],"picked":"Fire Breathing","floor":1.0},{"not_picked":["Dark Embrace","Evolve"],"picked":"Intimidate","floor":3.0},{"not_picked":["Power Through","Flex"],"picked":"Iron Wave","floor":5.0},{"not_picked":["Clash","Sword Boomerang"],"picked":"Infernal Blade","floor":6.0},{"not_picked":["Blood for Blood","Body Slam"],"picked":"Heavy Blade","floor":8.0},{"not_picked":["Infernal Blade","Body Slam","Warcry"],"picked":"SKIP","floor":10.0},{"not_picked":["Clash","Intimidate"],"picked":"Dropkick","floor":11.0},{"not_picked":["Barricade","Battle Trance"],"picked":"Armaments","floor":13.0},{"not_picked":["Bludgeon","Juggernaut"],"picked":"Impervious","floor":16.0},{"not_picked":["Perfected Strike","Headbutt"],"picked":"Carnage","floor":18.0},{"not_picked":["Intimidate","Battle Trance","Perfected Strike"],"picked":"SKIP","floor":24.0},{"not_picked":["Clothesline","Disarm+1"],"picked":"Uppercut+1","floor":28.0},{"not_picked":["Flex","Carnage","Anger"],"picked":"SKIP","floor":30.0},{"not_picked":["Feel No Pain","Inflame"],"picked":"Flame Barrier","floor":31.0},{"not_picked":["Demon Form","Barricade"],"picked":"Impervious","floor":33.0},{"not_picked":["Flex","Sentinel"],"picked":"Thunderclap+1","floor":34.0},{"not_picked":["Pommel Strike+1","Armaments","Pummel"],"picked":"SKIP","floor":35},{"not_picked":["Pommel Strike","Disarm","Headbutt+1"],"picked":"SKIP","floor":41},{"not_picked":["Combust","Armaments","Pommel Strike+1"],"picked":"SKIP","floor":44},{"not_picked":["Perfected Strike+1","Sword Boomerang+1","Carnage+1"],"picked":"SKIP","floor":48}],"player_experience":1336445,"relics_obtained":[{"floor":6.0,"key":"Strawberry"},{"floor":9.0,"key":"Centennial Puzzle"},{"floor":10.0,"key":"White Beast Statue"},{"floor":20.0,"key":"Necronomicon"},{"floor":26.0,"key":"Whetstone"},{"floor":39,"key":"Shuriken"},{"floor":43,"key":"Sundial"}],"event_choices":[{"damage_healed":0.0,"max_hp_gain":0.0,"max_hp_loss":0.0,"gold_gain":0.0,"event_name":"Golden Idol","player_choice":"Take Wound","floor":2.0,"gold_loss":0.0,"damage_taken":0.0,"relics_obtained":["Golden Idol"],"cards_obtained":["Injury"]},{"damage_healed":0.0,"max_hp_gain":0.0,"max_hp_loss":0.0,"gold_gain":0.0,"event_name":"Liars Game","player_choice":"Ignored","floor":4.0,"gold_loss":0.0,"damage_taken":0.0},{"damage_healed":0.0,"max_hp_gain":0.0,"max_hp_loss":0.0,"gold_gain":0.0,"event_name":"Dead Adventurer","player_choice":"Searched \u00271\u0027 times","floor":14.0,"gold_loss":0.0,"damage_taken":0.0},{"damage_healed":0.0,"max_hp_gain":0.0,"max_hp_loss":0.0,"gold_gain":0.0,"event_name":"Addict","player_choice":"Obtained Relic","floor":19.0,"gold_loss":85.0,"damage_taken":0.0,"relics_obtained":["Magic Flower"]},{"damage_healed":0.0,"max_hp_gain":0.0,"max_hp_loss":0.0,"gold_gain":0.0,"event_name":"Cursed Tome","player_choice":"Obtained Book","floor":20.0,"gold_loss":0.0,"damage_taken":21.0},{"damage_healed":0.0,"max_hp_gain":0.0,"max_hp_loss":0.0,"gold_gain":0.0,"event_name":"WeMeetAgain","player_choice":"Gave Potion","floor":22.0,"gold_loss":0.0,"damage_taken":0.0,"relics_obtained":["Nunchaku"]},{"damage_healed":0,"gold_gain":0,"player_choice":"Memory 1","damage_taken":0,"max_hp_gain":0,"max_hp_loss":0,"event_name":"SensoryStone","floor":36,"gold_loss":0},{"cards_removed":["Strike_R"],"damage_healed":0,"gold_gain":0,"player_choice":"Removed Attack","damage_taken":0,"max_hp_gain":0,"max_hp_loss":0,"event_name":"Falling","floor":37,"gold_loss":0},{"damage_healed":17,"gold_gain":0,"player_choice":"Writhe","damage_taken":0,"max_hp_gain":0,"max_hp_loss":0,"event_name":"Winding Halls","floor":38,"gold_loss":0,"cards_obtained":["Writhe"]},{"damage_healed":0,"gold_gain":0,"player_choice":"Ignored","damage_taken":0,"max_hp_gain":0,"max_hp_loss":0,"event_name":"Mysterious Sphere","floor":46,"gold_loss":0}],"is_beta":false,"boss_relics":[{"not_picked":["Coffee Dripper","Ectoplasm"],"picked":"Cursed Key"},{"not_picked":["Empty Cage","Runic Dome"],"picked":"Tiny House"}],"items_purged_floors":[47],"is_endless":false,"potions_floor_spawned":[5,6,8,10,11,13,16,18,24,28,30,31,33,35,41,44,48],"killed_by":"Time Eater","ascension_level":18}}