{"host":"vumwfieg2b2mnrfl","time":1609729787,"event":{"mods":["AchievementEnabler","BaseMod","Minty Spire (QoL Compilation)","Rare Cards Sparkle","Relic Stats"],"gold_per_floor":[111,125,125,136,136,169,185,185,185],"floor_reached":8,"playtime":247,"items_purged":[],"score":102,"play_id":"b60ac195-92f4-467b-ac9b-90d338a284a4","local_time":"20210103210947","is_ascension_mode":true,"campfire_choices":[],"circlet_count":0,"master_deck":["AscendersBane","Strike_R","Strike_R","Strike_R","Strike_R","Strike_R","Defend_R","Defend_R","Defend_R","Defend_R","Bash","Hemokinesis","Rampage","Clothesline","Anger"],"relics":["Burning Blood","Shuriken"],"acts_visited":["Exordium"],"potions_floor_usage":[8],"damage_taken":[{"damage":17.0,"enemies":"Jaw Worm","floor":1.0,"turns":8.0},{"damage":11.0,"enemies":"Cultist","floor":2.0,"turns":4.0},{"damage":2.0,"enemies":"Small Slimes","floor":4.0,"turns":3.0},{"damage":34.0,"enemies":"Gremlin Nob","floor":6.0,"turns":4.0},{"damage":16.0,"enemies":"Looter","floor":7.0,"turns":4.0},{"damage":27,"enemies":"Lagavulin","floor":8,"turns":5}],"seed_played":"4804266814239293339","potions_obtained":[{"floor":2.0,"key":"LiquidBronze"},{"floor":3.0,"key":"CultistPotion"}],"is_trial":false,"path_per_floor":["M","M","?","M","$","E","M","E"],"character_chosen":"IRONCLAD","items_purchased":[],"campfire_rested":0,"item_purchase_floors":[],"current_hp_per_floor":[64,59,59,63,63,35,25,0,0],"gold":185,"neow_bonus":"TEN_PERCENT_HP_BONUS","is_daily":false,"chose_seed":false,"campfire_upgraded":0,"win_rate":0.0,"timestamp":1609729787,"path_taken":["M","M","?","M","$","E","?","E"],"items_purchased_type":[],"build_version":"2020-12-22","purchased_purges":0,"victory":false,"max_hp_per_floor":[82,82,82,82,82,82,82,82,82],"relic_stats":{"counters":[6,28],"Shuriken":[1],"obtain_stats":[{"Shuriken":6,"Burning Blood":0},{"Shuriken":4,"Burning Blood":0},{"Shuriken":19,"Burning Blood":0}],"Burning Blood":30},"card_choices":[{"not_picked":["Perfected Strike","Flex","Havoc"],"picked":"SKIP","floor":1.0},{"not_picked":["Cleave","Armaments"],"picked":"Hemokinesis","floor":2.0},{"not_picked":["Perfected Strike","Wild Strike"],"picked":"Rampage","floor":4.0},{"not_picked":["Offering","Carnage"],"picked":"Clothesline","floor":6.0},{"not_picked":["Wild Strike","Clothesline"],"picked":"Anger","floor":7.0}],"player_experience":360699,"relics_obtained":[{"floor":6.0,"key":"Shuriken"}],"event_choices":[{"damage_healed":0.0,"max_hp_gain":0.0,"max_hp_loss":0.0,"gold_gain":0.0,"event_name":"Lab","player_choice":"Got Potions","floor":3.0,"gold_loss":0.0,"damage_taken":0.0}],"is_beta":false,"boss_relics":[],"items_purged_floors":[],"is_endless":false,"potions_floor_spawned":[2,4,7],"killed_by":"Lagavulin","ascension_level":15}}