{"host":"vsgmwxc1n8l4tqfd","time":1609771788,"event":{"mods":["AchievementEnabler","BaseMod","Bestiary","Block Reminder","Colored Map","Colored Powertips","Minty Spire (QoL Compilation)","Quick Restart"],"gold_per_floor":[109,129,145,77,42,42,42,42,110,129,75,89,107,118,118,215,265,285,285,305,325,325,325,340,340,340,350,350,350],"floor_reached":28,"playtime":905,"items_purged":[],"score":214,"play_id":"8c131643-f6a5-4c32-aefd-a651f9eba9a6","local_time":"20210104144948","is_ascension_mode":false,"campfire_choices":[{"data":"Crippling Poison","floor":6,"key":"SMITH"},{"data":"Bouncing Flask","floor":8,"key":"SMITH"},{"data":"Deadly Poison","floor":15,"key":"SMITH"},{"floor":23,"key":"REST"},{"floor":25,"key":"REST"}],"circlet_count":0,"master_deck":["Strike_G","Strike_G","Strike_G","Strike_G","Strike_G","Defend_G","Defend_G+1","Defend_G","Defend_G","Defend_G","Survivor","Neutralize","Bouncing Flask+1","Crippling Poison+1","All Out Attack","Dash","Deadly Poison+1","Deflect","Poisoned Stab","Calculated Gamble","Sucker Punch","Envenom","Crippling Poison","Deadly Poison","Deadly Poison","Expertise","Slice","Bane+1","Bane+1"],"relics":["Ring of the Snake","Pantograph","Tiny House","HornCleat"],"acts_visited":["Exordium","TheCity"],"potions_floor_usage":[1,12,16,16,16,16,16,20],"damage_taken":[{"damage":1,"enemies":"Cultist","floor":1,"turns":4},{"damage":3,"enemies":"Jaw Worm","floor":2,"turns":3},{"damage":6,"enemies":"Small Slimes","floor":3,"turns":4},{"damage":1,"enemies":"Exordium Wildlife","floor":10,"turns":3},{"damage":6,"enemies":"Gremlin Gang","floor":12,"turns":2},{"damage":2,"enemies":"Blue Slaver","floor":13,"turns":3},{"damage":13,"enemies":"2 Fungi Beasts","floor":14,"turns":3},{"damage":31,"enemies":"The Guardian","floor":16,"turns":6},{"damage":12,"enemies":"3 Byrds","floor":18,"turns":4},{"damage":15,"enemies":"Shell Parasite","floor":20,"turns":4},{"damage":42,"enemies":"3 Cultists","floor":21,"turns":5},{"damage":28,"enemies":"Centurion and Healer","floor":24,"turns":5},{"damage":16,"enemies":"Sentry and Sphere","floor":27,"turns":4},{"damage":50,"enemies":"Slavers","floor":28,"turns":5}],"seed_played":"-1379666366717496080","potions_obtained":[{"floor":0,"key":"Poison Potion"},{"floor":0,"key":"EntropicBrew"},{"floor":0,"key":"Fruit Juice"},{"floor":2,"key":"LiquidMemories"},{"floor":17,"key":"Strength Potion"},{"floor":18,"key":"Regen Potion"},{"floor":20,"key":"Strength Potion"}],"is_trial":false,"path_per_floor":["M","M","M","$","?","R","?","R","T","M","$","M","M","M","R","B",null,"M","?","M","M","?","R","M","R","T","M","E"],"character_chosen":"THE_SILENT","items_purchased":["Dash","Deflect"],"campfire_rested":2,"item_purchase_floors":[4,11],"current_hp_per_floor":[74,71,65,65,75,75,75,75,75,74,74,68,66,53,53,44,80,68,68,67,25,51,75,47,71,71,55,5,5],"gold":350,"neow_bonus":"THREE_SMALL_POTIONS","is_daily":false,"chose_seed":false,"campfire_upgraded":3,"win_rate":0.0,"timestamp":1609771788,"path_taken":["M","M","?","$","?","R","?","R","T","M","?","M","M","M","R","BOSS","M","?","?","M","?","R","M","R","T","M","E"],"items_purchased_type":["Card","Card"],"build_version":"2020-12-22","purchased_purges":0,"victory":false,"max_hp_per_floor":[75,75,75,75,75,75,75,75,75,75,75,75,75,75,75,75,80,80,80,80,80,80,80,80,80,80,80,80,80],"card_choices":[{"not_picked":["Escape Plan","Blade Dance"],"picked":"Bouncing Flask","floor":1},{"not_picked":["Infinite Blades","Flying Knee"],"picked":"Crippling Poison","floor":2},{"not_picked":["PiercingWail","Skewer"],"picked":"All Out Attack","floor":3},{"not_picked":["Malaise","Sucker Punch"],"picked":"Deadly Poison","floor":10},{"not_picked":["Reflex","Prepared"],"picked":"Poisoned Stab","floor":12},{"not_picked":["Blade Dance","Underhanded Strike"],"picked":"Calculated Gamble","floor":13},{"not_picked":["Night Terror","Well Laid Plans"],"picked":"Sucker Punch","floor":14},{"not_picked":["Doppelganger","Malaise"],"picked":"Envenom","floor":16},{"not_picked":["Deflect","Reflex"],"picked":"Crippling Poison","floor":17},{"not_picked":["Terror+1","Tactician+1"],"picked":"Deadly Poison","floor":18},{"not_picked":["Masterful Stab","Flying Knee+1"],"picked":"Expertise","floor":20},{"not_picked":["Well Laid Plans","Underhanded Strike+1"],"picked":"Slice","floor":21},{"not_picked":["Sucker Punch","Blade Dance+1"],"picked":"Bane+1","floor":24},{"not_picked":["Finisher","Tactician"],"picked":"Bane+1","floor":27}],"player_experience":46603,"relics_obtained":[{"floor":9,"key":"Pantograph"},{"floor":26,"key":"HornCleat"}],"event_choices":[{"damage_healed":18,"gold_gain":0,"player_choice":"Healed","damage_taken":0,"max_hp_gain":0,"max_hp_loss":0,"event_name":"The Cleric","floor":5,"gold_loss":35},{"damage_healed":0,"gold_gain":0,"player_choice":"Ignored","damage_taken":0,"max_hp_gain":0,"max_hp_loss":0,"event_name":"Liars Game","floor":7,"gold_loss":0},{"damage_healed":0,"gold_gain":0,"player_choice":"Copied","damage_taken":0,"max_hp_gain":0,"max_hp_loss":0,"event_name":"Duplicator","floor":19,"gold_loss":0,"cards_obtained":["Deadly Poison"]},{"damage_healed":26,"gold_gain":0,"player_choice":"Heal","damage_taken":0,"max_hp_gain":0,"max_hp_loss":0,"event_name":"The Library","floor":22,"gold_loss":0}],"is_beta":false,"boss_relics":[{"not_picked":["Snecko Eye","SacredBark"],"picked":"Tiny House"}],"items_purged_floors":[],"is_endless":false,"potions_floor_spawned":[2,10,18,20],"killed_by":"Slavers","ascension_level":0}}