{"host":"naykp6d9ulahlwib","time":1609792837,"event":{"mods":["BaseMod","Highlight Path","Minty Spire (QoL Compilation)","Shop Mod","StSLib"],"gold_per_floor":[14,14,64,78,3,3,3,3,30,61,136,136,159,182,182,278,278,297,297,154,179,179,179,179,179,179,200,226,226,245,258,258,346,346,357,357,72,84,84,118,118,141,141,96,131,131,131,91,91,91,91,91],"floor_reached":51,"playtime":4186,"items_purged":["Defend_P","Strike_P+1"],"score":1473,"play_id":"5cfe638f-81c5-4d25-a212-7bffc12c701b","local_time":"20210104144037","is_ascension_mode":true,"campfire_choices":[{"data":"Scrawl","floor":6.0,"key":"SMITH"},{"data":"ForeignInfluence","floor":8.0,"key":"SMITH"},{"data":"Eruption","floor":12.0,"key":"SMITH"},{"floor":15.0,"key":"REST"},{"data":"Blasphemy","floor":23.0,"key":"SMITH"},{"data":"Devotion","floor":25.0,"key":"SMITH"},{"data":"Halt","floor":29.0,"key":"SMITH"},{"data":"Prostrate","floor":32.0,"key":"SMITH"},{"data":"Swivel","floor":41.0,"key":"SMITH"},{"data":"WaveOfTheHand","floor":47.0,"key":"SMITH"},{"data":"Prostrate","floor":49.0,"key":"SMITH"}],"circlet_count":0,"master_deck":["AscendersBane","Strike_P+1","Defend_P+1","Defend_P+1","Eruption+1","Vigilance","Scrawl+1","Swivel+1","ForeignInfluence+1","BowlingBash+1","Blasphemy+1","Tantrum+1","Sanctity","Devotion+1","Halt+1","EmptyBody","Prostrate+1","Ragnarok+1","ForeignInfluence+1","EmptyMind","Prostrate+1","WaveOfTheHand+1"],"relics":["PureWater","Bloody Idol","Akabeko","Molten Egg 2","Lantern","Philosopher\u0027s Stone","CeramicFish","Empty Cage","Bottled Lightning","Eternal Feather","Art of War","Ancient Tea Set","Potion Belt"],"acts_visited":["Exordium","TheCity","TheBeyond"],"potions_floor_usage":[51],"damage_taken":[{"damage":0.0,"enemies":"Jaw Worm","floor":1.0,"turns":3.0},{"damage":0.0,"enemies":"Small Slimes","floor":4.0,"turns":3.0},{"damage":0.0,"enemies":"Gremlin Nob","floor":10.0,"turns":2.0},{"damage":0.0,"enemies":"Cultist","floor":13.0,"turns":2.0},{"damage":47.0,"enemies":"Hexaghost","floor":16.0,"turns":9.0},{"damage":0.0,"enemies":"Chosen","floor":18.0,"turns":2.0},{"damage":0.0,"enemies":"Spheric Guardian","floor":21.0,"turns":1.0},{"damage":0.0,"enemies":"Snecko","floor":27.0,"turns":1.0},{"damage":2.0,"enemies":"Centurion and Healer","floor":28.0,"turns":2.0},{"damage":2.0,"enemies":"Chosen and Byrds","floor":30.0,"turns":3.0},{"damage":3.0,"enemies":"3 Cultists","floor":31.0,"turns":3.0},{"damage":54.0,"enemies":"Champ","floor":33.0,"turns":8.0},{"damage":0.0,"enemies":"Orb Walker","floor":35.0,"turns":1.0},{"damage":0.0,"enemies":"3 Darklings","floor":38.0,"turns":1.0},{"damage":3.0,"enemies":"Nemesis","floor":40.0,"turns":3.0},{"damage":0.0,"enemies":"Sphere and 2 Shapes","floor":42.0,"turns":1.0},{"damage":0.0,"enemies":"Reptomancer","floor":45.0,"turns":1.0},{"damage":43.0,"enemies":"Awakened One","floor":50.0,"turns":12.0},{"damage":50,"enemies":"Time Eater","floor":51,"turns":5}],"seed_played":"-1926876560609342625","potions_obtained":[{"floor":4.0,"key":"Fire Potion"},{"floor":10.0,"key":"SkillPotion"},{"floor":16.0,"key":"AttackPotion"},{"floor":18.0,"key":"Ambrosia"},{"floor":30.0,"key":"Strength Potion"},{"floor":33.0,"key":"ColorlessPotion"},{"floor":36.0,"key":"Fruit Juice"},{"floor":36.0,"key":"Regen Potion"},{"floor":48.0,"key":"AttackPotion"},{"floor":48.0,"key":"Block Potion"}],"is_trial":false,"path_per_floor":["M","?","?","M","$","R","?","R","T","E","?","R","M","T","R","B",null,"M","?","$","M","?","R","?","R","T","M","M","R","M","M","R","B",null,"M","?","$","M","$","E","R","M","T","$","E","T","R","?","R","B","B"],"character_chosen":"WATCHER","items_purchased":["Tantrum+1","Bottled Lightning","Prostrate"],"campfire_rested":1,"item_purchase_floors":[20,37,44],"current_hp_per_floor":[61,61,55,55,55,55,55,55,55,55,44,44,44,44,62,15,50,50,50,50,50,50,50,50,50,50,60,62,62,62,62,62,18,51,56,61,61,66,66,67,67,67,67,67,67,67,67,67,67,38,0,0],"gold":91,"neow_bonus":"THREE_RARE_CARDS","is_daily":false,"chose_seed":false,"campfire_upgraded":10,"win_rate":0.0,"timestamp":1609792837,"path_taken":["M","?","?","?","$","R","?","R","T","E","?","R","M","?","R","BOSS","M","?","$","M","?","R","?","R","T","M","?","R","M","?","R","BOSS","M","?","$","?","?","E","R","M","T","$","E","?","R","?","R","BOSS","BOSS"],"items_purchased_type":["Card","Relic","Card"],"build_version":"2020-12-22","purchased_purges":2,"victory":false,"max_hp_per_floor":[68,68,68,68,68,68,62,62,62,62,62,62,62,62,62,62,62,62,62,62,62,62,62,62,62,62,62,62,62,62,62,62,62,62,62,67,67,67,67,67,67,67,67,67,67,67,67,67,67,67,67,67],"card_choices":[{"not_picked":["ConjureBlade","Omniscience"],"picked":"Scrawl","floor":0.0},{"not_picked":["Prostrate","SashWhip"],"picked":"Swivel","floor":1.0},{"not_picked":["Worship","PathToVictory"],"picked":"ForeignInfluence","floor":4.0},{"not_picked":["ThirdEye","Adaptation","FollowUp+1"],"picked":"SKIP","floor":10.0},{"not_picked":["Meditate","Crescendo"],"picked":"BowlingBash+1","floor":13.0},{"not_picked":["MasterReality","Brilliance+1"],"picked":"Blasphemy","floor":16.0},{"not_picked":["DeceiveReality","EmptyFist+1","FlurryOfBlows+1"],"picked":"SKIP","floor":18.0},{"not_picked":["Tantrum+1","Crescendo","SashWhip+1"],"picked":"SKIP","floor":21.0},{"not_picked":["SignatureMove+1","SashWhip+1"],"picked":"Halt","floor":27.0},{"not_picked":["CarveReality+1","JustLucky+1"],"picked":"EmptyBody","floor":28.0},{"not_picked":["Adaptation","Protect"],"picked":"Prostrate","floor":30.0},{"not_picked":["LikeWater","Study","Judgement"],"picked":"SKIP","floor":31.0},{"not_picked":["SpiritShield","Judgement"],"picked":"Ragnarok+1","floor":33.0},{"not_picked":["EmptyFist+1","LikeWater","ClearTheMind"],"picked":"SKIP","floor":35.0},{"not_picked":["JustLucky+1","Evaluate","Wireheading"],"picked":"SKIP","floor":38.0},{"not_picked":["Ragnarok+1","JustLucky+1"],"picked":"ForeignInfluence+1","floor":40.0},{"not_picked":["Weave+1","SignatureMove+1"],"picked":"EmptyMind","floor":42.0},{"not_picked":["CutThroughFate+1","FollowUp+1"],"picked":"WaveOfTheHand","floor":45.0}],"player_experience":991718,"relics_obtained":[{"floor":9.0,"key":"Akabeko"},{"floor":10.0,"key":"Molten Egg 2"},{"floor":14.0,"key":"Lantern"},{"floor":26.0,"key":"CeramicFish"},{"floor":40.0,"key":"Eternal Feather"},{"floor":43.0,"key":"Art of War"},{"floor":45.0,"key":"Ancient Tea Set"},{"floor":46.0,"key":"Potion Belt"}],"event_choices":[{"cards_removed":["Strike_P"],"damage_healed":0.0,"max_hp_gain":0.0,"max_hp_loss":0.0,"gold_gain":0.0,"event_name":"Living Wall","player_choice":"Forget","floor":2.0,"gold_loss":0.0,"damage_taken":0.0},{"damage_healed":0.0,"max_hp_gain":0.0,"max_hp_loss":0.0,"gold_gain":50.0,"event_name":"FaceTrader","player_choice":"Touch","floor":3.0,"gold_loss":0.0,"damage_taken":6.0},{"damage_healed":0.0,"max_hp_gain":0.0,"max_hp_loss":6.0,"gold_gain":0.0,"event_name":"Golden Idol","player_choice":"Lose Max HP","floor":7.0,"gold_loss":0.0,"damage_taken":0.0,"relics_obtained":["Golden Idol"]},{"damage_healed":0.0,"max_hp_gain":0.0,"max_hp_loss":0.0,"gold_gain":75.0,"event_name":"World of Goop","player_choice":"Gather Gold","floor":11.0,"gold_loss":0.0,"damage_taken":11.0},{"damage_healed":0.0,"max_hp_gain":0.0,"max_hp_loss":0.0,"gold_gain":0.0,"event_name":"Back to Basics","player_choice":"Simplicity","floor":19.0,"gold_loss":0.0,"damage_taken":0.0,"cards_upgraded":["Strike_P","Strike_P","Strike_P","Defend_P","Defend_P","Defend_P"]},{"damage_healed":0.0,"max_hp_gain":0.0,"max_hp_loss":0.0,"gold_gain":0.0,"event_name":"Forgotten Altar","player_choice":"Gave Idol","floor":22.0,"relics_lost":["Golden Idol"],"gold_loss":0.0,"damage_taken":0.0,"relics_obtained":["Bloody Idol"]},{"damage_healed":0.0,"max_hp_gain":0.0,"max_hp_loss":0.0,"gold_gain":0.0,"event_name":"Match and Keep!","player_choice":"2 cards matched","floor":24.0,"gold_loss":0.0,"damage_taken":0.0,"cards_obtained":["Sanctity","Devotion"]},{"damage_healed":0.0,"max_hp_gain":0.0,"max_hp_loss":0.0,"gold_gain":0.0,"event_name":"Lab","player_choice":"Got Potions","floor":36.0,"gold_loss":0.0,"damage_taken":0.0},{"damage_healed":0.0,"max_hp_gain":0.0,"max_hp_loss":0.0,"gold_gain":0.0,"event_name":"The Woman in Blue","player_choice":"Bought 3 Potions","floor":48.0,"gold_loss":0.0,"damage_taken":0.0}],"is_beta":false,"boss_relics":[{"not_picked":["HolyWater","Coffee Dripper"],"picked":"Philosopher\u0027s Stone"},{"not_picked":["Runic Pyramid","Runic Dome"],"picked":"Empty Cage"}],"items_purged_floors":[5,20],"is_endless":false,"potions_floor_spawned":[4,10,16,18,30,33,38,40,45],"killed_by":"Time Eater","ascension_level":20}}