{"host":"qy6st0zp32tctd9l","time":1609733241,"event":{"mods":["BaseMod","Colored Map","Downfall","GifTheSpireLib","Hermit","Marisa£®ÏF”Í°°ƒß¿Ì…≥£©","Minty Spire (QoL Compilation)","Remilia£®¿Ÿ√◊¿Ú—«£©","StSLib","The Cursed","The Servant 0.9.4","UnlockEverythingMod"],"gold_per_floor":[113,124,134,134,134,169,169,192,262,262,300,350,366,366,366],"floor_reached":14,"playtime":438,"items_purged":[],"score":180,"play_id":"b1d95ee5-8b1f-4b3e-9fe8-9009a83c7686","local_time":"20210104120721","is_ascension_mode":true,"campfire_choices":[{"data":"expansioncontent:CaCaw","floor":7.0,"key":"SMITH"},{"floor":10.0,"key":"REST"}],"circlet_count":0,"master_deck":["AscendersBane","Strike_MRS","Strike_MRS","Strike_MRS","Strike_MRS","Defend_MRS","Defend_MRS","Defend_MRS","Defend_MRS","MasterSpark","UpSweep","expansioncontent:CaCaw+1","GrandCross","SporeBomb","MilkyWay","GalacticHalo","CollectingQuirk","Occultation+1"],"relics":["MiniHakkero","Golden Idol","Gambling Chip","Toxic Egg 2","Toy Ornithopter","Kunai"],"acts_visited":["Exordium"],"potions_floor_usage":[14],"damage_taken":[{"damage":5.0,"enemies":"Cultist","floor":1.0,"turns":4.0},{"damage":7.0,"enemies":"Jaw Worm","floor":2.0,"turns":3.0},{"damage":3.0,"enemies":"2 Louse","floor":3.0,"turns":2.0},{"damage":25.0,"enemies":"Lagavulin","floor":6.0,"turns":7.0},{"damage":5.0,"enemies":"Gremlin Gang","floor":8.0,"turns":5.0},{"damage":10.0,"enemies":"Gremlin Nob","floor":11.0,"turns":3.0},{"damage":13,"enemies":"3 Louse","floor":13,"turns":3},{"damage":1,"enemies":"3 Sentries","floor":14,"turns":4}],"seed_played":"6483387203445701315","potions_obtained":[{"floor":2.0,"key":"ColorlessPotion"},{"floor":6.0,"key":"AttackPotion"},{"floor":13,"key":"SkillPotion"}],"is_trial":false,"path_per_floor":["M","M","M","?","?","E","R","M","T","R","E","?","M","E"],"character_chosen":"MARISA","items_purchased":[],"campfire_rested":1,"item_purchase_floors":[],"current_hp_per_floor":[58,51,48,48,48,23,23,18,18,36,26,20,7,11,11],"gold":366,"neow_bonus":"RANDOM_COLORLESS","is_daily":false,"chose_seed":false,"campfire_upgraded":1,"win_rate":0.0,"timestamp":1609733241,"path_taken":["M","M","M","?","?","E","R","M","T","R","E","?","M","E"],"items_purchased_type":[],"build_version":"2020-12-22","purchased_purges":0,"victory":false,"max_hp_per_floor":[70,70,70,70,63,63,63,63,63,63,63,63,63,63,63],"card_choices":[{"not_picked":["Forethought","Discovery"],"picked":"expansioncontent:CaCaw","floor":0.0},{"not_picked":["EventHorizon","6A"],"picked":"GrandCross","floor":1.0},{"not_picked":["DoubleSpark","UnstableBomb"],"picked":"SporeBomb","floor":2.0},{"not_picked":["NonDirectionalLaser","OortCloud"],"picked":"MilkyWay","floor":3.0},{"not_picked":["MachineGunSpark","PowerUp"],"picked":"GalacticHalo","floor":6.0},{"not_picked":["WitchLeyline","EnergyRecoil","Occultation"],"picked":"SKIP","floor":8.0},{"not_picked":["RefractionSpark","EventHorizon"],"picked":"CollectingQuirk","floor":11.0},{"not_picked":["MysteriousBeam","DoubleSpark"],"picked":"Occultation+1","floor":13}],"player_experience":147175,"relics_obtained":[{"floor":6.0,"key":"Gambling Chip"},{"floor":9.0,"key":"Toxic Egg 2"},{"floor":11.0,"key":"Toy Ornithopter"}],"event_choices":[{"damage_healed":0.0,"max_hp_gain":0.0,"max_hp_loss":0.0,"gold_gain":0.0,"event_name":"Liars Game","player_choice":"Ignored","floor":4.0,"gold_loss":0.0,"damage_taken":0.0},{"damage_healed":0.0,"max_hp_gain":0.0,"max_hp_loss":7.0,"gold_gain":0.0,"event_name":"Golden Idol","player_choice":"Lose Max HP","floor":5.0,"gold_loss":0.0,"damage_taken":0.0,"relics_obtained":["Golden Idol"]},{"damage_healed":0,"gold_gain":50,"player_choice":"Touch","damage_taken":6,"max_hp_gain":0,"max_hp_loss":0,"event_name":"FaceTrader","floor":12,"gold_loss":0}],"is_beta":false,"boss_relics":[],"items_purged_floors":[],"is_endless":false,"potions_floor_spawned":[2,6,13],"killed_by":"3 Sentries","ascension_level":16}}