{"host":"2se5dq1do2gp0x9k","time":1609748298,"event":{"mods":["AchievementEnabler","BaseMod","Block Reminder","Colored Map","Colored Powertips","Minty Spire (QoL Compilation)","Relic Stats","StSLib","SuperFastMode"],"gold_per_floor":[116,116,135,135,135,179,179,210,210,249,249,249,274,121,121,245,245,261,261,274,199,199,199,230,244,244,264,244,244,244],"floor_reached":29,"playtime":791,"items_purged":["Decay"],"score":454,"play_id":"14b695b7-817b-4652-a4e7-5c0facdaa353","local_time":"20210104001818","is_ascension_mode":true,"campfire_choices":[{"data":"Conclude","floor":7,"key":"SMITH"},{"data":"ForeignInfluence","floor":12,"key":"SMITH"},{"data":"BattleHymn","floor":15,"key":"SMITH"},{"data":"Worship","floor":23,"key":"SMITH"}],"circlet_count":0,"master_deck":["AscendersBane","Strike_P","Strike_P+1","Strike_P+1","Strike_P","Defend_P","Defend_P","Defend_P","Defend_P","Eruption+1","Vigilance","Conclude+1","ReachHeaven","CarveReality","ForeignInfluence+1","Evaluate","Evaluate","Worship+1","BattleHymn+1","MasterReality","CutThroughFate+1","Prostrate","Brilliance","ForeignInfluence","Pray+1","Tantrum+1"],"relics":["Black Star","Golden Idol","Question Card","Unceasing Top","Pantograph","Shuriken","Whetstone","Pen Nib","MealTicket","InkBottle","Coffee Dripper","Orichalcum","The Courier","Mercury Hourglass"],"acts_visited":["Exordium","TheCity"],"potions_floor_usage":[8,25],"damage_taken":[{"damage":4,"enemies":"2 Louse","floor":1,"turns":4},{"damage":0,"enemies":"Jaw Worm","floor":3,"turns":2},{"damage":30,"enemies":"Lagavulin","floor":6,"turns":7},{"damage":20,"enemies":"3 Sentries","floor":8,"turns":2},{"damage":10,"enemies":"Gremlin Nob","floor":10,"turns":3},{"damage":0,"enemies":"Small Slimes","floor":13,"turns":3},{"damage":31,"enemies":"Hexaghost","floor":16,"turns":9},{"damage":24,"enemies":"Shell Parasite","floor":18,"turns":4},{"damage":7,"enemies":"Chosen","floor":20,"turns":3},{"damage":0,"enemies":"Gremlin Leader","floor":24,"turns":4},{"damage":16,"enemies":"Snecko","floor":25,"turns":4},{"damage":18,"enemies":"Sentry and Sphere","floor":27,"turns":4},{"damage":0,"enemies":"Book of Stabbing","floor":29,"turns":2}],"seed_played":"1849407857290127525","potions_obtained":[{"floor":6,"key":"LiquidMemories"},{"floor":10,"key":"BottledMiracle"},{"floor":16,"key":"Swift Potion"},{"floor":24,"key":"FearPotion"},{"floor":28,"key":"Swift Potion"}],"is_trial":false,"path_per_floor":["M","?","M","?","?","E","R","E","T","E","T","R","M","$","R","B",null,"M","?","M","$","?","R","E","M","T","M","?","E"],"character_chosen":"WATCHER","items_purchased":["Worship","BattleHymn"],"campfire_rested":0,"item_purchase_floors":[14,14],"current_hp_per_floor":[61,61,61,61,66,36,36,16,16,6,6,6,6,21,21,15,58,34,34,27,42,42,42,42,26,26,8,8,8,8],"gold":244,"neow_bonus":"BOSS_RELIC","is_daily":false,"chose_seed":false,"campfire_upgraded":4,"win_rate":0.0,"timestamp":1609748298,"path_taken":["M","?","M","?","?","E","R","E","T","E","?","R","?","$","R","BOSS","M","?","M","$","?","R","E","M","T","?","?","E"],"items_purchased_type":["Card","Card"],"build_version":"2020-12-22","purchased_purges":1,"victory":false,"max_hp_per_floor":[72,72,72,67,72,72,72,72,72,72,72,72,72,72,72,72,72,72,72,72,72,72,72,72,72,72,72,72,72,72],"relic_stats":{"counters":[13,51],"Golden Idol":72,"Pen Nib":[6],"Whetstone":["Strike_P","Strike_P"],"Orichalcum":[18],"Question Card":9,"Mercury Hourglass":[12],"Shuriken":[11],"Pantograph":25,"MealTicket":30,"Black Star":4,"obtain_stats":[{"Golden Idol":4,"Pen Nib":10,"The Courier":24,"Whetstone":9,"Orichalcum":24,"Question Card":6,"Mercury Hourglass":26,"Shuriken":8,"Pantograph":8,"MealTicket":10,"Black Star":0,"Coffee Dripper":17,"PureWater":0,"Unceasing Top":6,"InkBottle":11},{"Golden Idol":2,"Pen Nib":5,"The Courier":10,"Whetstone":4,"Orichalcum":10,"Question Card":3,"Mercury Hourglass":11,"Shuriken":4,"Pantograph":4,"MealTicket":5,"Black Star":0,"Coffee Dripper":7,"PureWater":0,"Unceasing Top":3,"InkBottle":5},{"Golden Idol":6,"Pen Nib":18,"The Courier":41,"Whetstone":15,"Orichalcum":41,"Question Card":13,"Mercury Hourglass":45,"Shuriken":15,"Pantograph":15,"MealTicket":18,"Black Star":0,"Coffee Dripper":30,"PureWater":0,"Unceasing Top":13,"InkBottle":18}],"Unceasing Top":[1],"InkBottle":[12]},"card_choices":[{"not_picked":["Prostrate","BowlingBash"],"picked":"Conclude","floor":1},{"not_picked":["Sanctity","Weave"],"picked":"ReachHeaven","floor":3},{"not_picked":["Wireheading","Halt"],"picked":"CarveReality","floor":6},{"not_picked":["Adaptation","PathToVictory","ConjureBlade"],"picked":"ForeignInfluence","floor":8},{"not_picked":["ClearTheMind","FlurryOfBlows","BowlingBash"],"picked":"Evaluate","floor":10},{"not_picked":["Vengeance","FollowUp","Consecrate"],"picked":"Evaluate","floor":13},{"not_picked":["Ragnarok","Judgement","SpiritShield"],"picked":"MasterReality","floor":16},{"not_picked":["FollowUp+1","FlyingSleeves","Pray","Indignation"],"picked":"SKIP","floor":18},{"not_picked":["BowlingBash","CrushJoints","WindmillStrike"],"picked":"CutThroughFate+1","floor":20},{"not_picked":["SashWhip","Vault","Scrawl"],"picked":"ForeignInfluence","floor":24},{"not_picked":["SignatureMove","Sanctity","EmptyFist"],"picked":"Pray+1","floor":25},{"not_picked":["WreathOfFlame","EmptyBody","Swivel"],"picked":"Tantrum+1","floor":27}],"player_experience":3765911,"relics_obtained":[{"floor":6,"key":"Question Card"},{"floor":6,"key":"Unceasing Top"},{"floor":8,"key":"Pantograph"},{"floor":8,"key":"Shuriken"},{"floor":9,"key":"Whetstone"},{"floor":10,"key":"Pen Nib"},{"floor":10,"key":"MealTicket"},{"floor":11,"key":"InkBottle"},{"floor":24,"key":"Orichalcum"},{"floor":24,"key":"The Courier"},{"floor":26,"key":"Mercury Hourglass"}],"event_choices":[{"damage_healed":0,"gold_gain":0,"player_choice":"Grow","damage_taken":0,"max_hp_gain":0,"max_hp_loss":0,"event_name":"Living Wall","floor":2,"gold_loss":0,"cards_upgraded":["Eruption"]},{"damage_healed":0,"gold_gain":0,"player_choice":"Lose Max HP","damage_taken":0,"relics_obtained":["Golden Idol"],"max_hp_gain":0,"max_hp_loss":5,"event_name":"Golden Idol","floor":4,"gold_loss":0},{"damage_healed":0,"gold_gain":0,"player_choice":"Donut","damage_taken":0,"max_hp_gain":5,"max_hp_loss":0,"event_name":"Big Fish","floor":5,"gold_loss":0},{"damage_healed":0,"gold_gain":0,"player_choice":"Smashed Altar","damage_taken":0,"max_hp_gain":0,"max_hp_loss":0,"event_name":"Forgotten Altar","floor":19,"gold_loss":0,"cards_obtained":["Decay"]},{"damage_healed":0,"gold_gain":0,"player_choice":"2 cards matched","damage_taken":0,"max_hp_gain":0,"max_hp_loss":0,"event_name":"Match and Keep!","floor":22,"gold_loss":0,"cards_obtained":["Prostrate","Brilliance"]},{"damage_healed":0,"gold_gain":0,"player_choice":"Bought 1 Potion","damage_taken":0,"max_hp_gain":0,"max_hp_loss":0,"event_name":"The Woman in Blue","floor":28,"gold_loss":0}],"is_beta":false,"boss_relics":[{"not_picked":["Snecko Eye","Runic Dome"],"picked":"Coffee Dripper"}],"items_purged_floors":[21],"is_endless":false,"potions_floor_spawned":[6,10,16,24],"killed_by":"Book of Stabbing","ascension_level":12}}