{"host":"f5uumzf5hfexzk8l","time":1609730134,"event":{"mods":["AchievementEnabler","BaseMod","Colored Map","Googly Eyes","Highlight Path","Minty Spire (QoL Compilation)","Permanent Neow","Relic Stats","StSLib","SuperFastMode","Unceasing Turn Reminder","everything is the same but u backflip on backflip"],"gold_per_floor":[110,10,26,26,26,26,60,60,83,170,82,82,82],"floor_reached":12,"playtime":323,"items_purged":["Strike_P","Strike_P"],"score":107,"play_id":"91a59911-793d-46f4-ad2b-a8177a27b9ab","local_time":"20210103191534","is_ascension_mode":true,"campfire_choices":[{"data":"Eruption","floor":6,"key":"SMITH"},{"data":"Evaluate","floor":8,"key":"SMITH"}],"circlet_count":0,"master_deck":["Strike_P","Strike_P","Defend_P+1","Defend_P","Defend_P","Defend_P+1","Eruption+1","Vigilance","TalkToTheHand","ThirdEye","Evaluate+1","PathToVictory"],"relics":["SacredBark","Singing Bowl","MawBank"],"acts_visited":["Exordium"],"potions_floor_usage":[],"damage_taken":[{"damage":4,"enemies":"Small Slimes","floor":1,"turns":4},{"damage":0,"enemies":"2 Louse","floor":3,"turns":3},{"damage":26,"enemies":"Gremlin Nob","floor":7,"turns":3},{"damage":22,"enemies":"3 Sentries","floor":12,"turns":4}],"seed_played":"-4933259119894187286","potions_obtained":[],"is_trial":false,"path_per_floor":["M","$","M","?","?","R","E","R","T","?","$","E"],"character_chosen":"WATCHER","items_purchased":["ThirdEye"],"campfire_rested":0,"item_purchase_floors":[2],"current_hp_per_floor":[61,61,61,47,52,52,26,26,26,15,15,0,0],"gold":82,"neow_bonus":"BOSS_RELIC","is_daily":false,"chose_seed":false,"campfire_upgraded":2,"win_rate":0.0,"timestamp":1609730134,"path_taken":["M","$","M","?","?","R","E","R","T","?","$","E"],"items_purchased_type":["Card"],"build_version":"2020-12-22","purchased_purges":2,"victory":false,"max_hp_per_floor":[72,72,72,72,77,77,77,77,77,77,77,77,77],"relic_stats":{"Singing Bowl":0,"counters":[4,14],"MawBank":24,"obtain_stats":[{"Singing Bowl":7,"SacredBark":0,"PureWater":0,"MawBank":9},{"Singing Bowl":3,"SacredBark":0,"PureWater":0,"MawBank":3},{"Singing Bowl":10,"SacredBark":0,"PureWater":0,"MawBank":10}]},"card_choices":[{"not_picked":["Consecrate","FlurryOfBlows"],"picked":"TalkToTheHand","floor":1},{"not_picked":["Protect","ClearTheMind"],"picked":"Evaluate","floor":3},{"not_picked":["Fasting2","Pray"],"picked":"PathToVictory","floor":7}],"player_experience":372251,"relics_obtained":[{"floor":7,"key":"Singing Bowl"},{"floor":9,"key":"MawBank"}],"event_choices":[{"damage_healed":0,"gold_gain":0,"player_choice":"Entered Light","damage_taken":14,"max_hp_gain":0,"max_hp_loss":0,"event_name":"Shining Light","floor":4,"gold_loss":0,"cards_upgraded":["Defend_P","Defend_P"]},{"damage_healed":0,"gold_gain":0,"player_choice":"Donut","damage_taken":0,"max_hp_gain":5,"max_hp_loss":0,"event_name":"Big Fish","floor":5,"gold_loss":0},{"damage_healed":0,"gold_gain":75,"player_choice":"Gather Gold","damage_taken":11,"max_hp_gain":0,"max_hp_loss":0,"event_name":"World of Goop","floor":10,"gold_loss":0}],"is_beta":false,"boss_relics":[],"items_purged_floors":[2,11],"is_endless":false,"potions_floor_spawned":[],"killed_by":"3 Sentries","ascension_level":9}}