{"host":"ljavmhyz2e552xgo","time":1609797843,"event":{"mods":["BaseMod","Better Third Choice","Downfall","Friendly Minions","GungeonMod","Minty Spire (QoL Compilation)","Permanent Neow","Spicy Shops","StSLib"],"gold_per_floor":[0,13,188,188,200,214,239,255,266,191,220,220,232,332,343,446,446,446,446,446,446,446,446,446,446,446,446,431,431,78,78,78,78,78,78,78,78,78,6,6,6,6,6,6,6,6,6,6,6,6,6,6,6,6,6],"floor_reached":56,"playtime":5848,"items_purged":["Doubt"],"score":1169,"play_id":"2a33b335-3f45-4718-b887-707ea55dc958","local_time":"20210104160403","is_ascension_mode":false,"campfire_choices":[{"data":"Slimebound:Split","floor":1.0,"key":"SMITH"},{"data":"Slimebound:Replication","floor":10.0,"key":"SMITH"},{"data":"Slimebound:CorrosiveSpit","floor":12.0,"key":"SMITH"},{"data":"Slimebound:OneTwoCombo","floor":18,"key":"SMITH"},{"data":"Slimebound:RejuvenatingLick","floor":23,"key":"SMITH"},{"data":"Slimebound:FormOfPuddle","floor":26,"key":"SMITH"},{"floor":35,"key":"RECALL"},{"data":"Slimebound:RallyTheTroops","floor":44,"key":"SMITH"},{"floor":47,"key":"REST"},{"data":"Slimebound:LeechEnergy","floor":54,"key":"SMITH"}],"circlet_count":0,"master_deck":["Slimebound:Defend_Slimebound","Slimebound:Defend_Slimebound","Slimebound:Split+1","Slimebound:CorrosiveSpit+1","Slimebound:RallyTheTroops+1","Slimebound:SplitLeeching","Slimebound:Replication+1","Slimebound:ViciousTackle","Slimebound:Gluttony","Slimebound:RejuvenatingLick+1","Slimebound:SplitMire","Slimebound:Repurpose","Slimebound:FormOfPuddle+1","Slimebound:OneTwoCombo+1","Slimebound:SplitBruiser","Slimebound:TongueLash+1","Slimebound:Tackle+1","Slimebound:Tackle+1","Slimebound:Tackle+1","Slimebound:ItLooksTasty","Slimebound:Recycling","Slimebound:Repurpose","Slimebound:TongueLash","Slimebound:AcidTongue+1","Slimebound:MinionMaster","Slimebound:SelfFormingGoo+1","Slimebound:SlimeSlap+1","Slimebound:Replication+1","Slimebound:SplitLeeching+1","Slimebound:SplitAcid+1","Slimebound:LeechEnergy+1","Slimebound:LevelUp+1","expansioncontent:FaceSlap","Slimebound:LeechEnergy+1","Slimebound:AcidTongue","Slimebound:HauntingLick+1","Slimebound:SamplingLick+1"],"relics":["Slimebound:AbsorbEndCombat","downfall:HeartBlessingBlue","DemoMod:ChaffGrenade","downfall:Hecktoplasm","Ornamental Fan","Lantern","sneckomod:BlankCard","Astrolabe","downfall:HeartBlessingGreen","ClockworkSouvenir","Torii","Bottled Tornado","downfall:HeartBlessingRed","DemoMod:Antibody","Eternal Feather"],"acts_visited":["Exordium","TheCity","TheBeyond","TheEnding"],"potions_floor_usage":[25,33,40,50,55,55,55],"damage_taken":[{"damage":8.0,"enemies":"Small Slimes","floor":2.0,"turns":3.0},{"damage":9.0,"enemies":"Jaw Worm","floor":5.0,"turns":3.0},{"damage":8.0,"enemies":"Cultist","floor":6.0,"turns":3.0},{"damage":24.0,"enemies":"Gremlin Gang","floor":8.0,"turns":5.0},{"damage":16.0,"enemies":"Blue Slaver","floor":9.0,"turns":3.0},{"damage":32.0,"enemies":"Lagavulin","floor":11.0,"turns":6.0},{"damage":16.0,"enemies":"Red Slaver","floor":13.0,"turns":3.0},{"damage":27.0,"enemies":"Exordium Wildlife","floor":15.0,"turns":3.0},{"damage":51.0,"enemies":"downfall:Silent","floor":16.0,"turns":8.0},{"damage":27,"enemies":"Spheric Guardian","floor":19,"turns":4},{"damage":17,"enemies":"Chosen","floor":21,"turns":3},{"damage":39,"enemies":"Slavers","floor":25,"turns":4},{"damage":27,"enemies":"Sentry and Sphere","floor":27,"turns":4},{"damage":29,"enemies":"downfall:FleeingMerchant","floor":28,"turns":4},{"damage":52,"enemies":"Book of Stabbing","floor":29,"turns":4},{"damage":32,"enemies":"downfall:FleeingMerchant","floor":30,"turns":4},{"damage":31,"enemies":"Centurion and Healer","floor":31,"turns":4},{"damage":17,"enemies":"Snecko","floor":32,"turns":3},{"damage":54,"enemies":"downfall:Watcher","floor":33,"turns":5},{"damage":52,"enemies":"3 Shapes","floor":36,"turns":5},{"damage":64,"enemies":"3 Darklings","floor":37,"turns":4},{"damage":15,"enemies":"downfall:FleeingMerchant","floor":39,"turns":2},{"damage":75,"enemies":"Nemesis","floor":40,"turns":5},{"damage":18,"enemies":"Writhing Mass","floor":42,"turns":4},{"damage":67,"enemies":"2 Orb Walkers","floor":46,"turns":3},{"damage":18,"enemies":"Transient","floor":48,"turns":5},{"damage":28,"enemies":"Spire Growth","floor":49,"turns":3},{"damage":75,"enemies":"downfall:Ironclad","floor":50,"turns":6},{"damage":97,"enemies":"downfall:CharBossMerchant","floor":52,"turns":6},{"damage":117,"enemies":"downfall:NeowBoss","floor":55,"turns":19}],"seed_played":"51223379139152220","potions_obtained":[{"floor":4.0,"key":"downfall:CursedFountainPotion"},{"floor":6.0,"key":"Regen Potion"},{"floor":9.0,"key":"Fire Potion"},{"floor":16.0,"key":"BlessingOfTheForge"},{"floor":25,"key":"SkillPotion"},{"floor":29,"key":"AttackPotion"},{"floor":42,"key":"DemoMod:LeadSkinPotion"},{"floor":46,"key":"AttackPotion"},{"floor":52,"key":"Strength Potion"}],"is_trial":false,"path_per_floor":["R","M","?","?","M","M","T","M","M","R","E","R","M","?","M","B",null,"R","M","?","M","?","R","T","E","R","M","$","E","$","M","M","B",null,"R","M","M","?","$","E","T","M","?","R","$","?","R","M","M","B",null,"E","$","R","B",null],"character_chosen":"SLIMEBOUND","items_purchased":["sneckomod:BlankCard","Slimebound:TongueLash","ClockworkSouvenir"],"campfire_rested":1,"item_purchase_floors":[30,30,39],"current_hp_per_floor":[60,60,60,60,60,60,60,54,50,60,50,50,50,50,47,53,70,70,59,59,62,62,62,62,57,57,52,63,39,43,50,55,54,70,70,70,48,48,51,28,28,54,54,54,54,15,36,70,68,66,70,54,54,70,70],"gold":6,"neow_bonus":"THREE_RARE_CARDS","is_daily":false,"chose_seed":false,"campfire_upgraded":8,"win_rate":0.0,"timestamp":1609797843,"path_taken":["R","M","?","?","?","M","T","M","M","R","E","R","?","?","M","BOSS","R","M","?","M","?","R","T","E","R","M","$","E","?","M","M","BOSS","R","M","M","?","$","E","T","?","?","R","$","?","R","M","M","BOSS","E","$","R","BOSS"],"items_purchased_type":["Relic","Card","Relic"],"build_version":"2020-12-22","purchased_purges":1,"victory":true,"max_hp_per_floor":[60,60,60,60,60,60,60,60,60,70,70,70,70,70,70,70,70,70,70,70,70,70,70,70,70,70,70,70,70,70,70,70,70,70,70,70,70,70,70,70,70,70,70,70,70,70,70,70,70,70,70,70,70,70,70],"card_choices":[{"not_picked":["Slimebound:MinionMaster","Slimebound:DuplicatedForm"],"picked":"Slimebound:RallyTheTroops","floor":0.0},{"not_picked":["Slimebound:GrowthPunch","Slimebound:LivingWall"],"picked":"Slimebound:SplitLeeching","floor":2.0},{"not_picked":["Slimebound:SplitMire","Slimebound:ViciousTackle"],"picked":"Slimebound:Replication","floor":5.0},{"not_picked":["Slimebound:PressTheAttack","Slimebound:SlimeSpikes"],"picked":"Slimebound:ViciousTackle","floor":6.0},{"not_picked":["Slimebound:Schlurp","Slimebound:PressTheAttack"],"picked":"Slimebound:Gluttony","floor":8.0},{"not_picked":["Slimebound:SplitMire","Slimebound:ViciousTackle"],"picked":"Slimebound:RejuvenatingLick","floor":9.0},{"not_picked":["Slimebound:ViciousTackle","Slimebound:SlimeSpikes"],"picked":"Slimebound:SplitMire","floor":11.0},{"not_picked":["Slimebound:FinishingTackle","Slimebound:SelfFormingGoo"],"picked":"Slimebound:Repurpose","floor":13.0},{"not_picked":["Slimebound:LeadByExample","Slimebound:FlameTackle"],"picked":"Slimebound:FormOfPuddle","floor":15.0},{"not_picked":["Slimebound:DouseInSlime","Slimebound:SelfFormingGoo"],"picked":"Slimebound:OneTwoCombo","floor":16.0},{"not_picked":["Slimebound:Gluttony+1","Slimebound:ProtectTheBoss+1"],"picked":"Slimebound:SplitBruiser","floor":19},{"not_picked":["Slimebound:RollThrough","Slimebound:SamplingLick"],"picked":"Slimebound:TongueLash+1","floor":21},{"not_picked":["Slimebound:CheckThePlaybook","Slimebound:RollThrough"],"picked":"Slimebound:ItLooksTasty","floor":27},{"not_picked":["Slimebound:SplitMire","Slimebound:Nibble"],"picked":"Slimebound:Recycling","floor":29},{"not_picked":["Slimebound:Prepare","Slimebound:SplitAcid+1"],"picked":"Slimebound:Repurpose","floor":30},{"not_picked":["Slimebound:SplitMire+1","Slimebound:GrowthPunch"],"picked":"Slimebound:AcidTongue+1","floor":32},{"not_picked":["Slimebound:DouseInSlime","Slimebound:OozeBath"],"picked":"Slimebound:MinionMaster","floor":33},{"not_picked":["Slimebound:ComboTackle","Slimebound:LeechEnergy+1","Slimebound:PressTheAttack+1"],"picked":"SKIP","floor":36},{"not_picked":["Slimebound:SplitMire","Slimebound:FinishingTackle"],"picked":"Slimebound:SplitLeeching+1","floor":37},{"not_picked":["Slimebound:ComboTackle","Slimebound:Schlurp"],"picked":"Slimebound:SplitAcid+1","floor":39},{"not_picked":["Slimebound:FirmFortitude+1","Slimebound:BestDefense"],"picked":"Slimebound:LeechEnergy","floor":40},{"not_picked":["Slimebound:AcidTongue","Slimebound:MinionMaster"],"picked":"Slimebound:LevelUp+1","floor":42},{"not_picked":["expansioncontent:ChargeUp","expansioncontent:Collect"],"picked":"expansioncontent:FaceSlap","floor":43},{"not_picked":["Slimebound:Prepare","Slimebound:FinishingTackle"],"picked":"Slimebound:LeechEnergy+1","floor":46},{"not_picked":["Slimebound:ViciousTackle","Slimebound:FinishingTackle+1"],"picked":"Slimebound:AcidTongue","floor":48},{"not_picked":["Slimebound:SplitLeeching","Slimebound:Chomp+1"],"picked":"Slimebound:HauntingLick+1","floor":49},{"not_picked":["Slimebound:Schlurp+1","Slimebound:GrowthPunch"],"picked":"Slimebound:SamplingLick+1","floor":52}],"player_experience":1467818,"relics_obtained":[{"floor":11.0,"key":"DemoMod:ChaffGrenade"},{"floor":24,"key":"Ornamental Fan"},{"floor":25,"key":"Orichalcum"},{"floor":29,"key":"Lantern"},{"floor":40,"key":"Torii"},{"floor":41,"key":"Bottled Tornado"},{"floor":46,"key":"DemoMod:Antibody"},{"floor":52,"key":"Eternal Feather"}],"event_choices":[{"damage_healed":0,"gold_gain":0,"player_choice":"Ignored","damage_taken":0,"max_hp_gain":0,"max_hp_loss":0,"event_name":"Vampires","floor":20,"gold_loss":0},{"damage_healed":0,"gold_gain":0,"player_choice":"Fight","damage_taken":0,"max_hp_gain":0,"max_hp_loss":0,"event_name":"Mysterious Sphere","floor":46,"gold_loss":0}],"is_beta":false,"boss_relics":[{"not_picked":["Pandora\u0027s Box","Calling Bell"],"picked":"downfall:Hecktoplasm"},{"not_picked":["Runic Pyramid","Velvet Choker"],"picked":"Astrolabe"}],"items_purged_floors":[30],"is_endless":false,"potions_floor_spawned":[6,9,13,16,25,29,31,42,46,49,52],"ascension_level":0}}