{"host":"0cm5wy4nhuju7tij","time":1609721910,"event":{"mods":["2.2 Compatiblity","AchievementEnabler","Arknights The Spire","Aspiration","BaseMod","Better Third Choice","BetterRewards","CCEM","CapriCore","Colored Powertips","Custom Start","Displayed Cursed Tome","Downfall","Energized Spire","Evolution","Filter the Spire","Fireblade Mod","Hermit","Highlight Path","Jess\u0027s Bottle","Minty Spire (QoL Compilation)","Permanent Neow","Railgun Mod","Relic Stats","Shop Mod","Spicy Shops","StSLib","The Cursed","The Servant 0.9.4"],"gold_per_floor":[111,127,137,153,166,166,193,193,193,26,48,75,104,104,104,210,210,235,262,262,262],"floor_reached":20,"playtime":1072,"items_purged":[],"score":180,"play_id":"4d74a6a3-7e1f-4558-bcd4-37d2ee8b5fc3","local_time":"20210103195830","is_ascension_mode":false,"campfire_choices":[{"data":"FireBladeMod:GetPumped","floor":6,"key":"SMITH"},{"data":"FireBladeMod:Arson","floor":8,"key":"SMITH"},{"data":"FireBladeMod:PyromancerForm","floor":15,"key":"SMITH"}],"circlet_count":0,"master_deck":["FireBladeMod:StrikeFireBlade","FireBladeMod:StrikeFireBlade","FireBladeMod:StrikeFireBlade","FireBladeMod:StrikeFireBlade","FireBladeMod:DefendFireBlade","FireBladeMod:DefendFireBlade","FireBladeMod:DefendFireBlade","FireBladeMod:DefendFireBlade","FireBladeMod:FlamingSword","FireBladeMod:FireBarrier","FireBladeMod:GetPumped+1","FireBladeMod:ComboCleave","FireBladeMod:EruptionSlash","FireBladeMod:ThirdDegree","FireBladeMod:Arson+1","FireBladeMod:PyromancerForm+1","FireBladeMod:IronEndurance","FireBladeMod:Accelerant","FireBladeMod:RapidDodges","FireBladeMod:Turtle","FireBladeMod:RapidHits","FireBladeMod:ComplexAttack","FireBladeMod:Flames"],"relics":["jessBottle:WaterBottleRelic","aspiration:Nostalgia","FireBladeMod:DuelistLocket","Bottled Tornado","CeramicFish","Snecko Eye"],"acts_visited":["Exordium","TheCity"],"potions_floor_usage":[],"damage_taken":[{"damage":0,"enemies":"Jaw Worm","floor":1,"turns":2},{"damage":0,"enemies":"Cultist","floor":2,"turns":3},{"damage":0,"enemies":"Small Slimes","floor":3,"turns":4},{"damage":0,"enemies":"Looter","floor":4,"turns":3},{"damage":2,"enemies":"2 Fungi Beasts","floor":5,"turns":4},{"damage":24,"enemies":"Gremlin Nob","floor":7,"turns":4},{"damage":0,"enemies":"Lots of Slimes","floor":11,"turns":2},{"damage":26,"enemies":"Exordium Thugs","floor":12,"turns":4},{"damage":0,"enemies":"2 Fungi Beasts","floor":13,"turns":3},{"damage":40,"enemies":"Slime Boss","floor":16,"turns":10},{"damage":15,"enemies":"Spheric Guardian","floor":18,"turns":4},{"damage":26,"enemies":"2 Thieves","floor":19,"turns":5},{"damage":30,"enemies":"Snake Plant","floor":20,"turns":2}],"seed_played":"-806724567682174563","potions_obtained":[{"floor":1,"key":"SpeedPotion"},{"floor":3,"key":"hexamod:EctoCoolerPotion"},{"floor":13,"key":"ColorlessPotion"}],"is_trial":false,"path_per_floor":["M","M","M","M","M","R","E","R","T","$","M","M","M","?","R","B",null,"M","M","M"],"character_chosen":"THE_FIREBLADE","items_purchased":["FireBladeMod:PyromancerForm","FireBladeMod:IronEndurance"],"campfire_rested":0,"item_purchase_floors":[10,10],"current_hp_per_floor":[70,70,70,70,68,68,44,44,44,44,44,18,18,70,70,30,70,55,29,0,0],"gold":262,"neow_bonus":"NOSTALGIA","is_daily":false,"chose_seed":false,"campfire_upgraded":3,"win_rate":0.0,"timestamp":1609721910,"path_taken":["M","M","M","M","M","R","E","R","T","$","M","M","M","?","R","BOSS","M","M","M"],"items_purchased_type":["Card","Card"],"build_version":"2020-12-22","purchased_purges":0,"victory":false,"max_hp_per_floor":[70,70,70,70,70,70,70,70,70,70,70,70,70,70,70,70,70,70,70,70,70],"relic_stats":{"counters":[13,50],"CeramicFish":72,"Snecko Eye":[16,21,17,25],"obtain_stats":[{"FireBladeMod:DuelistLocket":0,"aspiration:Nostalgia":0,"CeramicFish":9,"Snecko Eye":17,"EVO:Axolotl":0,"Bottled Tornado":7,"jessBottle:WaterBottleRelic":0},{"FireBladeMod:DuelistLocket":0,"aspiration:Nostalgia":0,"CeramicFish":6,"Snecko Eye":10,"EVO:Axolotl":0,"Bottled Tornado":6,"jessBottle:WaterBottleRelic":0},{"FireBladeMod:DuelistLocket":0,"aspiration:Nostalgia":0,"CeramicFish":20,"Snecko Eye":39,"EVO:Axolotl":0,"Bottled Tornado":20,"jessBottle:WaterBottleRelic":0}]},"card_choices":[{"not_picked":["FireBladeMod:BackhandSwing","FireBladeMod:SmokeInTheEyes"],"picked":"FireBladeMod:GetPumped","floor":1},{"not_picked":["FireBladeMod:SoulStrike","FireBladeMod:FerventSlash"],"picked":"FireBladeMod:ComboCleave","floor":2},{"not_picked":["FireBladeMod:WellPrepared","FireBladeMod:FinishingBarrage"],"picked":"FireBladeMod:EruptionSlash","floor":3},{"not_picked":["FireBladeMod:WellPrepared","FireBladeMod:AbsorbEnergy"],"picked":"FireBladeMod:ThirdDegree","floor":4},{"not_picked":["FireBladeMod:BasicSmash","FireBladeMod:HealthyEndurance"],"picked":"FireBladeMod:ThirdDegree","floor":5},{"not_picked":["FireBladeMod:Blitzkreig","FireBladeMod:OverCharge"],"picked":"FireBladeMod:Arson","floor":7},{"not_picked":["FireBladeMod:SmokySwing","FireBladeMod:ComboSlashes"],"picked":"FireBladeMod:Accelerant","floor":11},{"not_picked":["FireBladeMod:FerventSlash","FireBladeMod:FlashBang"],"picked":"FireBladeMod:RapidDodges","floor":12},{"not_picked":["FireBladeMod:WellPrepared","FireBladeMod:AbsorbEnergy"],"picked":"FireBladeMod:Turtle","floor":13},{"not_picked":["FireBladeMod:FinalSmash","FireBladeMod:GlassGreatsword"],"picked":"FireBladeMod:RapidHits","floor":16},{"not_picked":["FireBladeMod:ComboCleave","FireBladeMod:RollWithTheBlow"],"picked":"FireBladeMod:ComplexAttack","floor":18},{"not_picked":["FireBladeMod:SmashingEndurance","FireBladeMod:ArmSmash"],"picked":"FireBladeMod:Flames","floor":19}],"player_experience":326952,"relics_obtained":[{"floor":0,"key":"jessBottle:WaterBottleRelic"},{"floor":7,"key":"Bottled Tornado"},{"floor":9,"key":"CeramicFish"}],"event_choices":[{"cards_removed":["FireBladeMod:ThirdDegree"],"damage_healed":52,"gold_gain":0,"player_choice":"Offered Uncommon","damage_taken":0,"max_hp_gain":0,"max_hp_loss":0,"event_name":"Bonfire Elementals","floor":14,"gold_loss":0}],"is_beta":false,"boss_relics":[{"not_picked":["Runic Dome","energizedSpire:SpiderWeb"],"picked":"Snecko Eye"}],"items_purged_floors":[],"is_endless":false,"potions_floor_spawned":[1,3,13,16],"killed_by":"Snake Plant","ascension_level":0}}