{"host":"qwv9nni2x0umspiu","time":1609727010,"event":{"mods":["BaseMod","Downfall","Minty Spire (QoL Compilation)","Replay The Spire","StSLib","The Hierophant","Wandering Minibosses"],"gold_per_floor":[115,115,130,130,55,82,82,112,112,112,124,143,143,159,159,184,184,194,192,92,92,88,88,80,80,80,101,153,163,190,207,207,270,270,272,280,293,168,168,174,24,36,36,36,24,24,25,25,25,15,5],"floor_reached":52,"playtime":1923,"items_purged":["hierophant:Defend_Hierophant","hierophant:Defend_Hierophant","hierophant:Defend_Hierophant","hierophant:Strike_Hierophant"],"score":2353,"play_id":"26acf88f-332d-4cac-bd51-767b36fcf6bd","local_time":"20210103182330","is_ascension_mode":true,"campfire_choices":[{"data":"hierophant:ChurchCoffers","floor":10.0,"key":"SMITH"},{"floor":13.0,"key":"REST"},{"data":"hierophant:Punish","floor":15.0,"key":"SMITH"},{"data":"hierophant:Exaltation","floor":23.0,"key":"SMITH"},{"data":"hierophant:Racketeering","floor":25.0,"key":"SMITH"},{"data":"hierophant:HammerAndAnvil","floor":46,"key":"SMITH"},{"data":"hierophant:HammerAndAnvil","floor":49,"key":"SMITH"}],"circlet_count":0,"master_deck":["AscendersBane","hierophant:Strike_Hierophant","hierophant:Punish+1","hierophant:Defend_Hierophant","hierophant:ChurchCoffers+1","hierophant:Zeal","hierophant:Smite","hierophant:Exaltation+1","hierophant:Racketeering","hierophant:Racketeering+1","hierophant:Community+1","hierophant:HammerAndAnvil+1","hierophant:Shelter","hierophant:Alms+1","hierophant:HammerAndAnvil+1"],"relics":["hierophant:PropheticMaskRelic","NeowsBlessing","StoneCalendar","ReplayTheSpireMod:Lightbulb","Chameleon Ring","Bottled Flame","Singing Bowl","Blue Doll","Pet Ghost","Girya","Pear","Regal Pillow"],"acts_visited":["Exordium","TheCity","TheBeyond"],"potions_floor_usage":[50],"damage_taken":[{"damage":0.0,"enemies":"2 Louse","floor":1.0,"turns":1.0},{"damage":0.0,"enemies":"Small Slimes","floor":3.0,"turns":1.0},{"damage":0.0,"enemies":"Lagavulin","floor":6.0,"turns":1.0},{"damage":32.0,"enemies":"Gremlin Nob","floor":8.0,"turns":4.0},{"damage":0.0,"enemies":"Cultist","floor":11.0,"turns":2.0},{"damage":12.0,"enemies":"Looter","floor":12.0,"turns":3.0},{"damage":6.0,"enemies":"Exordium Wildlife","floor":14.0,"turns":3.0},{"damage":21.0,"enemies":"Hexaghost","floor":16.0,"turns":8.0},{"damage":18.0,"enemies":"Chosen","floor":18.0,"turns":4.0},{"damage":11.0,"enemies":"Shell Parasite","floor":19.0,"turns":2.0},{"damage":0.0,"enemies":"Snake Plant","floor":22.0,"turns":1.0},{"damage":0.0,"enemies":"Cultist and Chosen","floor":24.0,"turns":2.0},{"damage":0.0,"enemies":"Book of Stabbing","floor":27.0,"turns":1.0},{"damage":0.0,"enemies":"3 Cultists","floor":29.0,"turns":2.0},{"damage":0.0,"enemies":"Gremlin Leader","floor":30.0,"turns":1.0},{"damage":0.0,"enemies":"Shelled Parasite and Fungi","floor":31.0,"turns":1.0},{"damage":0.0,"enemies":"Collector","floor":33.0,"turns":3.0},{"damage":0.0,"enemies":"3 Darklings","floor":35.0,"turns":2.0},{"damage":0.0,"enemies":"Orb Walker","floor":36.0,"turns":2.0},{"damage":0.0,"enemies":"Maw","floor":37.0,"turns":3.0},{"damage":0.0,"enemies":"Jaw Worm Horde","floor":39.0,"turns":1.0},{"damage":7,"enemies":"R_Hoarder","floor":40,"turns":5},{"damage":18,"enemies":"Reptomancer","floor":42,"turns":3},{"damage":0,"enemies":"Writhing Mass","floor":45,"turns":1},{"damage":0,"enemies":"4 Shapes","floor":47,"turns":1},{"damage":9,"enemies":"Awakened One","floor":50,"turns":3},{"damage":0,"enemies":"Donu and Deca","floor":51,"turns":3}],"seed_played":"-1634018866646732897","potions_obtained":[{"floor":3.0,"key":"Toxic Potion"},{"floor":11.0,"key":"sneckomod:MuddlingPotion"},{"floor":12.0,"key":"Guardian:BlockOnCardUsePotion"},{"floor":22.0,"key":"AttackPotion"},{"floor":27.0,"key":"LiquidBronze"},{"floor":29.0,"key":"champ:CounterPotion"}],"is_trial":false,"path_per_floor":["M","?","M","?","$","E","?","E","T","R","M","M","R","M","R","B",null,"M","M","$","?","M","R","M","R","T","E","T","M","E","M","R","B",null,"M","M","M","$","M","E","$","E","T","?","M","R","M","?","R","B","B",null],"character_chosen":"HIEROPHANT","items_purchased":[],"campfire_rested":1,"item_purchase_floors":[],"current_hp_per_floor":[68,61,61,50,50,50,50,18,18,18,18,6,28,22,22,1,57,39,28,28,28,28,28,28,28,28,28,28,28,28,30,53,55,73,73,73,75,75,77,82,82,66,66,66,68,68,70,70,70,61,61],"gold":5,"neow_bonus":"THREE_ENEMY_KILL","is_daily":false,"chose_seed":false,"campfire_upgraded":6,"win_rate":0.0,"timestamp":1609727010,"path_taken":["M","?","M","?","$","E","?","E","T","R","?","M","R","M","R","BOSS","M","M","$","?","M","R","M","R","T","E","?","M","E","M","R","BOSS","M","M","M","$","M","E","$","E","T","?","M","R","M","?","R","BOSS","BOSS"],"items_purchased_type":[],"build_version":"2020-12-22","purchased_purges":4,"victory":true,"max_hp_per_floor":[75,75,75,75,75,75,75,75,75,75,75,75,75,75,75,75,75,75,75,75,75,75,75,75,75,75,75,75,75,75,77,77,79,79,79,79,81,81,83,95,95,97,97,97,99,99,101,101,101,101,101],"card_choices":[{"not_picked":["hierophant:FlamingChariot","hierophant:HolyVerse","hierophant:ConvertCurrency"],"picked":"SKIP","floor":1.0},{"not_picked":["hierophant:HolyVerse","hierophant:Rebuild"],"picked":"hierophant:Zeal","floor":3.0},{"not_picked":["hierophant:Zeal","hierophant:FlamingChariot"],"picked":"hierophant:Smite","floor":6.0},{"not_picked":["hierophant:Doomsaying","hierophant:HolyVerse","hierophant:DisplayOfPower"],"picked":"SKIP","floor":8.0},{"not_picked":["hierophant:Encroach","hierophant:RustyCrate"],"picked":"hierophant:Exaltation","floor":11.0},{"not_picked":["hierophant:Bribe","hierophant:Levitation","hierophant:CoinFling"],"picked":"SKIP","floor":12.0},{"not_picked":["hierophant:Remorse","hierophant:ThreeLashes","hierophant:Sermon"],"picked":"SKIP","floor":14.0},{"not_picked":["hierophant:Dazzle","hierophant:Encroach","hierophant:Purify"],"picked":"SKIP","floor":18.0},{"not_picked":["hierophant:PassingBell","hierophant:Smite+1"],"picked":"hierophant:Racketeering","floor":19.0},{"not_picked":["hierophant:Doubloon","hierophant:Smite","hierophant:FieryStrike"],"picked":"SKIP","floor":22.0},{"not_picked":["hierophant:SolarFlare","hierophant:RepressedViolence"],"picked":"hierophant:Racketeering","floor":24.0},{"not_picked":["hierophant:Zeal+1","hierophant:CoinFling"],"picked":"hierophant:Community","floor":27.0},{"not_picked":["hierophant:AuricBeam","hierophant:PassingBell"],"picked":"hierophant:HammerAndAnvil","floor":29.0},{"not_picked":["hierophant:FaithHealing+1","hierophant:Bribe"],"picked":"hierophant:Shelter","floor":30.0},{"not_picked":["hierophant:FieryStrike","hierophant:Generosity","hierophant:Blessing"],"picked":"Singing Bowl","floor":31.0},{"not_picked":["hierophant:MintersHammer","hierophant:Invocation","hierophant:Anathema"],"picked":"Singing Bowl","floor":33.0},{"not_picked":["hierophant:Zeal","hierophant:Doubloon"],"picked":"hierophant:Alms+1","floor":35.0},{"not_picked":["hierophant:SealAway","hierophant:Zeal"],"picked":"hierophant:HammerAndAnvil","floor":36.0},{"not_picked":["hierophant:RecallFunds","hierophant:Shelter","hierophant:CoinFling"],"picked":"Singing Bowl","floor":37.0},{"not_picked":["hierophant:Smite","hierophant:ThreeLashes","hierophant:RustyCrate+1"],"picked":"Singing Bowl","floor":39.0},{"not_picked":["hierophant:AuricForm","hierophant:RustyCrate","hierophant:Doomsaying"],"picked":"Singing Bowl","floor":40},{"not_picked":["hierophant:Doubloon","hierophant:OrnateBuckler+1","hierophant:Kindle"],"picked":"Singing Bowl","floor":42},{"not_picked":["hierophant:RustyCrate","hierophant:Embezzle","hierophant:OrnateBuckler"],"picked":"Singing Bowl","floor":45},{"not_picked":["hierophant:OrnateBuckler","hierophant:FieryStrike","hierophant:Martyrdom"],"picked":"Singing Bowl","floor":47}],"player_experience":1337226,"relics_obtained":[{"floor":6.0,"key":"ReplayTheSpireMod:Lightbulb"},{"floor":8.0,"key":"Chameleon Ring"},{"floor":9.0,"key":"Bottled Flame"},{"floor":26.0,"key":"Singing Bowl"},{"floor":27.0,"key":"Blue Doll"},{"floor":28.0,"key":"Pet Ghost"},{"floor":30.0,"key":"Girya"},{"floor":40,"key":"Pear"},{"floor":42,"key":"Regal Pillow"}],"event_choices":[{"cards_removed":["hierophant:Strike_Hierophant"],"damage_healed":0.0,"max_hp_gain":0.0,"max_hp_loss":0.0,"gold_gain":0.0,"event_name":"Golden Wing","player_choice":"Card Removal","floor":2.0,"gold_loss":0.0,"damage_taken":7.0},{"damage_healed":0.0,"max_hp_gain":0.0,"max_hp_loss":0.0,"gold_gain":0.0,"event_name":"Scrap Ooze","player_choice":"Success","floor":4.0,"gold_loss":0.0,"damage_taken":11.0,"relics_obtained":["StoneCalendar"]},{"cards_removed":["hierophant:Strike_Hierophant"],"damage_healed":0.0,"max_hp_gain":0.0,"max_hp_loss":0.0,"gold_gain":0.0,"event_name":"Purifier","player_choice":"Purged","floor":7.0,"gold_loss":0.0,"damage_taken":0.0},{"damage_healed":0.0,"max_hp_gain":0.0,"max_hp_loss":0.0,"gold_gain":0.0,"event_name":"Cursed Tome","player_choice":"Ignored","floor":21.0,"gold_loss":0.0,"damage_taken":0.0},{"damage_healed":0,"gold_gain":0,"player_choice":"Ignored","damage_taken":0,"max_hp_gain":0,"max_hp_loss":0,"event_name":"Tomb of Lord Red Mask","floor":44,"gold_loss":0}],"is_beta":false,"boss_relics":[{"not_picked":["Runic Pyramid","Painkiller Herb","Ectoplasm"]},{"not_picked":["Abe\u0027s Treasure","Runic Dome","Replay:Drink Me"]}],"items_purged_floors":[5,20,38,41],"is_endless":false,"potions_floor_spawned":[3,11,12,22,27,29,31,36,39,47],"ascension_level":20}}