{"host":"o5or1zybx7au40zl","time":1609797811,"event":{"mods":["Act Like it!","BaseMod","Better Third Choice","Conspire","Dota2Spire","Hubris","Minty Spire (QoL Compilation)","Replay The Spire","StSLib"],"gold_per_floor":[115,134,144,156,166,181,209,209,261,296,307,307,331,346,346,465,465,490,504,3,3,18,18,38,38,38,71,89,89,124,142,142,262,362,383,401,419,433,451,487,487,506,506,522,566,581,594,632,632,632,632,632,484,515,515,515],"floor_reached":55,"playtime":1941,"items_purged":[],"score":873,"play_id":"51b44c4f-cc6a-4e92-9bc8-92a67d7343de","local_time":"20210104230331","is_ascension_mode":false,"campfire_choices":[{"floor":8,"key":"RECALL"},{"floor":15,"key":"REST"},{"data":"Demon Form","floor":23,"key":"SMITH"},{"data":"Ragnarok","floor":25,"key":"SMITH"},{"data":"Heavy Blade","floor":29,"key":"SMITH"},{"floor":32,"key":"REST"},{"floor":49,"key":"REST"},{"floor":52,"key":"DIG"}],"circlet_count":0,"master_deck":["Strike_R","Strike_R","Strike_R","Strike_R","Strike_R","Defend_R","Defend_R","Defend_R","Defend_R","Bash","Flame Barrier","Inflame","Clothesline","Demon Form+1","SashWhip","FlyingSleeves","Perfected Strike","CrushJoints","Ragnarok+1","Ghostly Armor","Twin Strike","Clothesline+1","Heavy Blade+1","Massacre+1","Flame Barrier","Twin Strike+1","Double Tap","Twin Strike","ReplayTheSpireMod:Stacked+1","Judgement","Flame Barrier+1","Bloodletting+1","Spot Weakness","Sword Boomerang+1","Life Link+1"],"relics":["Burning Blood","hubris:DisguiseKit","hubris:ChampionShield","Dota2Spire:ArcaneBoots","Golden Idol","Mark of Pain","hubris:EmptyBottle","Dota2Spire:Vanguard","Pet Ghost","Dota2Spire:AssaultCuirass","Mirror","Bird Faced Urn","Replay:Wanted Poster","Bag of Marbles","Replay:Ringing Soul","Replay:Multitool","Dota2Spire:MonkeyKingBar","Dota2Spire:EchoSabre","Orichalcum"],"acts_visited":["Exordium","TheCity","TheBeyond","TheEnding"],"potions_floor_usage":[7,16,28,28,37,39,45,45,46,48,50,50],"damage_taken":[{"damage":6,"enemies":"conspire:RoseBush","floor":1,"turns":3},{"damage":6,"enemies":"Cultist","floor":2,"turns":3},{"damage":0,"enemies":"2 Louse","floor":3,"turns":3},{"damage":18,"enemies":"Lots of Slimes","floor":4,"turns":6},{"damage":9,"enemies":"Blue Slaver","floor":5,"turns":3},{"damage":21,"enemies":"Large Slime","floor":6,"turns":7},{"damage":12,"enemies":"Lagavulin","floor":7,"turns":6},{"damage":11,"enemies":"Replay:BlueRogue","floor":10,"turns":6},{"damage":12,"enemies":"Exordium Wildlife","floor":11,"turns":6},{"damage":5,"enemies":"3 Louse","floor":13,"turns":5},{"damage":0,"enemies":"Large Slime","floor":14,"turns":5},{"damage":15,"enemies":"The Guardian","floor":16,"turns":9},{"damage":5,"enemies":"Chosen","floor":18,"turns":3},{"damage":17,"enemies":"Spheric Guardian","floor":19,"turns":4},{"damage":12,"enemies":"Centurion and Healer","floor":22,"turns":4},{"damage":15,"enemies":"Shelled Parasite and Fungi","floor":24,"turns":5},{"damage":4,"enemies":"Replay:Snechameleon","floor":27,"turns":4},{"damage":8,"enemies":"3 Cultists","floor":28,"turns":6},{"damage":22,"enemies":"Gremlin Leader","floor":30,"turns":5},{"damage":0,"enemies":"Snake Plant","floor":31,"turns":3},{"damage":23,"enemies":"Champ","floor":33,"turns":7},{"damage":23,"enemies":"3 Darklings","floor":35,"turns":5},{"damage":3,"enemies":"3 Shapes","floor":36,"turns":3},{"damage":4,"enemies":"Transient","floor":37,"turns":5},{"damage":2,"enemies":"Jaw Worm Horde","floor":38,"turns":5},{"damage":16,"enemies":"Spire Growth","floor":39,"turns":4},{"damage":13,"enemies":"R_Hoarder","floor":40,"turns":9},{"damage":10,"enemies":"Writhing Mass","floor":42,"turns":5},{"damage":10,"enemies":"Jaw Worm Horde","floor":44,"turns":2},{"damage":18,"enemies":"Giant Head","floor":45,"turns":7},{"damage":16,"enemies":"Spire Growth","floor":46,"turns":3},{"damage":4,"enemies":"Writhing Mass","floor":47,"turns":6},{"damage":37,"enemies":"Nemesis","floor":48,"turns":5},{"damage":61,"enemies":"hubris:GrandSnecko","floor":50,"turns":11},{"damage":40,"enemies":"Shield and Spear","floor":54,"turns":5},{"damage":78,"enemies":"The Heart","floor":55,"turns":6}],"seed_played":"-1918666175763103333","potions_obtained":[{"floor":3,"key":"FearPotion"},{"floor":5,"key":"ElixirPotion"},{"floor":6,"key":"Elixir"},{"floor":13,"key":"Energy Potion"},{"floor":19,"key":"Weak Potion"},{"floor":33,"key":"ColorlessPotion"},{"floor":35,"key":"Ancient Potion"},{"floor":38,"key":"DistilledChaos"},{"floor":45,"key":"FearPotion"}],"is_trial":false,"path_per_floor":["M","M","M","M","M","M","E","R","T","E","M","?","M","M","R","B",null,"M","M","$","?","M","R","M","R","T","E","M","R","E","M","R","B",null,"M","M","M","M","M","E","?","M","T","M","E","M","M","E","R","B",null,"R","$","E","B"],"character_chosen":"IRONCLAD","items_purchased":["hubris:EmptyBottle","Dota2Spire:Vanguard","Twin Strike","Pet Ghost","Dota2Spire:EchoSabre"],"campfire_rested":3,"item_purchase_floors":[20,20,20,20,53],"current_hp_per_floor":[72,72,78,66,63,48,42,42,42,37,31,31,32,38,66,57,96,96,85,85,85,79,79,70,70,70,72,70,70,54,62,90,77,96,83,90,94,96,86,83,83,83,83,79,74,66,70,48,78,29,102,102,102,70,0,0],"gold":515,"neow_bonus":"TWENTY_PERCENT_HP_BONUS","is_daily":false,"chose_seed":false,"campfire_upgraded":3,"win_rate":0.0,"timestamp":1609797811,"path_taken":["M","M","M","M","M","M","E","R","T","E","M","?","M","M","R","BOSS","M","M","$","?","M","R","M","R","T","E","M","R","E","M","R","BOSS","M","?","M","M","M","E","?","M","T","M","E","M","M","E","R","BOSS","R","$","E","BOSS"],"items_purchased_type":["Relic","Relic","Card","Relic","Relic"],"build_version":"2020-12-22","purchased_purges":0,"victory":false,"max_hp_per_floor":[96,96,96,96,96,96,96,96,96,96,96,96,96,96,96,96,96,96,96,96,96,96,96,96,96,96,96,96,96,96,96,96,96,96,96,96,96,96,96,96,96,96,96,96,99,99,99,102,102,102,102,102,102,102,102,102],"card_choices":[{"not_picked":["Clash","Bloodletting"],"picked":"Flame Barrier","floor":1},{"not_picked":["hubris:CleavingFinish","Perfected Strike"],"picked":"Inflame","floor":2},{"not_picked":["hubris:ReadiedAction","Replay:Undeath\u0027s Touch","Searing Blow"],"picked":"SKIP","floor":3},{"not_picked":["hubris:ReadiedAction","Flex"],"picked":"Clothesline","floor":4},{"not_picked":["Pummel","Havoc"],"picked":"Demon Form","floor":5},{"not_picked":["Battle Trance","Thunderclap","Flex"],"picked":"SKIP","floor":6},{"not_picked":["Replay:Undeath\u0027s Touch","Power Through","Reckless Charge"],"picked":"SKIP","floor":7},{"not_picked":["Replay:Undeath\u0027s Touch","Power Through","Reckless Charge"],"picked":"SKIP","floor":7},{"not_picked":["ReplayTheSpireMod:Muscle Training","Anger","Evolve"],"picked":"SashWhip","floor":10},{"not_picked":["Blood for Blood","Headbutt","hubris:ReadiedAction"],"picked":"FlyingSleeves","floor":11},{"not_picked":["Havoc","Warcry","Crescendo"],"picked":"Perfected Strike","floor":13},{"not_picked":["Anger","Impervious","Clash"],"picked":"CrushJoints","floor":14},{"not_picked":["Berserk","Hemogenesis","Impervious"],"picked":"Ragnarok","floor":16},{"not_picked":["Body Slam","Replay:Undeath\u0027s Touch","DeceiveReality"],"picked":"Ghostly Armor","floor":18},{"not_picked":["Shrug It Off","Iron Wave","Cleave","JustLucky"],"picked":"SKIP","floor":19},{"not_picked":["Flex","Hemogenesis","FearNoEvil"],"picked":"Clothesline+1","floor":22},{"not_picked":["Armaments","Battle Trance","FearNoEvil"],"picked":"Heavy Blade","floor":24},{"not_picked":["Heavy Blade","Pommel Strike","Replay:Anticipation"],"picked":"Massacre+1","floor":27},{"not_picked":["Searing Blow","Clash","SashWhip"],"picked":"Flame Barrier","floor":28},{"not_picked":["Run Through+1","Replay:Many Hands","ThirdEye"],"picked":"Twin Strike+1","floor":30},{"not_picked":["Sever Soul","Headbutt","Clothesline","FlyingSleeves"],"picked":"SKIP","floor":31},{"not_picked":["Replay:Many Hands","Eclipse","Establishment"],"picked":"Double Tap","floor":33},{"not_picked":["Headbutt","Hemokinesis+1","Clash","FlurryOfBlows"],"picked":"SKIP","floor":35},{"not_picked":["Run Through+1","Replay:Undeath\u0027s Touch","FearNoEvil"],"picked":"Twin Strike","floor":36},{"not_picked":["Run Through","Body Slam+1","Sanctity"],"picked":"ReplayTheSpireMod:Stacked+1","floor":37},{"not_picked":["True Grit","Anger","Defy Death+1"],"picked":"Judgement","floor":38},{"not_picked":["Combust","True Grit+1","ClearTheMind"],"picked":"Flame Barrier+1","floor":39},{"not_picked":["Iron Wave","Corruption","Prostrate"],"picked":"Bloodletting+1","floor":40},{"not_picked":["Sword Boomerang+1","Havoc+1","Thunderclap","Consecrate"],"picked":"SKIP","floor":42},{"not_picked":["Headbutt+1","Clothesline+1","Body Slam+1","CrushJoints"],"picked":"SKIP","floor":44},{"not_picked":["ReplayReversal","Wild Strike","PathToVictory"],"picked":"Sword Boomerang+1","floor":45},{"not_picked":["Bloodletting+1","Thunderclap+1","Clash","Perseverance"],"picked":"SKIP","floor":46},{"not_picked":["Second Wind+1","Massacre+1","Ghostly Armor","Replay:BluntJabs"],"picked":"SKIP","floor":47},{"not_picked":["Infernal Blade+1","Seeing Red","Meditate"],"picked":"Life Link+1","floor":48},{"not_picked":["Iron Wave+1","Body Slam+1","Cleave+1","JustLucky"],"picked":"SKIP","floor":54}],"player_experience":919979,"relics_obtained":[{"floor":7,"key":"hubris:DisguiseKit"},{"floor":9,"key":"hubris:ChampionShield"},{"floor":10,"key":"Dota2Spire:ArcaneBoots"},{"floor":26,"key":"Dota2Spire:AssaultCuirass"},{"floor":27,"key":"Mirror"},{"floor":30,"key":"Bird Faced Urn"},{"floor":40,"key":"Bag of Marbles"},{"floor":45,"key":"Replay:Ringing Soul"},{"floor":48,"key":"Replay:Multitool"},{"floor":52,"key":"Dota2Spire:MonkeyKingBar"},{"floor":54,"key":"Orichalcum"}],"event_choices":[{"damage_healed":0,"gold_gain":0,"player_choice":"Take Wound","damage_taken":0,"relics_obtained":["Golden Idol"],"max_hp_gain":0,"max_hp_loss":0,"event_name":"Golden Idol","floor":12,"gold_loss":0,"cards_obtained":["Injury"]},{"cards_removed":["Injury"],"damage_healed":0,"gold_gain":0,"player_choice":"Removed Curses","damage_taken":0,"max_hp_gain":0,"max_hp_loss":0,"event_name":"Fountain of Cleansing","floor":21,"gold_loss":0}],"is_beta":false,"boss_relics":[{"not_picked":["Replay:Bronze Core","hubris:ScarierMask"],"picked":"Mark of Pain"},{"not_picked":["Coffee Dripper","conspire:SlowCooker"],"picked":"Replay:Wanted Poster"}],"items_purged_floors":[],"is_endless":false,"potions_floor_spawned":[3,5,6,13,19,24,27,33,35,38,40,45],"killed_by":"The Heart","ascension_level":0}}