{"host":"2k96kai96havp3pq","time":1609736879,"event":{"mods":["AchievementEnabler","BaseMod","Colored Map","Colored Powertips","Downfall","Hermit","Minty Spire (QoL Compilation)","Relic Stats","Replay The Spire","StSLib","The Bug Knight","The Cursed","The Hierophant","The Servant 0.9.4","[IsaacMod]????"],"gold_per_floor":[112,287,300,300,314,314,314,314],"floor_reached":7,"playtime":166,"items_purged":[],"score":41,"play_id":"abd372a8-cb2d-40fe-9fe1-736533af508a","local_time":"20210103230759","is_ascension_mode":false,"campfire_choices":[{"data":"Barricade","floor":6.0,"key":"SMITH"}],"circlet_count":0,"master_deck":["Strike_R","Strike_R","Strike_R","Strike_R","Strike_R","Defend_R+1","Defend_R","Defend_R","Defend_R","Bash","Barricade+1","Rage","Doubt","Entrench+1","Flex"],"relics":["Burning Blood","War Paint"],"acts_visited":[],"potions_floor_usage":[],"damage_taken":[{"damage":9.0,"enemies":"2 Louse","floor":1.0,"turns":3.0},{"damage":9.0,"enemies":"Cultist","floor":3.0,"turns":4.0},{"damage":5.0,"enemies":"Jaw Worm","floor":5.0,"turns":4.0},{"damage":14,"enemies":"Gremlin Nob","floor":7,"turns":2}],"seed_played":"-2824755487304425088","potions_obtained":[{"floor":3.0,"key":"Dexterity Potion"}],"is_trial":false,"path_per_floor":["M","?","M","?","M","R","E"],"character_chosen":"IRONCLAD","items_purchased":[],"campfire_rested":0,"item_purchase_floors":[],"current_hp_per_floor":[77,77,74,74,75,75,61,61],"gold":314,"neow_bonus":"ONE_RANDOM_RARE_CARD","is_daily":false,"chose_seed":false,"campfire_upgraded":1,"win_rate":0.0,"timestamp":1609736879,"path_taken":["M","?","M","?","M","R","E"],"items_purchased_type":[],"build_version":"2020-12-22","purchased_purges":0,"victory":false,"max_hp_per_floor":[80,80,80,80,80,80,80,80],"relic_stats":{"counters":[1,2],"War Paint":[],"obtain_stats":[{"War Paint":0,"Burning Blood":0},{"War Paint":0,"Burning Blood":0},{"War Paint":0,"Burning Blood":0}],"Burning Blood":0},"card_choices":[{"not_picked":["Warcry","Thunderclap"],"picked":"Rage","floor":1.0},{"not_picked":["Wild Strike","Reckless Charge"],"picked":"Entrench","floor":3.0},{"not_picked":["Carnage","Infernal Blade"],"picked":"Flex","floor":5.0}],"player_experience":388184,"relics_obtained":[],"event_choices":[{"damage_healed":0.0,"max_hp_gain":0.0,"max_hp_loss":0.0,"gold_gain":175.0,"event_name":"Liars Game","player_choice":"AGREE","floor":2.0,"gold_loss":0.0,"damage_taken":0.0,"cards_obtained":["Doubt"]},{"damage_healed":0.0,"max_hp_gain":0.0,"max_hp_loss":0.0,"gold_gain":0.0,"event_name":"WeMeetAgain","player_choice":"Gave Potion","floor":4.0,"gold_loss":0.0,"damage_taken":0.0,"relics_obtained":["War Paint"]}],"is_beta":false,"boss_relics":[],"items_purged_floors":[],"is_endless":false,"potions_floor_spawned":[3],"killed_by":"Gremlin Nob","ascension_level":0}}