{"host":"0ydzwspkajt4brzd","time":1609748281,"event":{"mods":["AchievementEnabler","BaseMod","Colored Map","DeckTracker","Googly Eyes","Highlight Path","Minty Spire (QoL Compilation)","Quick Restart","Random Character Button","Rare Cards Sparkle"],"gold_per_floor":[110,38,58,75,75,109,119,119,119,119,152,152,165,115,115,216,216,236,116,116,135,153,153,172,172,172],"floor_reached":25,"playtime":1451,"items_purged":["Strike_P"],"score":256,"play_id":"11e52f9d-e043-4c42-9817-c631156256bf","local_time":"20210104001801","is_ascension_mode":true,"campfire_choices":[{"floor":8,"key":"REST"},{"data":"PathToVictory","floor":10,"key":"SMITH"},{"data":"DevaForm","floor":15,"key":"SMITH"},{"data":"Eruption","floor":23,"key":"SMITH"}],"circlet_count":0,"master_deck":["Defend_P","Defend_P","Eruption+1","Vigilance","SandsOfTime","Sanctity","FollowUp","ReachHeaven","PathToVictory+1","ConjureBlade","Worship+1","ThirdEye+1","DevaForm+1","Worship+1","Omniscience+1","CrushJoints","PathToVictory+1","FlurryOfBlows+1","InnerPeace+1"],"relics":["PureWater","Toxic Egg 2","HornCleat","SlaversCollar"],"acts_visited":["Exordium","TheCity"],"potions_floor_usage":[6,7,16,22,25],"damage_taken":[{"damage":1,"enemies":"Jaw Worm","floor":1,"turns":5},{"damage":1,"enemies":"Cultist","floor":3,"turns":3},{"damage":0,"enemies":"2 Louse","floor":4,"turns":2},{"damage":24,"enemies":"Gremlin Nob","floor":6,"turns":4},{"damage":1,"enemies":"Looter","floor":7,"turns":3},{"damage":18,"enemies":"3 Sentries","floor":11,"turns":6},{"damage":0,"enemies":"2 Fungi Beasts","floor":13,"turns":2},{"damage":35,"enemies":"Slime Boss","floor":16,"turns":8},{"damage":13,"enemies":"Spheric Guardian","floor":18,"turns":4},{"damage":14,"enemies":"Shell Parasite","floor":21,"turns":3},{"damage":0,"enemies":"3 Cultists","floor":22,"turns":4},{"damage":16,"enemies":"Snake Plant","floor":24,"turns":4},{"damage":15,"enemies":"Cultist and Chosen","floor":25,"turns":4}],"seed_played":"1953273190201510480","potions_obtained":[{"floor":3,"key":"Strength Potion"},{"floor":4,"key":"SpeedPotion"},{"floor":6,"key":"Weak Potion"},{"floor":18,"key":"Explosive Potion"},{"floor":22,"key":"BlessingOfTheForge"}],"is_trial":false,"path_per_floor":["M","$","M","M","?","E","M","R","T","R","E","?","M","?","R","B",null,"M","$","?","M","M","R","M","M"],"character_chosen":"WATCHER","items_purchased":["ReachHeaven","PathToVictory+1"],"campfire_rested":1,"item_purchase_floors":[2,19],"current_hp_per_floor":[50,50,49,49,49,25,24,45,45,45,27,51,51,51,51,16,72,59,59,59,45,45,45,29,14,14],"gold":172,"neow_bonus":"TRANSFORM_TWO_CARDS","is_daily":false,"chose_seed":false,"campfire_upgraded":3,"win_rate":0.0,"timestamp":1609748281,"path_taken":["M","$","M","M","?","E","?","R","T","R","E","?","M","?","R","BOSS","M","$","?","M","M","R","M","M"],"items_purchased_type":["Card","Card"],"build_version":"2020-12-22","purchased_purges":1,"victory":false,"max_hp_per_floor":[72,72,72,72,72,72,72,72,72,72,72,72,72,72,72,72,72,72,72,72,72,72,72,72,72,72],"card_choices":[{"not_picked":["SashWhip","Evaluate"],"picked":"FollowUp","floor":1},{"not_picked":["Prostrate","SashWhip"],"picked":"PathToVictory","floor":3},{"not_picked":["Protect","DeceiveReality"],"picked":"ConjureBlade","floor":4},{"not_picked":["Protect+1","EmptyBody+1"],"picked":"Worship+1","floor":6},{"not_picked":["CutThroughFate","Conclude"],"picked":"ThirdEye+1","floor":7},{"not_picked":["ClearTheMind+1","Collect+1"],"picked":"DevaForm","floor":11},{"not_picked":["WindmillStrike","SashWhip"],"picked":"Worship+1","floor":13},{"not_picked":["SpiritShield+1","Blasphemy+1"],"picked":"Omniscience+1","floor":16},{"not_picked":["Evaluate+1","Fasting2"],"picked":"CrushJoints","floor":18},{"not_picked":["TalkToTheHand+1","InnerPeace+1"],"picked":"FlurryOfBlows+1","floor":21},{"not_picked":["Nirvana","SashWhip","JustLucky"],"picked":"SKIP","floor":22},{"not_picked":["CrushJoints","ThirdEye+1"],"picked":"InnerPeace+1","floor":24}],"player_experience":460777,"relics_obtained":[{"floor":6,"key":"Toxic Egg 2"},{"floor":11,"key":"HornCleat"}],"event_choices":[{"cards_removed":["Strike_P"],"damage_healed":0,"gold_gain":0,"player_choice":"Offered Basic","damage_taken":0,"max_hp_gain":0,"max_hp_loss":0,"event_name":"Bonfire Elementals","floor":5,"gold_loss":0},{"damage_healed":24,"gold_gain":0,"player_choice":"Banana","damage_taken":0,"max_hp_gain":0,"max_hp_loss":0,"event_name":"Big Fish","floor":12,"gold_loss":0},{"cards_removed":["Defend_P"],"damage_healed":0,"gold_gain":0,"player_choice":"Card Removal","damage_taken":0,"max_hp_gain":0,"max_hp_loss":0,"event_name":"The Cleric","floor":14,"gold_loss":50},{"cards_removed":["Defend_P"],"damage_healed":0,"gold_gain":0,"player_choice":"Elegance","damage_taken":0,"max_hp_gain":0,"max_hp_loss":0,"event_name":"Back to Basics","floor":20,"gold_loss":0}],"is_beta":false,"boss_relics":[{"not_picked":["Fusion Hammer","Pandora\u0027s Box"],"picked":"SlaversCollar"}],"items_purged_floors":[19],"is_endless":false,"potions_floor_spawned":[3,4,6,18,22],"killed_by":"Cultist and Chosen","ascension_level":4}}