{"host":"2se5dq1do2gp0x9k","time":1609789792,"event":{"mods":["BaseMod","Block Reminder","Colored Map","Colored Powertips","Minty Spire (QoL Compilation)","Relic Stats","StSLib","SuperFastMode","Synergy Search"],"gold_per_floor":[114,134,134,152,1,45,45,85,138,138,156,156,181,212,212,333,333,349,349,372,297,297,297,313,349,375,375,413,426,426,474,474,608,608,628,655,676,748,826,826,869,869,869,869,884,926,958,625,625,625,625,625,28,70,70,70],"floor_reached":55,"playtime":3676,"items_purged":["Strike_P","Evaluate"],"score":1467,"play_id":"340812c3-6b5c-4d13-a14f-f9be3089e0f3","local_time":"20210104114952","is_ascension_mode":true,"campfire_choices":[{"data":"Eruption","floor":7.0,"key":"SMITH"},{"data":"Protect","floor":10.0,"key":"SMITH"},{"data":"Protect","floor":15.0,"key":"SMITH"},{"data":"Blasphemy","floor":23.0,"key":"SMITH"},{"data":"Vigilance","floor":27.0,"key":"SMITH"},{"floor":32.0,"key":"REST"},{"data":"Panacea","floor":40.0,"key":"SMITH"},{"floor":42.0,"key":"RECALL"},{"data":"Discovery","floor":44.0,"key":"SMITH"},{"data":"Discovery","floor":49,"key":"SMITH"},{"data":"Blind","floor":52,"key":"SMITH"}],"circlet_count":0,"master_deck":["AscendersBane","Eruption+1","Vigilance+1","CarveReality","Protect+1","DeceiveReality","CarveReality","SashWhip+1","CutThroughFate+1","Protect+1","Ragnarok+1","Blasphemy+1","Scrawl+1","Conclude+1","WheelKick+1","InnerPeace","DeceiveReality+1","SashWhip+1","LikeWater","DeusExMachina","Crescendo","InnerPeace","MasterReality","Discovery+1","Blind+1","Panacea+1","CrushJoints+1","FearNoEvil+1","Ragnarok+1","WaveOfTheHand+1","Discovery+1","Thinking Ahead","Sanctity"],"relics":["PureWater","Torii","Golden Idol","Molten Egg 2","Vajra","Meat on the Bone","Pandora\u0027s Box","War Paint","Letter Opener","Blood Vial","CloakClasp","CeramicFish","Sozu","FossilizedHelix","Prayer Wheel","Singing Bowl","Ginger","Art of War","Happy Flower","Dead Branch","Lee\u0027s Waffle","Incense Burner"],"acts_visited":["Exordium","TheCity","TheBeyond","TheEnding"],"potions_floor_usage":[50],"damage_taken":[{"damage":0.0,"enemies":"Jaw Worm","floor":1.0,"turns":3.0},{"damage":1.0,"enemies":"2 Louse","floor":2.0,"turns":2.0},{"damage":0.0,"enemies":"Small Slimes","floor":4.0,"turns":4.0},{"damage":12.0,"enemies":"Lagavulin","floor":6.0,"turns":6.0},{"damage":0.0,"enemies":"Gremlin Nob","floor":8.0,"turns":2.0},{"damage":0.0,"enemies":"2 Fungi Beasts","floor":11.0,"turns":3.0},{"damage":0.0,"enemies":"Large Slime","floor":13.0,"turns":1.0},{"damage":0.0,"enemies":"Lagavulin","floor":14.0,"turns":7.0},{"damage":7.0,"enemies":"The Guardian","floor":16.0,"turns":12.0},{"damage":0.0,"enemies":"Chosen","floor":18.0,"turns":3.0},{"damage":0.0,"enemies":"Shell Parasite","floor":20.0,"turns":2.0},{"damage":1.0,"enemies":"Cultist and Chosen","floor":24.0,"turns":3.0},{"damage":28.0,"enemies":"Slavers","floor":25.0,"turns":2.0},{"damage":1.0,"enemies":"Book of Stabbing","floor":28.0,"turns":3.0},{"damage":7.0,"enemies":"Centurion and Healer","floor":29.0,"turns":6.0},{"damage":1.0,"enemies":"Gremlin Leader","floor":31.0,"turns":5.0},{"damage":34.0,"enemies":"Collector","floor":33.0,"turns":12.0},{"damage":0.0,"enemies":"3 Shapes","floor":35.0,"turns":4.0},{"damage":0.0,"enemies":"Orb Walker","floor":37.0,"turns":2.0},{"damage":0.0,"enemies":"Mind Bloom Boss Battle","floor":38.0,"turns":6.0},{"damage":23.0,"enemies":"2 Orb Walkers","floor":39.0,"turns":4.0},{"damage":0.0,"enemies":"Giant Head","floor":41.0,"turns":7.0},{"damage":0.0,"enemies":"Maw","floor":45.0,"turns":5.0},{"damage":0,"enemies":"Nemesis","floor":46,"turns":7},{"damage":1,"enemies":"Jaw Worm Horde","floor":47,"turns":4},{"damage":38,"enemies":"Donu and Deca","floor":50,"turns":8},{"damage":22,"enemies":"Shield and Spear","floor":54,"turns":6},{"damage":52,"enemies":"The Heart","floor":55,"turns":3}],"seed_played":"1849937346347154293","potions_obtained":[{"floor":1.0,"key":"LiquidMemories"},{"floor":2.0,"key":"SkillPotion"},{"floor":28.0,"key":"LiquidMemories"},{"floor":29.0,"key":"PowerPotion"}],"is_trial":false,"path_per_floor":["M","M","?","M","$","E","R","E","T","R","M","?","M","E","R","B",null,"M","?","M","?","?","R","M","E","T","R","E","M","$","E","R","B",null,"M","?","M","?","?","R","E","R","T","R","M","E","M","$","R","B",null,"R","$","E","B"],"character_chosen":"WATCHER","items_purchased":["CarveReality","Discovery","Happy Flower","Dead Branch","Thinking Ahead","Lee\u0027s Waffle"],"campfire_rested":1,"item_purchase_floors":[5,48,48,53,53,53],"current_hp_per_floor":[65,64,60,60,60,48,48,48,48,48,48,48,48,48,48,41,55,55,55,55,55,55,55,54,38,38,38,39,34,34,35,53,33,53,55,45,47,49,40,40,44,44,44,44,48,50,51,51,51,27,55,55,71,49,0,0],"gold":70,"neow_bonus":"ONE_RARE_RELIC","is_daily":false,"chose_seed":false,"campfire_upgraded":9,"win_rate":0.0,"timestamp":1609789792,"path_taken":["M","M","?","M","$","E","R","E","T","R","M","?","M","E","R","BOSS","M","?","M","?","?","R","M","E","T","R","E","M","$","E","R","BOSS","M","?","M","?","?","R","E","R","T","R","M","E","M","$","R","BOSS","R","$","E","BOSS"],"items_purchased_type":["Card","Card","Relic","Relic","Card","Relic"],"build_version":"2020-12-22","purchased_purges":2,"victory":false,"max_hp_per_floor":[65,65,60,60,60,60,60,60,60,60,60,60,60,60,60,60,60,60,60,60,60,60,60,60,60,60,60,60,60,60,60,60,60,60,60,60,60,60,60,60,62,62,62,62,64,64,64,64,64,64,64,64,71,71,71,71],"relic_stats":{"Lee\u0027s Waffle":16,"Torii":51,"Singing Bowl":4,"Happy Flower":[5],"counters":[28,132],"Golden Idol":217,"CeramicFish":108,"Dead Branch":[31],"CloakClasp":[388],"Letter Opener":[252],"Ginger":[5],"War Paint":["Scrawl","DeceiveReality"],"Blood Vial":28,"Sozu":4,"Pandora\u0027s Box":["Scrawl","Conclude","WheelKick","InnerPeace","DeceiveReality","SashWhip"],"Prayer Wheel":3,"Art of War":[2],"obtain_stats":[{"Lee\u0027s Waffle":53,"Torii":0,"Singing Bowl":41,"Happy Flower":48,"Golden Idol":3,"CeramicFish":31,"Dead Branch":53,"Vajra":8,"CloakClasp":28,"Incense Burner":54,"Letter Opener":25,"Ginger":43,"War Paint":19,"Blood Vial":26,"Sozu":34,"Molten Egg 2":6,"Pandora\u0027s Box":17,"Prayer Wheel":39,"Art of War":46,"PureWater":0,"FossilizedHelix":38,"Meat on the Bone":14},{"Lee\u0027s Waffle":26,"Torii":0,"Singing Bowl":22,"Happy Flower":25,"Golden Idol":2,"CeramicFish":16,"Dead Branch":26,"Vajra":5,"CloakClasp":14,"Incense Burner":27,"Letter Opener":13,"Ginger":22,"War Paint":10,"Blood Vial":13,"Sozu":17,"Molten Egg 2":4,"Pandora\u0027s Box":9,"Prayer Wheel":21,"Art of War":24,"PureWater":0,"FossilizedHelix":20,"Meat on the Bone":8},{"Lee\u0027s Waffle":123,"Torii":0,"Singing Bowl":99,"Happy Flower":115,"Golden Idol":5,"CeramicFish":64,"Dead Branch":123,"Vajra":17,"CloakClasp":53,"Incense Burner":129,"Letter Opener":50,"Ginger":99,"War Paint":43,"Blood Vial":50,"Sozu":76,"Molten Egg 2":15,"Pandora\u0027s Box":40,"Prayer Wheel":92,"Art of War":111,"PureWater":0,"FossilizedHelix":88,"Meat on the Bone":28}],"Meat on the Bone":48},"card_choices":[{"not_picked":["Nirvana","Conclude"],"picked":"CarveReality","floor":1.0},{"not_picked":["Wireheading","Pray"],"picked":"Protect","floor":2.0},{"not_picked":["Wireheading","Protect"],"picked":"DeceiveReality","floor":4.0},{"not_picked":["Fasting2","JustLucky+1"],"picked":"SashWhip+1","floor":6.0},{"not_picked":["BattleHymn","ReachHeaven+1","SpiritShield"],"picked":"SKIP","floor":8.0},{"not_picked":["JustLucky+1","FlyingSleeves+1"],"picked":"CutThroughFate+1","floor":11.0},{"not_picked":["ClearTheMind","WheelKick+1"],"picked":"Protect","floor":13.0},{"not_picked":["EmptyFist+1","ThirdEye"],"picked":"Ragnarok+1","floor":14.0},{"not_picked":["Alpha","Ragnarok+1"],"picked":"Blasphemy","floor":16.0},{"not_picked":["BowlingBash+1","Nirvana"],"picked":"LikeWater","floor":18.0},{"not_picked":["CrushJoints+1","Swivel","Fasting2"],"picked":"SKIP","floor":20.0},{"not_picked":["Study+1","MentalFortress","Worship"],"picked":"SKIP","floor":24.0},{"not_picked":["Indignation","FlyingSleeves+1","EmptyBody+1"],"picked":"SKIP","floor":25.0},{"not_picked":["Conclude+1","Alpha"],"picked":"DeusExMachina","floor":28.0},{"not_picked":["Sanctity","BowlingBash+1"],"picked":"Crescendo","floor":29.0},{"not_picked":["PathToVictory","Blasphemy"],"picked":"InnerPeace","floor":31.0},{"not_picked":["Brilliance+1","Omniscience"],"picked":"MasterReality","floor":33.0},{"not_picked":["EmptyBody","FlurryOfBlows+1","Evaluate"],"picked":"SKIP","floor":35.0},{"not_picked":["Secret Weapon","Master of Strategy"],"picked":"Discovery","floor":36.0},{"not_picked":["Flash of Steel+1","Finesse"],"picked":"Blind","floor":36.0},{"not_picked":["Thinking Ahead","Enlightenment"],"picked":"Panacea","floor":36.0},{"not_picked":["MentalFortress","CutThroughFate+1","LikeWater"],"picked":"SKIP","floor":37.0},{"not_picked":["JustLucky+1","ReachHeaven+1"],"picked":"CrushJoints+1","floor":38.0},{"not_picked":["JustLucky+1","FlurryOfBlows+1"],"picked":"FearNoEvil+1","floor":39.0},{"not_picked":["PathToVictory+1","CrushJoints+1","Collect"],"picked":"Singing Bowl","floor":41.0},{"not_picked":["Fasting2","FlurryOfBlows+1","Crescendo"],"picked":"Singing Bowl","floor":45},{"not_picked":["Prostrate+1","Collect","SandsOfTime+1"],"picked":"SKIP","floor":45},{"not_picked":["EmptyFist+1","Evaluate"],"picked":"Ragnarok+1","floor":46},{"not_picked":["EmptyBody","FollowUp+1"],"picked":"WaveOfTheHand+1","floor":47},{"not_picked":["CutThroughFate+1","ClearTheMind","Sanctity"],"picked":"SKIP","floor":47},{"not_picked":["Perseverance+1","Adaptation"],"picked":"Sanctity","floor":54}],"player_experience":3769130,"relics_obtained":[{"floor":6.0,"key":"Molten Egg 2"},{"floor":8.0,"key":"Vajra"},{"floor":14.0,"key":"Meat on the Bone"},{"floor":25.0,"key":"Letter Opener"},{"floor":26.0,"key":"Blood Vial"},{"floor":28.0,"key":"CloakClasp"},{"floor":31.0,"key":"CeramicFish"},{"floor":38.0,"key":"FossilizedHelix"},{"floor":39.0,"key":"Prayer Wheel"},{"floor":41.0,"key":"Singing Bowl"},{"floor":43.0,"key":"Ginger"},{"floor":46,"key":"Art of War"},{"floor":54,"key":"Incense Burner"}],"event_choices":[{"damage_healed":0.0,"max_hp_gain":0.0,"max_hp_loss":5.0,"gold_gain":0.0,"event_name":"Golden Idol","player_choice":"Lose Max HP","floor":3.0,"gold_loss":0.0,"damage_taken":0.0,"relics_obtained":["Golden Idol"]},{"damage_healed":0.0,"max_hp_gain":0.0,"max_hp_loss":0.0,"gold_gain":0.0,"cards_transformed":["Strike_P"],"event_name":"Living Wall","player_choice":"Change","floor":12.0,"gold_loss":0.0,"damage_taken":0.0,"cards_obtained":["Evaluate"]},{"damage_healed":0.0,"max_hp_gain":0.0,"max_hp_loss":0.0,"gold_gain":0.0,"event_name":"The Mausoleum","player_choice":"Opened","floor":19.0,"gold_loss":0.0,"damage_taken":0.0,"relics_obtained":["War Paint"],"cards_obtained":["Writhe"]},{"cards_removed":["Writhe"],"damage_healed":0.0,"max_hp_gain":0.0,"max_hp_loss":0.0,"gold_gain":0.0,"event_name":"Beggar","player_choice":"Gave Gold","floor":21.0,"gold_loss":75.0,"damage_taken":0.0},{"damage_healed":0.0,"max_hp_gain":0.0,"max_hp_loss":0.0,"gold_gain":0.0,"event_name":"Ghosts","player_choice":"Ignored","floor":22.0,"gold_loss":0.0,"damage_taken":0.0},{"damage_healed":0.0,"max_hp_gain":0.0,"max_hp_loss":0.0,"gold_gain":0.0,"event_name":"SensoryStone","player_choice":"Memory 3","floor":36.0,"gold_loss":0.0,"damage_taken":10.0},{"damage_healed":0.0,"max_hp_gain":0.0,"max_hp_loss":0.0,"gold_gain":0.0,"event_name":"MindBloom","player_choice":"Fight","floor":38.0,"gold_loss":0.0,"damage_taken":0.0},{"damage_healed":0.0,"max_hp_gain":0.0,"max_hp_loss":0.0,"gold_gain":0.0,"event_name":"Mysterious Sphere","player_choice":"Fight","floor":39.0,"gold_loss":0.0,"damage_taken":0.0}],"is_beta":false,"boss_relics":[{"not_picked":["Runic Dome","Astrolabe"],"picked":"Pandora\u0027s Box"},{"not_picked":["Philosopher\u0027s Stone","Busted Crown"],"picked":"Sozu"}],"items_purged_floors":[5,48],"is_endless":false,"potions_floor_spawned":[1,2,8,11,18,28,29,31,35,41,46,47],"killed_by":"The Heart","ascension_level":12}}