{"host":"4u4xibnmtqpdl4qa","time":1609734956,"event":{"mods":["2.2 Compatiblity","AchievementEnabler","BaseMod","Colored Map","Colored Powertips","Curses Come First","DeckTracker","Downfall","Hermit","Highlight Path","KinomotoSakuraMod(????)","Minty Spire (QoL Compilation)","Quick Restart","Rare Cards Sparkle","Relic Stats","SIMod","Shop Mod","StSLib","SuperFastMode","Td1madao Mod","The Florist","The Senshi","The Vixen","TheHero","Waifu the Spire","Yuri Mod"],"gold_per_floor":[116,133,208,227,104,104,130,130,154,166,196,208,251,278,290,402,414,438,450,477,489,518,530,557,96,96,11,286,286,286,303,303,408,708,727,742,742,742],"floor_reached":37,"playtime":2178,"items_purged":["Strike_C"],"score":429,"play_id":"24ff1285-8722-4b4f-a5d7-e54fcbc1e521","local_time":"20210104053556","is_ascension_mode":false,"campfire_choices":[{"data":"Here Defend Chip","floor":6.0,"key":"SMITH"},{"floor":8,"key":"REST"},{"data":"Here Defend Chip+1","floor":10,"key":"SMITH"},{"floor":15,"key":"REST"},{"data":"Perfect Defend","floor":23,"key":"SMITH"},{"data":"Memory Alloy","floor":30,"key":"SMITH"},{"floor":32,"key":"REST"}],"circlet_count":0,"master_deck":["Strike_C","Strike_C","Defend_C","Defend_C","Defend_C","Defend_C","Knight Kick","Chip","Twin Teeth","Coercion","Machining","Here Defend Chip+2","Memory Alloy+1","Black Spear","Black Execution","Three Hit","Gravity Defend","Retrieval Recycling","Necronomicurse","Transfer Energy","Perfect Defend+1","Ruin Defend","Fire Up","Regret","Black Dance+1","Im Angry","CurseOfTheBell","Reflection Mechanism+1","Preparedness+1"],"relics":["Apod","Bag of Marbles","MawBank","Shovel","Velvet Choker","Necronomicon","Juzu Bracelet","Mb Ring","Matryoshka","Darkstone Periapt","Calling Bell","Omamori","Question Card","Old Coin"],"acts_visited":["Exordium","TheCity","TheBeyond"],"potions_floor_usage":[16,33,33,37],"damage_taken":[{"damage":5.0,"enemies":"Cultist","floor":1.0,"turns":5.0},{"damage":1.0,"enemies":"Jaw Worm","floor":2.0,"turns":4.0},{"damage":0.0,"enemies":"Small Slimes","floor":4.0,"turns":3.0},{"damage":42,"enemies":"3 Sentries","floor":7,"turns":15},{"damage":0,"enemies":"Red Slaver","floor":11,"turns":4},{"damage":5,"enemies":"Lagavulin","floor":13,"turns":8},{"damage":5,"enemies":"Looter","floor":14,"turns":3},{"damage":7,"enemies":"The Guardian","floor":16,"turns":15},{"damage":0,"enemies":"Chosen","floor":18,"turns":6},{"damage":0,"enemies":"Spheric Guardian","floor":20,"turns":3},{"damage":17,"enemies":"Chosen and Byrds","floor":22,"turns":8},{"damage":5,"enemies":"3 Cultists","floor":24,"turns":6},{"damage":14,"enemies":"Sentry and Sphere","floor":31,"turns":5},{"damage":43,"enemies":"Automaton","floor":33,"turns":10},{"damage":8,"enemies":"3 Darklings","floor":35,"turns":4},{"damage":4,"enemies":"3 Shapes","floor":36,"turns":5},{"damage":95,"enemies":"2 Orb Walkers","floor":37,"turns":4}],"seed_played":"-6693868267549963651","potions_obtained":[{"floor":7,"key":"SmokeBomb"},{"floor":14,"key":"DistilledChaos"},{"floor":16,"key":"SkillPotion"},{"floor":18,"key":"sneckomod:MuddlingPotion"},{"floor":24,"key":"ColorlessPotion"},{"floor":35,"key":"Regen Potion"}],"is_trial":false,"path_per_floor":["M","M","?","M","$","R","E","R","T","R","M","?","E","M","R","B",null,"M","?","M","?","M","R","M","$","T","?","?","?","R","M","R","B",null,"M","M","?"],"character_chosen":"TD1MADAO_CLASS","items_purchased":["Here Defend Chip","Memory Alloy","Juzu Bracelet","Mb Ring"],"campfire_rested":3,"item_purchase_floors":[5,5,25,25],"current_hp_per_floor":[72,71,60,60,60,60,18,41,41,41,41,41,36,31,54,47,77,77,61,61,61,44,44,39,39,39,39,45,45,45,31,55,12,89,81,77,0,0],"gold":742,"neow_bonus":"TEN_PERCENT_HP_BONUS","is_daily":false,"chose_seed":false,"campfire_upgraded":4,"win_rate":0.0,"timestamp":1609734956,"path_taken":["M","M","?","M","$","R","E","R","T","R","M","?","E","?","R","BOSS","M","?","M","?","?","R","M","$","T","?","?","?","R","M","R","BOSS","M","M","?"],"items_purchased_type":["Card","Card","Relic","Relic"],"build_version":"2020-12-22","purchased_purges":1,"victory":false,"max_hp_per_floor":[77,77,77,77,77,77,77,77,77,77,77,77,77,77,77,77,77,77,77,77,77,77,77,77,77,77,77,83,83,83,83,83,83,89,89,89,89,89],"relic_stats":{"Darkstone Periapt":12,"Shovel":0,"counters":[17,108],"Necronomicon":[20],"Juzu Bracelet":1,"MawBank":192,"Question Card":2,"obtain_stats":[{"Darkstone Periapt":27,"Velvet Choker":17,"Juzu Bracelet":25,"Omamori":34,"MawBank":9,"Question Card":34,"Old Coin":34,"Calling Bell":34,"Shovel":13,"Matryoshka":26,"Bag of Marbles":7,"Necronomicon":19,"Apod":0,"Mb Ring":25},{"Darkstone Periapt":12,"Velvet Choker":8,"Juzu Bracelet":12,"Omamori":14,"MawBank":4,"Question Card":14,"Old Coin":14,"Calling Bell":14,"Shovel":6,"Matryoshka":12,"Bag of Marbles":4,"Necronomicon":9,"Apod":0,"Mb Ring":12},{"Darkstone Periapt":80,"Velvet Choker":57,"Juzu Bracelet":80,"Omamori":95,"MawBank":27,"Question Card":95,"Old Coin":95,"Calling Bell":95,"Shovel":39,"Matryoshka":80,"Bag of Marbles":27,"Necronomicon":63,"Apod":0,"Mb Ring":80}]},"card_choices":[{"not_picked":["White Contract","Weapon Shift"],"picked":"Twin Teeth","floor":1.0},{"not_picked":["Afterwards","Resistance"],"picked":"Coercion","floor":2.0},{"not_picked":["Twin Teeth","Cursed Blade"],"picked":"Machining","floor":4.0},{"not_picked":["Optimization","Preloading"],"picked":"Black Spear","floor":7},{"not_picked":["Machining","Cursed Blade"],"picked":"Black Execution","floor":11},{"not_picked":["Provocative","Energy Supply","Lore"],"picked":"SKIP","floor":13},{"not_picked":["Fire Up","Black Shadow"],"picked":"Gravity Defend","floor":14},{"not_picked":["Moon Tear","Memory Alloy"],"picked":"Retrieval Recycling","floor":16},{"not_picked":["Resistance+1","Machining","Preloading"],"picked":"SKIP","floor":18},{"not_picked":["Afterwards","Lunge"],"picked":"Transfer Energy","floor":20},{"not_picked":["Fire Blade","Provocative"],"picked":"Ruin Defend","floor":22},{"not_picked":["Ruin Defend+1","Afterwards"],"picked":"Fire Up","floor":24},{"not_picked":["Machining","Energy Supply"],"picked":"Black Dance+1","floor":31},{"not_picked":["Format All Data","Overclocking"],"picked":"Im Angry","floor":33},{"not_picked":["Lunge","Rupture","Paralysis"],"picked":"Reflection Mechanism+1","floor":35},{"not_picked":["Black Execution+1","Paralysis+1","Lunge+1"],"picked":"Preparedness+1","floor":36}],"player_experience":210655,"relics_obtained":[{"floor":7,"key":"Bag of Marbles"},{"floor":9,"key":"MawBank"},{"floor":13,"key":"Shovel"},{"floor":19,"key":"Necronomicon"},{"floor":26,"key":"Matryoshka"},{"floor":34,"key":"Omamori"},{"floor":34,"key":"Question Card"},{"floor":34,"key":"Old Coin"}],"event_choices":[{"damage_healed":0.0,"max_hp_gain":0.0,"max_hp_loss":0.0,"gold_gain":75.0,"event_name":"World of Goop","player_choice":"Gather Gold","floor":3.0,"gold_loss":0.0,"damage_taken":11.0},{"damage_healed":0,"gold_gain":0,"cards_transformed":["Strike_C"],"player_choice":"Transformed","damage_taken":0,"max_hp_gain":0,"max_hp_loss":0,"event_name":"Transmorgrifier","floor":12,"gold_loss":0,"cards_obtained":["Three Hit"]},{"damage_healed":0,"gold_gain":0,"player_choice":"Obtained Book","damage_taken":16,"max_hp_gain":0,"max_hp_loss":0,"event_name":"Cursed Tome","floor":19,"gold_loss":0},{"damage_healed":0,"gold_gain":0,"player_choice":"Read","damage_taken":0,"max_hp_gain":0,"max_hp_loss":0,"event_name":"The Library","floor":21,"gold_loss":0,"cards_obtained":["Perfect Defend"]},{"damage_healed":0,"gold_gain":0,"player_choice":"Obtained Relic","damage_taken":0,"relics_obtained":["Darkstone Periapt"],"max_hp_gain":0,"max_hp_loss":0,"event_name":"Addict","floor":27,"gold_loss":85},{"damage_healed":0,"gold_gain":275,"player_choice":"Desecrate","damage_taken":0,"max_hp_gain":0,"max_hp_loss":0,"event_name":"Golden Shrine","floor":28,"gold_loss":0,"cards_obtained":["Regret"]},{"damage_healed":0,"gold_gain":0,"player_choice":"Fight","damage_taken":0,"max_hp_gain":0,"max_hp_loss":0,"event_name":"Mysterious Sphere","floor":37,"gold_loss":0}],"is_beta":false,"boss_relics":[{"not_picked":["Tiny House","Coffee Dripper"],"picked":"Velvet Choker"},{"not_picked":["Runic Pyramid","Runic Dome"],"picked":"Calling Bell"}],"items_purged_floors":[25],"is_endless":false,"potions_floor_spawned":[7,14,16,18,24,35],"killed_by":"2 Orb Walkers","ascension_level":0}}