{"host":"sdl5b0uiznq00owb","time":1609795330,"event":{"mods":["BaseMod","Minty Spire (QoL Compilation)","Permanent Neow","Relic Stats"],"gold_per_floor":[118,118,138,138,150,150,175,175,175,210,224,70,98,98,98,195,195,214,214,214,214,227,227,245,262,262,274,274,125,125,137,137,237,237,252,252,75,75,91,118,118,152,152,162,162,162,172,172,172],"floor_reached":48,"playtime":6358,"items_purged":[],"score":812,"play_id":"02452ddc-c758-4948-98eb-e19035e50310","local_time":"20210104152210","is_ascension_mode":true,"campfire_choices":[{"data":"ThirdEye","floor":6.0,"key":"SMITH"},{"data":"DeusExMachina","floor":8.0,"key":"SMITH"},{"floor":15.0,"key":"REST"},{"floor":23.0,"key":"REST"},{"data":"WheelKick","floor":30.0,"key":"SMITH"},{"data":"CutThroughFate","floor":32.0,"key":"SMITH"},{"floor":41,"key":"RECALL"},{"data":"Protect","floor":46,"key":"SMITH"}],"circlet_count":0,"master_deck":["Vigilance+1","ReachHeaven+1","DeceiveReality+1","Alpha+1","Adaptation+1","Crescendo+1","ThirdEye+1","DeusExMachina+1","WheelKick+1","Wireheading+1","CutThroughFate+1","MasterReality+1","InnerPeace+1","ThirdEye+1","Scrawl+1","Ragnarok+1","DeusExMachina+1","EmptyMind+1","DevaForm+1","Nirvana+1","Protect+1"],"relics":["Pandora\u0027s Box","Bottled Lightning","Lantern","Question Card","Orrery","GoldenEye","Astrolabe","MutagenicStrength","Thread and Needle","Pantograph","Lee\u0027s Waffle","SacredBark","Mark of the Bloom","Dead Branch","Meat on the Bone","Ancient Tea Set"],"acts_visited":["Exordium","TheCity","TheBeyond"],"potions_floor_usage":[42,42],"damage_taken":[{"damage":2.0,"enemies":"2 Louse","floor":1.0,"turns":2.0},{"damage":9.0,"enemies":"Jaw Worm","floor":3.0,"turns":2.0},{"damage":0.0,"enemies":"Cultist","floor":5.0,"turns":3.0},{"damage":8.0,"enemies":"Gremlin Nob","floor":7.0,"turns":3.0},{"damage":1.0,"enemies":"Lagavulin","floor":10.0,"turns":6.0},{"damage":0.0,"enemies":"Looter","floor":11.0,"turns":2.0},{"damage":8.0,"enemies":"Gremlin Nob","floor":13.0,"turns":3.0},{"damage":16.0,"enemies":"The Guardian","floor":16.0,"turns":7.0},{"damage":5.0,"enemies":"Shell Parasite","floor":18.0,"turns":3.0},{"damage":18.0,"enemies":"3 Byrds","floor":22.0,"turns":4.0},{"damage":1.0,"enemies":"Snecko","floor":24.0,"turns":3.0},{"damage":2.0,"enemies":"Sentry and Sphere","floor":25.0,"turns":3.0},{"damage":20.0,"enemies":"Snake Plant","floor":27.0,"turns":2.0},{"damage":0.0,"enemies":"3 Cultists","floor":31.0,"turns":3.0},{"damage":27.0,"enemies":"Collector","floor":33.0,"turns":7.0},{"damage":8.0,"enemies":"Orb Walker","floor":35.0,"turns":4.0},{"damage":12.0,"enemies":"3 Darklings","floor":39.0,"turns":3.0},{"damage":0,"enemies":"Reptomancer","floor":40,"turns":3},{"damage":0,"enemies":"Giant Head","floor":42,"turns":6},{"damage":16,"enemies":"Maw","floor":44,"turns":5},{"damage":19,"enemies":"Jaw Worm Horde","floor":47,"turns":4},{"damage":27,"enemies":"Writhing Mass","floor":48,"turns":4}],"seed_played":"8536001898737990084","potions_obtained":[{"floor":1.0,"key":"FearPotion"},{"floor":13.0,"key":"Explosive Potion"},{"floor":16.0,"key":"Dexterity Potion"},{"floor":24.0,"key":"DuplicationPotion"},{"floor":25.0,"key":"Regen Potion"},{"floor":40,"key":"Weak Potion"},{"floor":42,"key":"Fruit Juice"}],"is_trial":false,"path_per_floor":["M","?","M","?","M","R","E","R","T","E","M","$","E","?","R","B",null,"M","?","?","?","M","R","M","M","T","M","T","$","R","M","R","B",null,"M","?","$","?","M","E","R","E","T","M","?","R","M","M"],"character_chosen":"WATCHER","items_purchased":["Orrery","Lee\u0027s Waffle","Nirvana","FairyPotion"],"campfire_rested":2,"item_purchase_floors":[12,29,37,37],"current_hp_per_floor":[63,49,40,40,40,40,32,32,32,31,31,31,23,23,44,28,61,56,56,43,43,25,48,47,45,45,30,30,84,84,84,84,57,77,69,69,69,69,57,57,57,57,57,41,41,41,22,0,0],"gold":172,"neow_bonus":"BOSS_RELIC","is_daily":false,"chose_seed":false,"campfire_upgraded":5,"win_rate":0.0,"timestamp":1609795330,"path_taken":["M","?","M","?","M","R","E","R","T","E","?","$","E","?","R","BOSS","M","?","?","?","?","R","M","M","T","M","?","$","R","M","R","BOSS","M","?","$","?","M","E","R","E","T","?","?","R","M","M"],"items_purchased_type":["Relic","Relic","Card","Potion"],"build_version":"2020-12-22","purchased_purges":0,"victory":false,"max_hp_per_floor":[72,72,72,72,72,72,72,72,72,72,72,72,72,72,72,72,72,72,72,77,77,77,77,77,77,77,77,77,84,84,84,84,84,84,84,84,84,84,84,84,84,94,94,94,94,94,94,94,94],"relic_stats":{"Lee\u0027s Waffle":54,"Mark of the Bloom":34,"counters":[22,82],"Astrolabe":["Ragnarok","Fasting2","DeusExMachina"],"Pantograph":0,"Dead Branch":[69],"Pandora\u0027s Box":["SashWhip","FlyingSleeves","ReachHeaven","WindmillStrike","DeceiveReality","Alpha","Adaptation","Crescendo"],"Question Card":21,"GoldenEye":[81],"obtain_stats":[{"Lantern":9,"Lee\u0027s Waffle":29,"Mark of the Bloom":38,"Astrolabe":17,"SacredBark":34,"Dead Branch":40,"Thread and Needle":26,"Question Card":10,"GoldenEye":13,"Ancient Tea Set":43,"MutagenicStrength":19,"Pantograph":28,"Orrery":12,"Pandora\u0027s Box":0,"Bottled Lightning":7,"PureWater":0,"Meat on the Bone":42},{"Lantern":4,"Lee\u0027s Waffle":13,"Mark of the Bloom":16,"Astrolabe":8,"SacredBark":15,"Dead Branch":18,"Thread and Needle":12,"Question Card":5,"GoldenEye":7,"Ancient Tea Set":19,"MutagenicStrength":9,"Pantograph":13,"Orrery":6,"Pandora\u0027s Box":0,"Bottled Lightning":4,"PureWater":0,"Meat on the Bone":19},{"Lantern":10,"Lee\u0027s Waffle":43,"Mark of the Bloom":57,"Astrolabe":28,"SacredBark":53,"Dead Branch":63,"Thread and Needle":41,"Question Card":16,"GoldenEye":21,"Ancient Tea Set":69,"MutagenicStrength":31,"Pantograph":43,"Orrery":18,"Pandora\u0027s Box":0,"Bottled Lightning":10,"PureWater":0,"Meat on the Bone":69}],"Meat on the Bone":0},"card_choices":[{"not_picked":["SignatureMove","Crescendo"],"picked":"EmptyFist","floor":1.0},{"not_picked":["CrushJoints","Vengeance"],"picked":"ThirdEye","floor":3.0},{"not_picked":["Halt","Weave"],"picked":"EmptyBody","floor":5.0},{"not_picked":["Crescendo","Brilliance"],"picked":"DeusExMachina","floor":7.0},{"not_picked":["ClearTheMind","Crescendo"],"picked":"WheelKick","floor":10.0},{"not_picked":["Prostrate","BattleHymn","Collect"],"picked":"Wireheading","floor":11.0},{"not_picked":["Prostrate","BattleHymn","SashWhip"],"picked":"CutThroughFate","floor":12.0},{"not_picked":["Blasphemy","FollowUp","JustLucky"],"picked":"MasterReality","floor":12.0},{"not_picked":["ThirdEye","Conclude","MentalFortress"],"picked":"InnerPeace","floor":12.0},{"not_picked":["MasterReality","Vengeance","WaveOfTheHand","ReachHeaven"],"picked":"SKIP","floor":13.0},{"not_picked":["Brilliance","Devotion","Judgement"],"picked":"Scrawl","floor":16.0},{"not_picked":["FlyingSleeves","Consecrate","SashWhip","Protect"],"picked":"SKIP","floor":18.0},{"not_picked":["Evaluate","Blasphemy","Consecrate+1","FlurryOfBlows"],"picked":"SKIP","floor":22.0},{"not_picked":["JustLucky","BowlingBash+1","SignatureMove+1","CrushJoints"],"picked":"SKIP","floor":24.0},{"not_picked":["BowlingBash","Fasting2","Tantrum+1"],"picked":"EmptyMind","floor":25.0},{"not_picked":["BowlingBash","CrushJoints","FlurryOfBlows","SandsOfTime"],"picked":"SKIP","floor":27.0},{"not_picked":["CrushJoints","EmptyMind","ClearTheMind","JustLucky+1"],"picked":"SKIP","floor":31.0},{"not_picked":["Devotion","Judgement","Ragnarok"],"picked":"DevaForm","floor":33.0},{"not_picked":["CutThroughFate","PathToVictory","BowlingBash","WheelKick+1"],"picked":"SKIP","floor":35.0},{"not_picked":["PathToVictory+1","LikeWater","Conclude+1","EmptyFist+1"],"picked":"SKIP","floor":39.0},{"not_picked":["Establishment","ThirdEye+1","Prostrate+1","Vengeance"],"picked":"SKIP","floor":40},{"not_picked":["Perseverance","Meditate","BowlingBash+1"],"picked":"Protect","floor":42},{"not_picked":["Halt+1","Sanctity","SignatureMove","Crescendo+1"],"picked":"SKIP","floor":44},{"not_picked":["Evaluate","Meditate+1","EmptyFist","FollowUp"],"picked":"SKIP","floor":47}],"player_experience":744601,"relics_obtained":[{"floor":7.0,"key":"Bottled Lightning"},{"floor":9.0,"key":"Lantern"},{"floor":10.0,"key":"Question Card"},{"floor":13.0,"key":"GoldenEye"},{"floor":26.0,"key":"Thread and Needle"},{"floor":28.0,"key":"Pantograph"},{"floor":40,"key":"Dead Branch"},{"floor":42,"key":"Meat on the Bone"},{"floor":43,"key":"Ancient Tea Set"}],"event_choices":[{"damage_healed":0.0,"max_hp_gain":0.0,"max_hp_loss":0.0,"gold_gain":0.0,"event_name":"Shining Light","player_choice":"Entered Light","floor":2.0,"gold_loss":0.0,"damage_taken":14.0,"cards_upgraded":["Crescendo","Alpha"]},{"cards_removed":["WindmillStrike"],"damage_healed":0.0,"max_hp_gain":0.0,"max_hp_loss":0.0,"gold_gain":0.0,"event_name":"Wheel of Change","player_choice":"Card Removal","floor":4.0,"gold_loss":0.0,"damage_taken":0.0},{"damage_healed":0.0,"max_hp_gain":0.0,"max_hp_loss":0.0,"gold_gain":0.0,"cards_transformed":["FlyingSleeves"],"event_name":"Transmorgrifier","player_choice":"Transformed","floor":14.0,"gold_loss":0.0,"damage_taken":0.0,"cards_obtained":["ThirdEye"]},{"damage_healed":0.0,"max_hp_gain":0.0,"max_hp_loss":0.0,"gold_gain":0.0,"event_name":"Drug Dealer","player_choice":"Inject Mutagens","floor":19.0,"gold_loss":0.0,"damage_taken":0.0,"relics_obtained":["MutagenicStrength"]},{"damage_healed":0.0,"max_hp_gain":5.0,"max_hp_loss":0.0,"gold_gain":0.0,"event_name":"Forgotten Altar","player_choice":"Shed Blood","floor":20.0,"gold_loss":0.0,"damage_taken":18.0},{"cards_removed":["Fasting2"],"damage_healed":0.0,"max_hp_gain":0.0,"max_hp_loss":0.0,"gold_gain":0.0,"event_name":"Back to Basics","player_choice":"Elegance","floor":21.0,"gold_loss":0.0,"damage_taken":0.0},{"damage_healed":0.0,"max_hp_gain":0.0,"max_hp_loss":0.0,"gold_gain":0.0,"event_name":"Tomb of Lord Red Mask","player_choice":"Ignored","floor":36.0,"gold_loss":0.0,"damage_taken":0.0},{"damage_healed":0.0,"max_hp_gain":0.0,"max_hp_loss":0.0,"gold_gain":0.0,"event_name":"MindBloom","player_choice":"Upgrade","floor":38.0,"gold_loss":0.0,"damage_taken":0.0,"cards_upgraded":["Eruption","Vigilance","ReachHeaven","DeceiveReality","Adaptation","Wireheading","MasterReality","InnerPeace","ThirdEye","Scrawl","EmptyMind","DevaForm","Nirvana"],"relics_obtained":["Mark of the Bloom"]},{"cards_removed":["Eruption"],"damage_healed":0,"gold_gain":0,"player_choice":"Removed Attack","damage_taken":0,"max_hp_gain":0,"max_hp_loss":0,"event_name":"Falling","floor":45,"gold_loss":0}],"is_beta":false,"boss_relics":[{"not_picked":["Busted Crown","Tiny House"],"picked":"Astrolabe"},{"not_picked":["Sozu","SlaversCollar"],"picked":"SacredBark"}],"items_purged_floors":[],"is_endless":false,"potions_floor_spawned":[1,13,16,24,25,40,42],"killed_by":"Writhing Mass","ascension_level":7}}