{"host":"ewfe3cr33ktd9xzj","time":1609750500,"event":{"mods":["AchievementEnabler","BaseMod","Colored Map","Custom Start","DeckTracker","Minty Spire (QoL Compilation)","Rare Cards Sparkle","StSLib","everything is the same but u backflip on backflip"],"gold_per_floor":[118,133,1,16,16,16,43,4,4,4,4],"floor_reached":10,"playtime":336,"items_purged":["Strike_R"],"score":132,"play_id":"f22c267b-c480-4bdf-a3cc-8298e408e614","local_time":"20210104175500","is_ascension_mode":true,"campfire_choices":[{"data":"Body Slam","floor":6,"key":"SMITH"}],"circlet_count":0,"master_deck":["AscendersBane","Strike_R","Strike_R","Strike_R","Defend_R","Defend_R","Defend_R","Defend_R","Bash","Body Slam+1","Burning Pact","Feel No Pain","Seeing Red","Dark Embrace"],"relics":["Burning Blood","Charon\u0027s Ashes"],"acts_visited":["Exordium"],"potions_floor_usage":[7],"damage_taken":[{"damage":6.0,"enemies":"Cultist","floor":1.0,"turns":3.0},{"damage":13.0,"enemies":"Small Slimes","floor":2.0,"turns":6.0},{"damage":14.0,"enemies":"Jaw Worm","floor":4.0,"turns":4.0},{"damage":12,"enemies":"3 Sentries","floor":7,"turns":17},{"damage":0,"enemies":"Lagavulin","floor":10,"turns":1}],"seed_played":"3099725957497721599","potions_obtained":[{"floor":4.0,"key":"SkillPotion"},{"floor":7,"key":"Swift Potion"}],"is_trial":false,"path_per_floor":["M","M","$","M","?","R","E","$","T","E"],"character_chosen":"IRONCLAD","items_purchased":["Body Slam","Dark Embrace"],"campfire_rested":0,"item_purchase_floors":[3,8],"current_hp_per_floor":[68,61,61,53,53,53,47,47,47,47,47],"gold":4,"neow_bonus":"REMOVE_CARD","is_daily":false,"chose_seed":false,"campfire_upgraded":1,"win_rate":0.0,"timestamp":1609750500,"path_taken":["M","M","?","M","?","R","E","$","T","E"],"items_purchased_type":["Card","Card"],"build_version":"2020-12-22","purchased_purges":1,"victory":false,"max_hp_per_floor":[75,75,75,75,75,75,75,75,75,75,75],"card_choices":[{"not_picked":["Thunderclap","Armaments"],"picked":"Sword Boomerang","floor":1.0},{"not_picked":["Headbutt","Pummel","Warcry"],"picked":"SKIP","floor":2.0},{"not_picked":["Evolve","Reckless Charge"],"picked":"Burning Pact","floor":4.0},{"not_picked":["Searing Blow","Cleave"],"picked":"Seeing Red","floor":7}],"player_experience":8713,"relics_obtained":[{"floor":7,"key":"Charon\u0027s Ashes"}],"event_choices":[{"damage_healed":0,"gold_gain":0,"cards_transformed":["Sword Boomerang"],"player_choice":"Transformed","damage_taken":0,"max_hp_gain":0,"max_hp_loss":0,"event_name":"Transmorgrifier","floor":5,"gold_loss":0,"cards_obtained":["Feel No Pain"]}],"is_beta":false,"boss_relics":[],"items_purged_floors":[3],"is_endless":false,"potions_floor_spawned":[4,7],"killed_by":"Lagavulin","ascension_level":20}}