{"host":"mgc7o2tpy0ck407l","time":1609743275,"event":{"mods":["Alarm Clock","AlwaysNeverKeys","BaseMod","Better Altar","Better Match","Better Note","Better Sensory Stone","Better Skull","Better Third Choice","Better Vampires","Block Reminder","Booster Modes","Challenge The Spire","Colored Map","Colored Powertips","Disable Question Mark Monsters","Displayed Cursed Tome","Emptier Cage","Energized Spire","Evolution","Hermit","Infinite Spire","Minty Spire (QoL Compilation)","Permanent Neow","Quick Restart","Rare Cards Sparkle","Reorder Act Four","Replay The Spire","Spicy Shops","StSLib","SuperFastMode","Transform Curses","Unceasing Turn Reminder"],"gold_per_floor":[110,26,26,37,37,37,106,24,78,78,94,111,122,153,153,252,252,264,86,99,99,99,99,130,130,130,158,158,33,33,133,133,230,230,243,93,153,164,164,195,195,225,273,283,283,283,300,317,317,317,317,172,172,203,203],"floor_reached":56,"playtime":1978,"items_purged":["betterMatch:CurseCard","Strike_R","Strike_R","Defend_R"],"score":1520,"play_id":"3b46b238-8aa6-4ab1-ac68-ab7372c859b4","local_time":"20210104015435","is_ascension_mode":true,"campfire_choices":[{"data":"Body Slam","floor":6.0,"key":"SMITH"},{"data":"Metallicize","floor":10.0,"key":"SMITH"},{"data":"Metallicize","floor":15.0,"key":"SMITH"},{"data":"True Grit","floor":23.0,"key":"SMITH"},{"data":"Armaments","floor":28.0,"key":"SMITH"},{"data":"Body Slam","floor":32.0,"key":"SMITH"},{"data":"ReplayReversal","floor":41.0,"key":"SMITH"},{"data":"Crow Ritual","floor":46.0,"key":"SMITH"},{"data":"Metallicize","floor":49,"key":"SMITH"},{"data":"Brutality","floor":53,"key":"SMITH"}],"circlet_count":0,"master_deck":["Defend_R","Metallicize+1","Body Slam+1","Body Slam+1","Metallicize+1","True Grit+1","Brutality+1","Armaments+1","Metallicize+1","Shrug It Off","Body Slam+1","ReplayReversal+1","Shrug It Off","Body Slam+1","Shrug It Off","Brutality","ReplayReversal+1","ReplayReversal+1","Master of Strategy","Crow Ritual+1","Battle Trance+1","Entrench"],"relics":["Burning Blood","EVO:Axolotl","CaptainsWheel","HornCleat","ReplayTheSpireMod:CursedCoin","DollysMirror","Vajra","Question Card","energizedSpire:OgreHead","Turnip","Toy Ornithopter","Empty Cage","Orrery","infinitespire:Golems Mask","Akabeko","infinitespire:Magic Flask","Sundial","Replay:Drink Me","Pear","ReplayTheSpireMod:Shallot","Replay:Accelerometer","Pen Nib","Whetstone","Centennial Puzzle"],"acts_visited":["Exordium","TheCity","TheBeyond","TheEnding"],"potions_floor_usage":[48,55],"damage_taken":[{"damage":3.0,"enemies":"Cultist","floor":1.0,"turns":4.0},{"damage":0.0,"enemies":"2 Louse","floor":4.0,"turns":3.0},{"damage":8.0,"enemies":"Jaw Worm","floor":11.0,"turns":3.0},{"damage":2.0,"enemies":"Lots of Slimes","floor":12.0,"turns":5.0},{"damage":3.0,"enemies":"Exordium Wildlife","floor":13.0,"turns":5.0},{"damage":5.0,"enemies":"Lagavulin","floor":14.0,"turns":6.0},{"damage":19.0,"enemies":"Fading Forest","floor":16.0,"turns":11.0},{"damage":11.0,"enemies":"2 Thieves","floor":18.0,"turns":4.0},{"damage":2.0,"enemies":"Shell Parasite","floor":20.0,"turns":3.0},{"damage":9.0,"enemies":"Book of Stabbing","floor":24.0,"turns":4.0},{"damage":19.0,"enemies":"Gremlin Leader","floor":27.0,"turns":6.0},{"damage":5.0,"enemies":"Colosseum Slavers","floor":31.0,"turns":4.0},{"damage":1.0,"enemies":"Colosseum Nobs","floor":31.0,"turns":3.0},{"damage":5.0,"enemies":"Automaton","floor":33.0,"turns":6.0},{"damage":0.0,"enemies":"3 Shapes","floor":35.0,"turns":2.0},{"damage":0.0,"enemies":"Orb Walker","floor":38.0,"turns":2.0},{"damage":2.0,"enemies":"Giant Head","floor":40.0,"turns":3.0},{"damage":3.0,"enemies":"R_Hoarder","floor":42.0,"turns":3.0},{"damage":3.0,"enemies":"Maw","floor":44.0,"turns":3.0},{"damage":1.0,"enemies":"Jaw Worm Horde","floor":47.0,"turns":2.0},{"damage":5,"enemies":"Transient","floor":48,"turns":4},{"damage":4,"enemies":"Donu and Deca","floor":50,"turns":4},{"damage":4,"enemies":"Shield and Spear","floor":54,"turns":3},{"damage":13,"enemies":"The Heart","floor":55,"turns":5}],"seed_played":"-6618979062687955760","potions_obtained":[{"floor":1.0,"key":"Milkshake"},{"floor":11.0,"key":"Block Potion"},{"floor":24.0,"key":"Swift Potion"},{"floor":35.0,"key":"Adrenaline Potion"},{"floor":44.0,"key":"AttackPotion"},{"floor":47.0,"key":"Fruit Juice"},{"floor":48,"key":"Fruit Juice"}],"is_trial":false,"path_per_floor":["M","$","?","M","?","R","T","$","T","R","M","M","M","E","R","B",null,"M","$","M","$","?","R","E","AVR","T","E","R","$","?","?","R","B",null,"M","$","?","M","?","E","R","E","T","M","?","R","M","M","R","B",null,"$","R","E","B",null],"character_chosen":"IRONCLAD","items_purchased":["CaptainsWheel","ReplayTheSpireMod:CursedCoin","DollysMirror","Turnip","Whetstone"],"campfire_rested":0,"item_purchase_floors":[2,8,8,19,52],"current_hp_per_floor":[59,59,59,65,65,65,65,65,65,65,63,67,70,71,71,68,80,75,75,79,79,79,79,76,76,76,63,63,63,63,74,74,75,60,60,60,55,61,61,66,66,66,66,66,66,66,66,71,71,71,71,71,71,71,70],"gold":203,"neow_bonus":"TRANSFORM_TWO_CARDS","is_daily":false,"chose_seed":false,"campfire_upgraded":10,"win_rate":0.0,"timestamp":1609743275,"path_taken":["M","$","?","?","?","R","?","$","T","R","M","M","M","E","R","BOSS","M","$","M","?","?","R","E","AVR","T","E","R","$","?","?","R","BOSS","M","$","?","M","?","E","R","E","T","M","?","R","M","M","R","BOSS","$","R","E","BOSS"],"items_purchased_type":["Relic","Relic","Relic","Relic","Relic"],"build_version":"2020-12-22","purchased_purges":4,"victory":true,"max_hp_per_floor":[80,80,80,80,80,80,80,80,80,80,80,80,80,80,80,80,80,80,80,80,80,80,80,80,80,80,80,80,80,80,80,80,80,60,60,60,70,70,66,66,66,66,66,66,66,66,66,71,71,71,71,71,71,71,76],"card_choices":[{"not_picked":["Flex","Headbutt"],"picked":"Body Slam","floor":1.0},{"not_picked":["Pummel","ReplayTheSpireMod:LeadingStrike"],"picked":"Body Slam","floor":4.0},{"not_picked":["Clash","Searing Blow"],"picked":"True Grit","floor":11.0},{"not_picked":["Dropkick","True Grit","Sword Boomerang"],"picked":"SKIP","floor":12.0},{"not_picked":["Thunderclap","Exhume","Dual Wield"],"picked":"SKIP","floor":13.0},{"not_picked":["Clothesline","ReplayTheSpireMod:Limb From Limb","Flex"],"picked":"SKIP","floor":14.0},{"not_picked":["Immolate","Double Tap","Hemogenesis"],"picked":"Brutality","floor":16.0},{"not_picked":["Sever Soul","Spot Weakness+1","Dropkick+1"],"picked":"Armaments","floor":18.0},{"not_picked":["Battle Trance+1","Seeing Red","Clash"],"picked":"Metallicize","floor":20.0},{"not_picked":["ReplayTheSpireMod:LeadingStrike","Impervious","Havoc"],"picked":"Body Slam+1","floor":24.0},{"not_picked":["Iron Wave","Cleave","Replay:Many Hands"],"picked":"ReplayReversal","floor":25.0},{"not_picked":["Entrench","Searing Blow","ReplayTheSpireMod:Muscle Training"],"picked":"Shrug It Off","floor":25.0},{"not_picked":["Pummel","Searing Blow","Thunderclap"],"picked":"Body Slam","floor":25.0},{"not_picked":["True Grit","Combust+1","Fire Breathing"],"picked":"Shrug It Off","floor":25.0},{"not_picked":["infinitespire:OneForAll+1","Sword Boomerang","Havoc"],"picked":"Clothesline","floor":25.0},{"not_picked":["Pommel Strike","Reaper","ReplayTheSpireMod:Stacked","Havoc"],"picked":"SKIP","floor":27.0},{"not_picked":["Double Tap","Berserk","Bludgeon"],"picked":"Brutality","floor":33.0},{"not_picked":["Wild Strike","Massacre","Power Through","Replay:Undeath\u0027s Touch+1"],"picked":"SKIP","floor":35.0},{"not_picked":["Flex","ReplayTheSpireMod:Corrosion Curse","Sword Boomerang+1"],"picked":"ReplayReversal+1","floor":38.0},{"not_picked":["Shockwave","Rage+1","Spot Weakness","ReplayTheSpireMod:Strike From Hell"],"picked":"SKIP","floor":40.0},{"not_picked":["Clothesline+1","Limit Break","Run Through+1","Replay:Undeath\u0027s Touch+1"],"picked":"SKIP","floor":42.0},{"not_picked":["Ghostly Armor","ReplayTheSpireMod:Muscle Training","Cleave+1"],"picked":"ReplayReversal+1","floor":44.0},{"not_picked":["Specialist","Midas Touch","Mayhem"],"picked":"Master of Strategy","floor":45.0},{"not_picked":["Good Instincts","Dramatic Entrance","Trip"],"picked":"Crow Ritual","floor":45.0},{"not_picked":["Evolve","Carnage","Bloodletting+1"],"picked":"Battle Trance+1","floor":47.0},{"not_picked":["True Grit+1","Metallicize","Replay:Undeath\u0027s Touch","Heavy Blade+1"],"picked":"SKIP","floor":48},{"not_picked":["Berserk","Anger+1","Run Through+1"],"picked":"Entrench","floor":54}],"player_experience":734668,"relics_obtained":[{"floor":7.0,"key":"HornCleat"},{"floor":9.0,"key":"Vajra"},{"floor":14.0,"key":"Question Card"},{"floor":24.0,"key":"Toy Ornithopter"},{"floor":26.0,"key":"infinitespire:Golems Mask"},{"floor":27.0,"key":"Akabeko"},{"floor":31.0,"key":"infinitespire:Magic Flask"},{"floor":31.0,"key":"Sundial"},{"floor":37.0,"key":"Pear"},{"floor":40.0,"key":"ReplayTheSpireMod:Shallot"},{"floor":42.0,"key":"Replay:Accelerometer"},{"floor":43.0,"key":"Pen Nib"},{"floor":54,"key":"Centennial Puzzle"}],"event_choices":[{"cards_removed":["Strike_R"],"damage_healed":0.0,"max_hp_gain":0.0,"max_hp_loss":0.0,"gold_gain":0.0,"event_name":"betterNote:BetterNote","player_choice":"Give","floor":3.0,"gold_loss":0.0,"damage_taken":0.0,"cards_obtained":["Strike_R"]},{"damage_healed":0.0,"max_hp_gain":0.0,"max_hp_loss":0.0,"gold_gain":0.0,"event_name":"Living Wall","player_choice":"Grow","floor":5.0,"gold_loss":0.0,"damage_taken":0.0,"cards_upgraded":["Body Slam"]},{"damage_healed":0.0,"max_hp_gain":0.0,"max_hp_loss":0.0,"gold_gain":0.0,"event_name":"The Library","player_choice":"Read","floor":22.0,"gold_loss":0.0,"damage_taken":0.0,"cards_obtained":["Shrug It Off"]},{"damage_healed":0.0,"max_hp_gain":0.0,"max_hp_loss":0.0,"gold_gain":0.0,"event_name":"Colosseum","player_choice":"Fight","floor":31.0,"gold_loss":0.0,"damage_taken":0.0},{"damage_healed":0.0,"max_hp_gain":0.0,"max_hp_loss":0.0,"gold_gain":0.0,"event_name":"Colosseum","player_choice":"Fought Nobs","floor":31.0,"gold_loss":0.0,"damage_taken":0.0},{"damage_healed":0.0,"max_hp_gain":0.0,"max_hp_loss":4.0,"gold_gain":0.0,"event_name":"Winding Halls","player_choice":"Max HP","floor":39.0,"gold_loss":0.0,"damage_taken":0.0},{"damage_healed":0.0,"max_hp_gain":0.0,"max_hp_loss":0.0,"gold_gain":3.0,"event_name":"betterStone:BetterStone","player_choice":"1","floor":45.0,"gold_loss":0.0,"damage_taken":0.0}],"is_beta":false,"boss_relics":[{"not_picked":["Abe\u0027s Treasure","Mark of Pain"],"picked":"energizedSpire:OgreHead"},{"not_picked":["Astrolabe","Pandora\u0027s Box"],"picked":"Replay:Drink Me"}],"items_purged_floors":[8,19,29,36],"is_endless":false,"potions_floor_spawned":[1,11,24,31,35,44,47,48],"ascension_level":1}}