{"host":"ln8zowmpyx5bxamj","time":1609747523,"event":{"mods":["Abigail Mod","Act Like it!","BaseMod","Chen","Colored Map","Conspire","Gensokyo","GifTheSpireLib","Hallownest","Hubris","Koishi","Luminous","Marisa????????","Minty Spire (QoL Compilation)","Prisma Mod","Reimu??????","Remilia??????","Replay The Spire","SIMod","Shade Mod","StSLib","The Administrix","The Alterego","The Blackbeard","The Blue Laboratory","The Bug Knight","The Construct","The Cursed","The Gatherer","The Hierophant","The Judge","The Marked","The Mystic","The Necromancer","The Saiyan","The Senshi","The Servant 0.9.4","The Vixen","TheFirefly","Uncapped","Yakumo Yukari mod","Yuyuko"],"gold_per_floor":[140,34,49,68,83,83,83,83],"floor_reached":7,"playtime":3522,"items_purged":[],"score":43,"play_id":"c5b69c23-efb7-4153-b46b-5fb95822510e","local_time":"20210104020523","is_ascension_mode":false,"campfire_choices":[{"data":"WatchEChange_purple","floor":6,"key":"SMITH"}],"circlet_count":0,"master_deck":["AT_purpleEX","AT_purpleEX","AT_purpleEX","AT_purpleEX","Defend_purpleEX","Defend_purpleEX","Defend_purpleEX","Defend_purpleEX","Observe_purple_1","Observe_purple_2","Erosivefilter_purple","CommonSense_AntiCommonSense_purple","WatchEChange_purple+1","DimensionStaggered_purple","Mirror_WaveAndshot_purple"],"relics":["Boundary_crack","Memoryfragments_purpleEX","NeowsBlessing"],"acts_visited":["Exordium"],"potions_floor_usage":[5],"damage_taken":[{"damage":0,"enemies":"Small Slimes","floor":1,"turns":1},{"damage":0,"enemies":"2 Louse","floor":3,"turns":1},{"damage":0,"enemies":"Jaw Worm","floor":4,"turns":1},{"damage":15,"enemies":"Lots of Slimes","floor":5,"turns":8},{"damage":61,"enemies":"HollowMod:MossKnight","floor":7,"turns":42}],"seed_played":"-5016936438400896379","potions_obtained":[{"floor":4,"key":"blueLaboratory:HorrorPotion"}],"is_trial":false,"path_per_floor":["M","$","M","M","M","R","E"],"character_chosen":"Youkari","items_purchased":["CommonSense_AntiCommonSense_purple","WatchEChange_purple"],"campfire_rested":0,"item_purchase_floors":[2,2],"current_hp_per_floor":[70,70,70,70,60,60,0,0],"gold":83,"neow_bonus":"THREE_ENEMY_KILL","is_daily":false,"chose_seed":false,"campfire_upgraded":1,"win_rate":0.0,"timestamp":1609747523,"path_taken":["M","$","M","M","M","R","E"],"items_purchased_type":["Card","Card"],"build_version":"2020-12-22","purchased_purges":0,"victory":false,"max_hp_per_floor":[70,70,70,70,70,70,70,70],"card_choices":[{"not_picked":["DimensionStaggered_purple","Worldmountain_purple"],"picked":"Erosivefilter_purple","floor":1},{"not_picked":["Mirror_FormAndEmptin_purple","Umbrella_purple"],"picked":"DimensionStaggered_purple","floor":3},{"not_picked":["ExistenceContinue_purple","RuleDissolution_purple","SharpContractionReality_purple"],"picked":"SKIP","floor":4},{"not_picked":["OmniscientAndOmnipotent_Monster_purple","ExistenceContinue_purple"],"picked":"Mirror_WaveAndshot_purple","floor":5}],"player_experience":1129597,"relics_obtained":[],"event_choices":[],"is_beta":false,"boss_relics":[],"items_purged_floors":[],"is_endless":false,"potions_floor_spawned":[4],"killed_by":"HollowMod:MossKnight","ascension_level":0}}