{"host":"w4b7hmige5bnqipq","time":1609761110,"event":{"mods":["2.2 Compatiblity","BaseMod","Colored Map","DeckTracker","Keyboard Shortcuts","Minty Spire (QoL Compilation)","Permanent Neow","Rare Cards Sparkle","SuperFastMode","everything is the same but u backflip on backflip","slay the spire mod where everything is the same but ironclad has a cowboy hat"],"gold_per_floor":[111,123,198,123,133,161,161,190,215,215,215,232,247,261,261,261,261],"floor_reached":16,"playtime":1230,"items_purged":["Normality"],"score":224,"play_id":"a3b521e3-4013-4d21-94df-2c87f57cbb0f","local_time":"20210104205150","is_ascension_mode":true,"campfire_choices":[{"data":"Carnage","floor":7.0,"key":"SMITH"},{"data":"Secret Weapon","floor":10.0,"key":"SMITH"},{"data":"Seeing Red","floor":15.0,"key":"SMITH"}],"circlet_count":0,"master_deck":["AscendersBane","Strike_R","Strike_R","Strike_R+1","Strike_R","Defend_R","Defend_R","Defend_R","Defend_R","Bash+1","Secret Weapon+1","Carnage+1","Pommel Strike","Battle Trance","Second Wind","Evolve","Seeing Red+1","Shrug It Off"],"relics":["Burning Blood","Anchor","Whetstone","Orichalcum"],"acts_visited":["Exordium"],"potions_floor_usage":[16],"damage_taken":[{"damage":7.0,"enemies":"Small Slimes","floor":1.0,"turns":3.0},{"damage":7.0,"enemies":"Jaw Worm","floor":2.0,"turns":2.0},{"damage":0.0,"enemies":"2 Louse","floor":5.0,"turns":2.0},{"damage":25.0,"enemies":"3 Sentries","floor":6.0,"turns":9.0},{"damage":20.0,"enemies":"Lagavulin","floor":8.0,"turns":4.0},{"damage":6.0,"enemies":"Gremlin Gang","floor":12.0,"turns":6.0},{"damage":6.0,"enemies":"Blue Slaver","floor":13.0,"turns":5.0},{"damage":0.0,"enemies":"2 Fungi Beasts","floor":14.0,"turns":2.0},{"damage":33,"enemies":"The Guardian","floor":16,"turns":9}],"seed_played":"-2061907769698113252","potions_obtained":[{"floor":2.0,"key":"LiquidMemories"},{"floor":5.0,"key":"Energy Potion"},{"floor":12.0,"key":"Energy Potion"},{"floor":14.0,"key":"DistilledChaos"}],"is_trial":false,"path_per_floor":["M","M","?","$","M","E","R","E","T","R","?","M","M","M","R","B"],"character_chosen":"IRONCLAD","items_purchased":[],"campfire_rested":0,"item_purchase_floors":[],"current_hp_per_floor":[67,66,55,55,61,42,42,28,28,28,21,21,21,27,27,0,0],"gold":261,"neow_bonus":"RANDOM_COLORLESS_2","is_daily":false,"chose_seed":false,"campfire_upgraded":3,"win_rate":0.0,"timestamp":1609761110,"path_taken":["M","M","?","$","M","E","R","E","T","R","?","M","M","M","R","BOSS"],"items_purchased_type":[],"build_version":"2020-12-22","purchased_purges":1,"victory":false,"max_hp_per_floor":[75,75,75,75,75,75,75,75,75,75,75,75,75,75,75,75,75],"card_choices":[{"not_picked":["Violence","Chrysalis"],"picked":"Secret Weapon","floor":0.0},{"not_picked":["Thunderclap","Clash"],"picked":"Carnage","floor":1.0},{"not_picked":["Blood for Blood","Headbutt"],"picked":"Pommel Strike","floor":2.0},{"not_picked":["Anger","Havoc"],"picked":"Battle Trance","floor":5.0},{"not_picked":["Rage","Flex"],"picked":"Second Wind","floor":6.0},{"not_picked":["Warcry","Wild Strike","Havoc"],"picked":"SKIP","floor":8.0},{"not_picked":["Warcry","Wild Strike","Havoc"],"picked":"SKIP","floor":8.0},{"not_picked":["Metallicize","Body Slam"],"picked":"Evolve","floor":12.0},{"not_picked":["Body Slam","Hemokinesis"],"picked":"Seeing Red","floor":13.0},{"not_picked":["Reckless Charge","Perfected Strike"],"picked":"Shrug It Off","floor":14.0}],"player_experience":462610,"relics_obtained":[{"floor":6.0,"key":"Anchor"},{"floor":8.0,"key":"Whetstone"},{"floor":9.0,"key":"Orichalcum"}],"event_choices":[{"damage_healed":0.0,"max_hp_gain":0.0,"max_hp_loss":0.0,"gold_gain":75.0,"event_name":"World of Goop","player_choice":"Gather Gold","floor":3.0,"gold_loss":0.0,"damage_taken":11.0},{"cards_removed":["Strike_R"],"damage_healed":0.0,"max_hp_gain":0.0,"max_hp_loss":0.0,"gold_gain":0.0,"event_name":"Golden Wing","player_choice":"Card Removal","floor":11.0,"gold_loss":0.0,"damage_taken":7.0}],"is_beta":false,"boss_relics":[],"items_purged_floors":[4],"is_endless":false,"potions_floor_spawned":[2,5,12,14],"killed_by":"The Guardian","ascension_level":20}}