{"host":"vlqejv0notyktumz","time":1609723805,"event":{"mods":["AchievementEnabler","BaseMod","Googly Eyes","Minty Spire (QoL Compilation)"],"gold_per_floor":[115,40,40,57,9,9,9,41,41,41,70,85,85,97,97,198,198,215,315,225,225],"floor_reached":20,"playtime":375,"items_purged":["Strike_B"],"score":234,"play_id":"6e049f82-5c23-4889-acd2-11c583fac297","local_time":"20210103193005","is_ascension_mode":true,"campfire_choices":[{"data":"Redo","floor":6,"key":"SMITH"},{"data":"Undo","floor":10,"key":"SMITH"},{"data":"Zap","floor":15,"key":"SMITH"}],"circlet_count":0,"master_deck":["Strike_B","Strike_B","Strike_B","Defend_B","Defend_B","Defend_B","Defend_B","Zap+1","Dualcast","Redo+1","Rip and Tear","Ball Lightning","Undo+1","Leap+1","Ball Lightning","Thunder Strike","Chaos+1"],"relics":["Cracked Core","Happy Flower","Pantograph","FossilizedHelix","SlaversCollar"],"acts_visited":["Exordium","TheCity"],"potions_floor_usage":[8,16,16],"damage_taken":[{"damage":6,"enemies":"Cultist","floor":1,"turns":4},{"damage":2,"enemies":"Jaw Worm","floor":4,"turns":3},{"damage":30,"enemies":"Lagavulin","floor":8,"turns":5},{"damage":15,"enemies":"Gremlin Nob","floor":11,"turns":3},{"damage":0,"enemies":"2 Louse","floor":12,"turns":1},{"damage":0,"enemies":"Exordium Thugs","floor":14,"turns":4},{"damage":24,"enemies":"Hexaghost","floor":16,"turns":9},{"damage":39,"enemies":"3 Byrds","floor":18,"turns":5},{"damage":28,"enemies":"2 Thieves","floor":20,"turns":3}],"seed_played":"-28926573111750526","potions_obtained":[{"floor":1,"key":"BlessingOfTheForge"},{"floor":12,"key":"Energy Potion"},{"floor":14,"key":"SteroidPotion"},{"floor":18,"key":"SpeedPotion"}],"is_trial":false,"path_per_floor":["M","$","?","M","$","R","$","E","T","R","E","M","?","M","R","B",null,"M","?","M"],"character_chosen":"DEFECT","items_purchased":["Ball Lightning"],"campfire_rested":0,"item_purchase_floors":[5],"current_hp_per_floor":[62,62,67,65,65,65,65,35,35,35,20,20,20,20,20,21,65,26,26,0,0],"gold":225,"neow_bonus":"THREE_CARDS","is_daily":false,"chose_seed":false,"campfire_upgraded":3,"win_rate":0.0,"timestamp":1609723805,"path_taken":["M","$","?","M","$","R","$","E","T","R","E","M","?","?","R","BOSS","M","?","?"],"items_purchased_type":["Card"],"build_version":"2020-12-22","purchased_purges":1,"victory":false,"max_hp_per_floor":[75,75,80,80,80,80,80,80,80,80,80,80,80,80,80,80,80,80,80,80,80],"card_choices":[{"not_picked":["Leap","Barrage"],"picked":"Redo","floor":0},{"not_picked":["Stack","Beam Cell"],"picked":"Rip and Tear","floor":1},{"not_picked":["Turbo","Cold Snap","Hologram"],"picked":"SKIP","floor":4},{"not_picked":["Gash","Go for the Eyes"],"picked":"Undo","floor":8},{"not_picked":["Turbo","Beam Cell","Barrage"],"picked":"SKIP","floor":11},{"not_picked":["Ball Lightning","Conserve Battery"],"picked":"Leap","floor":12},{"not_picked":["Sweeping Beam","Redo"],"picked":"Ball Lightning","floor":14},{"not_picked":["Rainbow","Amplify"],"picked":"Thunder Strike","floor":16},{"not_picked":["Defragment","Fusion"],"picked":"Chaos+1","floor":18}],"player_experience":286349,"relics_obtained":[{"floor":8,"key":"Happy Flower"},{"floor":9,"key":"Pantograph"},{"floor":11,"key":"FossilizedHelix"}],"event_choices":[{"damage_healed":0,"gold_gain":0,"player_choice":"Donut","damage_taken":0,"max_hp_gain":5,"max_hp_loss":0,"event_name":"Big Fish","floor":3,"gold_loss":0},{"damage_healed":0,"gold_gain":0,"player_choice":"Forge","damage_taken":0,"max_hp_gain":0,"max_hp_loss":0,"event_name":"Accursed Blacksmith","floor":13,"gold_loss":0,"cards_upgraded":["Leap"]},{"damage_healed":0,"gold_gain":100,"player_choice":"Pray","damage_taken":0,"max_hp_gain":0,"max_hp_loss":0,"event_name":"Golden Shrine","floor":19,"gold_loss":0}],"is_beta":false,"boss_relics":[{"not_picked":["FrozenCore","Runic Dome"],"picked":"SlaversCollar"}],"items_purged_floors":[2],"is_endless":false,"potions_floor_spawned":[1,12,14,18],"killed_by":"2 Thieves","ascension_level":6}}