{"host":"weghyrtrhzwgovqi","time":1609736676,"event":{"mods":["Act Like it!","BaseMod","Defuse TimeMaze Blight","Dota2Spire","Gensokyo","Minty Spire (QoL Compilation)","Remilia£¨ÀÙÃ×ÀòÑÇ£©","RumiaBox-Â¶Ã×æ«µÄÉñÃØºÐ×Ó","StSLib","Uncapped","UnlockEverythingMod","Youmu£¨»êÆÇÑýÃÎ£©","[IsaacMod]ÒÔÈö¼âËþ","noobMod"],"gold_per_floor":[114,114,114,125,125,134,146,156,156,181,181,181,201,232,232,342,351,361,397,472,484,548,601,633,656,668,680,701,755,784,676,688,833,854,878,902,914,935,142,174,174,224,224],"floor_reached":42,"playtime":899,"items_purged":["Multi-Cast"],"score":1012,"play_id":"74b02db6-3b6c-41b5-a0a9-e4f0d2f534f8","local_time":"20210104130436","daily_mods":["Shiny","Vintage","Diverse","Colorless Cards","Heirloom","Time Dilation","Flight","Lethality"],"is_ascension_mode":false,"campfire_choices":[{"data":"Apotheosis","floor":11,"key":"SMITH"},{"data":"HeartBreak","floor":12,"key":"SMITH"},{"data":"DemonKingCradle","floor":15,"key":"SMITH"},{"data":"ScarletCoffin","floor":32,"key":"SMITH"}],"circlet_count":0,"master_deck":["ScarletCoffin+1","DemonKingCradle+1","TricksterDevil","BloodRain","ForecastOfChange","CurseOfVladTepes","TransientEternity","EquivalentExchange","ScarletMeister","QueenOfMidnight","KillingBlow","BloodyHallows","BatForm","BloodyCatastrophe","CeilingFear","ChaoticDestiny","BloodySeventeenLaser","HellCatastrophe","HeartBreak+1","FastingOfTheYoungPreta","MatsuyoiReflectingSatelliteSlash","GreatEnlightenmentAppearingAndDisappearing","IrresoluteSoul","HeavenGodSword","DeadlyForm","ReincarnationSword","SlashOfTheEternalFuture","WickedSoul","HellRealmSword","AsuraSword","CelestialStarSword","StrangeHalfBody","SuddenDivineSeveringOfKarmicWind","CherryBlossomSword+1","HeavenSword","VoidnessSword","SlashOfSaigyouSpringWind","ASingleThoughtAndInfiniteKalpas","Brilliance","Devotion","LessonLearned","Vault","Alpha","Establishment","DeusExMachina","Judgement","ConjureBlade","MasterReality","Blasphemy","Ragnarok","Scrawl","Wish","Omniscience","SpiritShield","DevaForm","Hyperbeam","Machine Learning","Buffer","Seek","Echo Form","All For One","Reboot","Fission","Core Surge","Thunder Strike","Biased Cognition","ElectricPowerLearning","Electrodynamics","Rainbow","Meteor Strike","Amplify","Creative AI","Corpse Explosion","Die Die Die","Adrenaline","Envenom","Doppelganger","Burst","Wraith Form v2","Tools of the Trade","After Image","A Thousand Cuts","Venomology","Malaise","Phantasmal Killer","Night Terror","Unload+1","Bullet Time","Storm of Steel","Glass Knife","Grand Finale","Double Tap","Demon Form","Fiend Fire","Berserk","Impervious","Juggernaut","Brutality","Exhume","Offering","Bludgeon","Feed","Limit Break","Corruption","Barricade","Reaper","Immolate","Thinking Ahead","Metamorphosis","Master of Strategy","BloodyBrimstone","Magnetism","Chrysalis","Mayhem","Secret Weapon","Battery","Sadistic Nature","Transmutation","HandOfGreed","Apotheosis+1","Panache","Violence","Secret Technique","Clumsy","HeavenGodSword","CurseOfTheBell","Gensokyo:FourOfAKind","Gensokyo:FourOfAKind","Gensokyo:FourOfAKind","Gensokyo:FourOfAKind","Buffer","Inflame","SpiderLilyBurial","Double Energy","Purity","DemonKingCradle+1"],"relics":["HushsDoor","D4","GuppysPaw","PlanX","Dota2Spire:EyeOfSkadi","Incense Burner","YumHeart","Girya","Calipers","ChaoDraw","CaptainsWheel","Mango","Dota2Spire:ShivaGuard","Dota2Spire:HeartOfTarrasque","Frozen Egg 2","GodSword5","PillsDrop","GodSword4","DoctorsRemote","Singing Bowl","Dota2Spire:EtherealBlade","GodSword7","UnicornStump","MagicDraw4","Dota2Spire:MonkeyKingBar","Dota2Spire:Dagon","HornCleat","AnarchistCookbook","Dota2Spire:AghanimScepter","Dota2Spire:PowerTreads","Blood Vial","Regal Pillow","Dota2Spire:PhaseBoots","Centennial Puzzle","TheBean","Smiling Mask","HowToJump","Dota2Spire:RefresherOrb","Tiny House","DollysMirror","NineLifeCat","JudasShadow"],"acts_visited":["Exordium","Gensokyo:Gensokyo","TheBeyond"],"potions_floor_usage":[4],"damage_taken":[{"damage":34.0,"enemies":"Gensokyo:Gryphon","floor":1.0,"turns":3.0},{"damage":33,"enemies":"Gensokyo:3_Fairies","floor":4,"turns":3},{"damage":13,"enemies":"Gensokyo:2_Kodama","floor":7,"turns":2},{"damage":26,"enemies":"Gensokyo:Gryphon_and_Rabbit","floor":8,"turns":3},{"damage":0,"enemies":"Gensokyo:3_Kodama","floor":13,"turns":1},{"damage":6,"enemies":"Gensokyo:Mamizou","floor":14,"turns":4},{"damage":0,"enemies":"Gensokyo:Reimu","floor":16,"turns":2},{"damage":0,"enemies":"Gensokyo:2_Gloops","floor":18,"turns":2},{"damage":0,"enemies":"Hiden Room Battle","floor":20,"turns":3},{"damage":0,"enemies":"Gensokyo:Reisen","floor":23,"turns":1},{"damage":2,"enemies":"Gensokyo:3_Dogs","floor":24,"turns":2},{"damage":0,"enemies":"Gensokyo:Wraith","floor":25,"turns":1},{"damage":3,"enemies":"Gensokyo:Tenshi","floor":29,"turns":2},{"damage":0,"enemies":"Gensokyo:Mirror_and_Dog","floor":30,"turns":3},{"damage":0,"enemies":"Gensokyo:Kaguya","floor":33,"turns":2},{"damage":0,"enemies":"3 Shapes","floor":35,"turns":1},{"damage":0,"enemies":"3 Darklings","floor":36,"turns":1},{"damage":0,"enemies":"Nemesis","floor":40,"turns":1},{"damage":0,"enemies":"4 Shapes","floor":42,"turns":1}],"seed_played":"5508689412644193911","potions_obtained":[{"floor":4,"key":"Fruit Juice"},{"floor":25,"key":"EssenceOfSteel"},{"floor":36,"key":"LiquidBronze"},{"floor":42,"key":"Dota2Spire:Clarity"}],"is_trial":true,"path_per_floor":["M","?","?","M","?","?","M","M","T","T","R","R","M","E","R","B",null,"M","?","?","?","T","E","M","M","T","?","?","E","M","?","R","B",null,"M","M","?","?","$","E","?","M"],"character_chosen":"YOUMU","items_purchased":["GuppysHairball","GuppysTail","Double Energy","Matryoshka","Peace Pipe","NineVolt"],"campfire_rested":0,"item_purchase_floors":[17,34,34,39,39,39],"current_hp_per_floor":[41,26,19,73,35,35,22,92,92,92,92,92,92,92,92,101,91,91,64,64,60,60,60,58,58,58,58,58,55,67,67,67,67,54,54,54,54,54,54,54,51,21,21],"gold":224,"neow_bonus":"","is_daily":false,"chose_seed":false,"campfire_upgraded":4,"win_rate":0.0,"timestamp":1609736676,"path_taken":["M","?","?","?","?","?","?","?","T","?","R","R","M","E","R","BOSS","M","?","?","?","?","E","?","M","T","?","?","E","?","?","R","BOSS","M","?","?","?","?","E","?","M"],"items_purchased_type":["Relic","Relic","Card","Relic","Relic","Relic"],"build_version":"2020-12-22","purchased_purges":1,"victory":false,"max_hp_per_floor":[75,75,89,95,95,95,97,101,101,101,101,101,101,101,101,101,91,91,64,65,60,60,60,63,63,63,63,63,66,67,67,67,67,54,54,54,54,54,54,54,51,21,21],"card_choices":[{"not_picked":["SwordExtraction","Deflect","KillingBlow"],"picked":"SKIP","floor":14},{"not_picked":["MatsuyoiReflectingSatelliteSlash","After Image"],"picked":"HeavenGodSword","floor":16},{"not_picked":["Flying Knee","RedRainbow","Buffer"],"picked":"SKIP","floor":23},{"not_picked":["Flying Knee","RedRainbow"],"picked":"Buffer","floor":23},{"not_picked":["SuperhumanBloodyKnife","Battle Trance+1"],"picked":"SpiderLilyBurial","floor":29},{"not_picked":[],"picked":"Purity","floor":38},{"not_picked":["PiercingWail"],"picked":"SKIP","floor":40}],"player_experience":286496,"relics_obtained":[{"floor":1.0,"key":"Bottled Tornado"},{"floor":4,"key":"D4"},{"floor":7,"key":"InkBottle"},{"floor":8,"key":"Shuriken"},{"floor":9,"key":"Kunai"},{"floor":10,"key":"Potion Belt"},{"floor":13,"key":"GodSword1"},{"floor":14,"key":"SumBook"},{"floor":17,"key":"Akabeko"},{"floor":17,"key":"Dota2Spire:OrchidMalevolence"},{"floor":17,"key":"FossilizedHelix"},{"floor":18,"key":"Gremlin Horn"},{"floor":20,"key":"GodSword3"},{"floor":20,"key":"MawBank"},{"floor":22,"key":"Toy Ornithopter"},{"floor":23,"key":"MagicDraw2"},{"floor":24,"key":"Dota2Spire:Satanic"},{"floor":25,"key":"Dota2Spire:LotusOrb"},{"floor":26,"key":"Letter Opener"},{"floor":29,"key":"Bottled Lightning"},{"floor":30,"key":"MagicDraw3"},{"floor":33,"key":"Gensokyo:MosesMiracle"},{"floor":35,"key":"Orichalcum"},{"floor":36,"key":"Lizard Tail"},{"floor":40,"key":"MoneyPower"}],"event_choices":[{"damage_healed":0,"gold_gain":0,"player_choice":"Fight","damage_taken":0,"max_hp_gain":0,"max_hp_loss":0,"event_name":"HidenRoomEvent","floor":20,"gold_loss":0},{"damage_healed":0,"gold_gain":0,"player_choice":"Ignored","damage_taken":0,"max_hp_gain":0,"max_hp_loss":0,"event_name":"Tomb of Lord Red Mask","floor":37,"gold_loss":0},{"damage_healed":0,"gold_gain":0,"player_choice":"Memory 1","damage_taken":0,"max_hp_gain":0,"max_hp_loss":0,"event_name":"SensoryStone","floor":38,"gold_loss":0},{"damage_healed":0,"gold_gain":0,"player_choice":"Max HP","damage_taken":0,"max_hp_gain":0,"max_hp_loss":3,"event_name":"Winding Halls","floor":41,"gold_loss":0}],"is_beta":false,"boss_relics":[{"not_picked":["MagicMushroom","Philosopher\u0027s Stone"],"picked":"Calling Bell"},{"not_picked":[]},{"not_picked":["SoulBox","Runic Dome"],"picked":"Busted Crown"},{"not_picked":[]}],"items_purged_floors":[39],"is_endless":true,"potions_floor_spawned":[4,7,16,23,25,36],"killed_by":"4 Shapes","ascension_level":0}}