{"host":"61xbmbtf5zrn7rzc","time":1609750558,"event":{"mods":["BaseMod","Challenge The Spire","Hubris","Minty Spire (QoL Compilation)","Replay The Spire","StSLib","SuperFastMode","The Marked"],"gold_per_floor":[115,115,115,40,56,71,82,110,183,216,60,60,135,146,146,249,249,264,356,356,370,51,84,84,114,193,207,207,207,220,220,220,321,321,340,340,162,174,189,189,154,166,166,166,23,38,38,38],"floor_reached":47,"playtime":1712,"items_purged":["theMarked:Strike","Pain"],"score":523,"play_id":"471f1dc2-2c9b-4e02-ba20-16d0d05b2b52","local_time":"20210104035558","is_ascension_mode":false,"campfire_choices":[{"floor":15,"key":"REST"},{"data":"theMarked:ComboAttacks","floor":24,"key":"SMITH"},{"data":"theMarked:AttractMetal","floor":28,"key":"SMITH"},{"data":"theMarked:Panic","floor":32,"key":"SMITH"},{"floor":40,"key":"RECALL"}],"circlet_count":0,"master_deck":["theMarked:Strike","theMarked:Defend","theMarked:Defend","theMarked:Defend","theMarked:SoldierOfQuellstein","theMarked:Abjuration+1","theMarked:EnhanceMovement","theMarked:WardOff","theMarked:StartUp+1","theMarked:WardOff","theMarked:Overthink","theMarked:SoldierForm+1","theMarked:EmpowerWeapon+1","theMarked:DeterminationOfTheMarked","theMarked:AttractMetal+1","theMarked:Panic+1","theMarked:ComboAttacks+1","theMarked:HeightenedSenses","theMarked:Levitate","theMarked:MysticalArsenal","theMarked:ParalyzingBlade+1","theMarked:MysticalArsenal"],"relics":["theMarked:ArtifactOfAir","Blood Vial","Quantum Egg","Orichalcum","Guide Book","Philosopher\u0027s Stone","Garlic","theMarked:VonisonLock","theMarked:SecretDocuments","Durian","hubris:RunicObelisk","Mango","Membership Card"],"acts_visited":["Exordium","TheCity","TheBeyond"],"potions_floor_usage":[8,10,16,25,25,33,42],"damage_taken":[{"damage":3,"enemies":"Small Slimes","floor":1,"turns":3},{"damage":0,"enemies":"Cultist","floor":5,"turns":3},{"damage":7,"enemies":"Jaw Worm","floor":6,"turns":3},{"damage":4,"enemies":"Looter","floor":7,"turns":3},{"damage":10,"enemies":"Gremlin Nob","floor":8,"turns":3},{"damage":9,"enemies":"3 Sentries","floor":10,"turns":10},{"damage":1,"enemies":"Exordium Wildlife","floor":14,"turns":4},{"damage":37,"enemies":"Slime Boss","floor":16,"turns":6},{"damage":12,"enemies":"Shell Parasite","floor":18,"turns":3},{"damage":0,"enemies":"Spheric Guardian","floor":21,"turns":3},{"damage":17,"enemies":"Book of Stabbing","floor":23,"turns":6},{"damage":15,"enemies":"Slavers","floor":25,"turns":7},{"damage":0,"enemies":"Snecko","floor":27,"turns":5},{"damage":4,"enemies":"Centurion and Healer","floor":30,"turns":5},{"damage":39,"enemies":"Champ","floor":33,"turns":10},{"damage":1,"enemies":"Orb Walker","floor":35,"turns":4},{"damage":0,"enemies":"3 Darklings","floor":38,"turns":3},{"damage":23,"enemies":"Writhing Mass","floor":39,"turns":4},{"damage":0,"enemies":"Jaw Worm Horde","floor":42,"turns":5},{"damage":7,"enemies":"3 Darklings","floor":46,"turns":3},{"damage":89,"enemies":"2 Orb Walkers","floor":47,"turns":6}],"seed_played":"-5706604498921676869","potions_obtained":[{"floor":5,"key":"PowerPotion"},{"floor":6,"key":"Venom Potion"},{"floor":14,"key":"Dexterity Potion"},{"floor":16,"key":"Fire Potion"},{"floor":23,"key":"Ancient Potion"},{"floor":25,"key":"Fire Potion"},{"floor":33,"key":"SpeedPotion"},{"floor":35,"key":"AttackPotion"}],"is_trial":false,"path_per_floor":["M","?","?","$","M","M","M","E","T","E","$","?","?","M","R","B",null,"M","?","?","M","$","E","R","E","T","M","R","?","M","?","R","B",null,"M","?","$","M","M","R","$","M","T","?","$","M","?"],"character_chosen":"THE_DEFAULT","items_purchased":["Guide Book","Garlic","theMarked:ComboAttacks","theMarked:MysticalArsenal","theMarked:MysticalArsenal","Membership Card"],"campfire_rested":1,"item_purchase_floors":[11,22,22,37,41,45],"current_hp_per_floor":[67,60,60,60,60,53,49,39,39,32,32,37,26,27,49,14,75,63,63,63,65,65,50,50,37,37,39,39,44,42,42,42,5,80,79,79,79,80,57,57,57,59,73,73,73,68,0,0],"gold":38,"neow_bonus":"ONE_RANDOM_RARE_CARD","is_daily":false,"chose_seed":false,"campfire_upgraded":3,"win_rate":0.0,"timestamp":1609750558,"path_taken":["M","?","?","$","?","M","M","E","T","E","$","?","?","M","R","BOSS","M","?","?","M","$","E","R","E","T","M","R","?","M","?","R","BOSS","M","?","?","M","M","R","$","?","T","?","?","M","?"],"items_purchased_type":["Relic","Relic","Card","Card","Card","Relic"],"build_version":"2020-12-22","purchased_purges":2,"victory":false,"max_hp_per_floor":[70,70,70,70,70,70,70,70,70,70,70,75,75,75,75,75,75,75,75,75,75,75,75,75,75,75,75,75,80,80,80,80,80,80,80,80,80,80,80,80,80,80,94,91,91,91,91,91],"card_choices":[{"not_picked":["theMarked:BanishingStrike","theMarked:ParalyzingBlade"],"picked":"theMarked:EnhanceMovement","floor":1},{"not_picked":["theMarked:ChainLightning","theMarked:Aftermath"],"picked":"theMarked:WardOff","floor":5},{"not_picked":["theMarked:BanishingWave","theMarked:ParalyzingBlade"],"picked":"theMarked:StartUp","floor":6},{"not_picked":["theMarked:Frustration","theMarked:StartUp"],"picked":"theMarked:WardOff","floor":7},{"not_picked":["theMarked:Panic","theMarked:RepellingDischarge"],"picked":"theMarked:Overthink","floor":8},{"not_picked":["theMarked:WastefulAttack","theMarked:UnarmedFury"],"picked":"theMarked:SoldierForm","floor":10},{"not_picked":["theMarked:Generate","theMarked:RepellingDischarge","theMarked:ElectricStrings"],"picked":"SKIP","floor":14},{"not_picked":["theMarked:WastefulAttack","theMarked:CreepingChasm+1"],"picked":"theMarked:EmpowerWeapon+1","floor":18},{"not_picked":["theMarked:CreepingChasm","theMarked:SwordAndMagic"],"picked":"theMarked:DeterminationOfTheMarked","floor":19},{"not_picked":["theMarked:ChainLightning","theMarked:Electrocute","theMarked:Aftermath"],"picked":"SKIP","floor":21},{"not_picked":["theMarked:Generate","theMarked:TunnelVision+1","theMarked:ReduceFriction"],"picked":"SKIP","floor":23},{"not_picked":["theMarked:TwofoldDefense","theMarked:SwordAndMagic","theMarked:DeterminationOfTheMarked"],"picked":"SKIP","floor":25},{"not_picked":["theMarked:RepellingDischarge+1","theMarked:Improvise","theMarked:ThrowWeapon"],"picked":"SKIP","floor":27},{"not_picked":["theMarked:TwofoldDefense+1","theMarked:ReduceFriction"],"picked":"theMarked:HeightenedSenses","floor":30},{"not_picked":["theMarked:ThrowWeapon","theMarked:Defy"],"picked":"theMarked:Levitate","floor":33},{"not_picked":["theMarked:Indomitable","theMarked:Parkour","theMarked:ComboAttacks"],"picked":"SKIP","floor":35},{"not_picked":["theMarked:ShockingTouch","theMarked:WardOff+1"],"picked":"theMarked:ParalyzingBlade+1","floor":38},{"not_picked":["theMarked:Improvise+1","theMarked:EmpowerWeapon+1","theMarked:Parkour+1"],"picked":"SKIP","floor":39},{"not_picked":["theMarked:WastefulDefense","theMarked:RogueSparks+1","theMarked:BanishingStrike"],"picked":"SKIP","floor":42},{"not_picked":["theMarked:Electrify+1","theMarked:PowerFlow+1","theMarked:HeightenedSenses"],"picked":"SKIP","floor":46}],"player_experience":90027,"relics_obtained":[{"floor":8,"key":"Blood Vial"},{"floor":9,"key":"Quantum Egg"},{"floor":10,"key":"Orichalcum"},{"floor":23,"key":"theMarked:VonisonLock"},{"floor":25,"key":"theMarked:SecretDocuments"},{"floor":43,"key":"Mango"}],"event_choices":[{"cards_removed":["theMarked:Strike"],"damage_healed":0,"gold_gain":0,"player_choice":"Card Removal","damage_taken":7,"max_hp_gain":0,"max_hp_loss":0,"event_name":"Golden Wing","floor":2,"gold_loss":0},{"damage_healed":0,"gold_gain":0,"player_choice":"Ignored","damage_taken":0,"max_hp_gain":0,"max_hp_loss":0,"event_name":"NoteForYourself","floor":3,"gold_loss":0},{"damage_healed":0,"gold_gain":0,"player_choice":"Donut","damage_taken":0,"max_hp_gain":5,"max_hp_loss":0,"event_name":"Big Fish","floor":12,"gold_loss":0},{"damage_healed":0,"gold_gain":75,"player_choice":"Gather Gold","damage_taken":11,"max_hp_gain":0,"max_hp_loss":0,"event_name":"World of Goop","floor":13,"gold_loss":0},{"damage_healed":0,"gold_gain":0,"cards_transformed":["theMarked:Strike","theMarked:Strike"],"player_choice":"Became Test Subject","damage_taken":0,"max_hp_gain":0,"max_hp_loss":0,"event_name":"Drug Dealer","floor":20,"gold_loss":0,"cards_obtained":["theMarked:AttractMetal","theMarked:Panic"]},{"cards_removed":["theMarked:Defend"],"damage_healed":0,"gold_gain":0,"player_choice":"Purged","damage_taken":0,"max_hp_gain":0,"max_hp_loss":0,"event_name":"Purifier","floor":31,"gold_loss":0},{"damage_healed":0,"gold_gain":0,"player_choice":"Forge","damage_taken":0,"max_hp_gain":0,"max_hp_loss":0,"event_name":"Accursed Blacksmith","floor":36,"gold_loss":0,"cards_upgraded":["theMarked:StartUp"]},{"cards_removed":["Parasite"],"damage_healed":0,"gold_gain":0,"player_choice":"Removed Curses","damage_taken":0,"max_hp_gain":0,"max_hp_loss":0,"event_name":"Fountain of Cleansing","floor":44,"gold_loss":0},{"damage_healed":0,"gold_gain":0,"player_choice":"Fight","damage_taken":0,"max_hp_gain":0,"max_hp_loss":0,"event_name":"Mysterious Sphere","floor":47,"gold_loss":0}],"is_beta":false,"boss_relics":[{"not_picked":["hubris:CrackedHourglass","Fusion Hammer"],"picked":"Philosopher\u0027s Stone"},{"not_picked":["Replay:Wanted Poster","hubris:Stopwatch"],"picked":"hubris:RunicObelisk"}],"items_purged_floors":[4,37],"is_endless":false,"potions_floor_spawned":[5,6,14,16,23,25,33,35],"killed_by":"2 Orb Walkers","ascension_level":0}}