{"host":"icfpfg8l7slpscsh","time":1609720628,"event":{"mods":["AchievementEnabler","BaseMod","Colored Map","Colored Powertips","Highlight Path","Minty Spire (QoL Compilation)","Permanent Neow","Quick Restart","StSLib"],"gold_per_floor":[111,127,178,192,212,212,239,239,239,239,598,612,625,700,700,778,778,796,711,729,729,729,729,744,744,771,790,822,834,314,314,314,314,314],"floor_reached":33,"playtime":1266,"items_purged":[],"score":534,"play_id":"040eb13c-6a26-4954-a373-46c0ecd1a971","local_time":"20210103193708","is_ascension_mode":true,"campfire_choices":[{"data":"Whirlwind","floor":6,"key":"SMITH"},{"floor":8,"key":"REST"},{"data":"Uppercut","floor":10,"key":"SMITH"},{"data":"Bash","floor":15,"key":"SMITH"},{"floor":23,"key":"RECALL"},{"floor":25,"key":"REST"},{"floor":32,"key":"REST"}],"circlet_count":0,"master_deck":["AscendersBane","Strike_R","Strike_R","Strike_R","Strike_R","Strike_R","Defend_R","Defend_R","Defend_R","Defend_R","Bash+1","True Grit","Uppercut+1","Iron Wave","Whirlwind+1","Shrug It Off","Pommel Strike","Immolate","Spot Weakness","Limit Break","Intimidate","Clothesline","J.A.X.","Offering","Offering","Armaments","Pummel+1"],"relics":["Burning Blood","Ancient Tea Set","FossilizedHelix","Mango","Old Coin","Fusion Hammer","Gremlin Horn","Centennial Puzzle","Gambling Chip","Molten Egg 2","Medical Kit"],"acts_visited":["Exordium","TheCity"],"potions_floor_usage":[7,16,27,28,33,33],"damage_taken":[{"damage":14,"enemies":"Jaw Worm","floor":1,"turns":4},{"damage":5,"enemies":"Small Slimes","floor":2,"turns":4},{"damage":1,"enemies":"2 Louse","floor":4,"turns":3},{"damage":10,"enemies":"Blue Slaver","floor":5,"turns":5},{"damage":35,"enemies":"Lagavulin","floor":7,"turns":5},{"damage":20,"enemies":"3 Sentries","floor":11,"turns":5},{"damage":0,"enemies":"3 Louse","floor":12,"turns":1},{"damage":0,"enemies":"2 Fungi Beasts","floor":13,"turns":2},{"damage":37,"enemies":"Hexaghost","floor":16,"turns":8},{"damage":0,"enemies":"Chosen","floor":18,"turns":4},{"damage":0,"enemies":"3 Byrds","floor":20,"turns":3},{"damage":17,"enemies":"Sentry and Sphere","floor":24,"turns":3},{"damage":21,"enemies":"Snake Plant","floor":27,"turns":4},{"damage":27,"enemies":"Book of Stabbing","floor":28,"turns":5},{"damage":5,"enemies":"Cultist and Chosen","floor":29,"turns":3},{"damage":90,"enemies":"Champ","floor":33,"turns":8}],"seed_played":"2765615640441082615","potions_obtained":[{"floor":5,"key":"Swift Potion"},{"floor":11,"key":"DuplicationPotion"},{"floor":13,"key":"Block Potion"},{"floor":27,"key":"SkillPotion"},{"floor":28,"key":"DistilledChaos"},{"floor":29,"key":"GamblersBrew"}],"is_trial":false,"path_per_floor":["M","M","?","M","M","R","E","R","T","R","?","M","M","?","R","B",null,"M","?","M","?","?","R","M","R","T","M","E","M","$","?","R","B"],"character_chosen":"IRONCLAD","items_purchased":["Molten Egg 2","Medical Kit","Pummel+1"],"campfire_rested":3,"item_purchase_floors":[30,30,30],"current_hp_per_floor":[60,61,61,66,62,62,33,55,69,69,55,61,67,56,56,25,73,79,79,85,85,85,85,74,89,89,74,53,54,54,54,80,0,0],"gold":314,"neow_bonus":"RANDOM_COMMON_RELIC","is_daily":false,"chose_seed":false,"campfire_upgraded":3,"win_rate":0.0,"timestamp":1609720628,"path_taken":["M","M","?","M","M","R","E","R","T","R","?","M","M","?","R","BOSS","M","?","M","?","?","R","M","R","T","M","E","M","$","?","R","BOSS"],"items_purchased_type":["Relic","Relic","Card"],"build_version":"2020-12-22","purchased_purges":0,"victory":false,"max_hp_per_floor":[75,75,75,75,75,75,75,75,89,89,89,89,89,89,89,89,89,89,89,89,89,89,89,89,89,89,89,89,89,89,89,89,89,89],"card_choices":[{"not_picked":["Warcry","Clothesline"],"picked":"True Grit","floor":1},{"not_picked":["Anger","Sword Boomerang"],"picked":"Uppercut","floor":2},{"not_picked":["Dark Embrace","True Grit"],"picked":"Iron Wave","floor":4},{"not_picked":["Evolve","Flex"],"picked":"Whirlwind","floor":5},{"not_picked":["Sword Boomerang","Heavy Blade"],"picked":"Shrug It Off","floor":7},{"not_picked":["Havoc","Warcry"],"picked":"Pommel Strike","floor":11},{"not_picked":["Clash","Dual Wield"],"picked":"Immolate","floor":12},{"not_picked":["Cleave","Sword Boomerang"],"picked":"Spot Weakness","floor":13},{"not_picked":["Berserk","Immolate"],"picked":"Limit Break","floor":16},{"not_picked":["Heavy Blade","Anger"],"picked":"Intimidate","floor":18},{"not_picked":["Burning Pact","Bloodletting"],"picked":"Clothesline","floor":20},{"not_picked":["Anger","Heavy Blade","Havoc"],"picked":"SKIP","floor":24},{"not_picked":["Warcry","Heavy Blade","Perfected Strike"],"picked":"SKIP","floor":27},{"not_picked":["Hemokinesis","Uppercut"],"picked":"Offering","floor":28},{"not_picked":["Warcry","True Grit"],"picked":"Armaments","floor":29}],"player_experience":1422737,"relics_obtained":[{"floor":7,"key":"FossilizedHelix"},{"floor":9,"key":"Mango"},{"floor":26,"key":"Centennial Puzzle"},{"floor":28,"key":"Gambling Chip"}],"event_choices":[{"damage_healed":0,"gold_gain":51,"player_choice":"Gained Gold","damage_taken":0,"max_hp_gain":0,"max_hp_loss":0,"event_name":"Golden Wing","floor":3,"gold_loss":0},{"damage_healed":0,"gold_gain":0,"player_choice":"Searched \u00273\u0027 times","damage_taken":0,"relics_obtained":["Old Coin"],"max_hp_gain":0,"max_hp_loss":0,"event_name":"Dead Adventurer","floor":11,"gold_loss":0},{"damage_healed":0,"gold_gain":75,"player_choice":"Gather Gold","damage_taken":11,"max_hp_gain":0,"max_hp_loss":0,"event_name":"World of Goop","floor":14,"gold_loss":0},{"damage_healed":0,"gold_gain":0,"player_choice":"Obtained Relic","damage_taken":0,"relics_obtained":["Gremlin Horn"],"max_hp_gain":0,"max_hp_loss":0,"event_name":"Addict","floor":19,"gold_loss":85},{"damage_healed":0,"gold_gain":0,"player_choice":"Obtain J.A.X.","damage_taken":0,"max_hp_gain":0,"max_hp_loss":0,"event_name":"Drug Dealer","floor":21,"gold_loss":0,"cards_obtained":["J.A.X."]},{"damage_healed":0,"gold_gain":0,"player_choice":"Read","damage_taken":0,"max_hp_gain":0,"max_hp_loss":0,"event_name":"The Library","floor":22,"gold_loss":0,"cards_obtained":["Offering"]},{"damage_healed":0,"gold_gain":0,"player_choice":"Ignored","damage_taken":0,"max_hp_gain":0,"max_hp_loss":0,"event_name":"Ghosts","floor":31,"gold_loss":0}],"is_beta":false,"boss_relics":[{"not_picked":["Runic Cube","Runic Dome"],"picked":"Fusion Hammer"}],"items_purged_floors":[],"is_endless":false,"potions_floor_spawned":[5,11,13,27,28,29],"killed_by":"Champ","ascension_level":20}}