{"host":"867cnhxguf2bzj4x","time":1609759968,"event":{"mods":["BaseMod","BetterRewards","GifTheSpireLib","Hubris","Lobotomy","Minty Spire (QoL Compilation)","StSLib","The Bug Knight","The Cursed","The Necromancer"],"gold_per_floor":[114,114,126,47,60,92,92,123,123,142,166,166,184,195,195,295,295,314,328,328,328,341,374,374,384,407,407,407,407],"floor_reached":28,"playtime":1446,"items_purged":[],"score":368,"play_id":"55daaed5-547e-4936-9731-ab2839e9f3a9","local_time":"20210104123248","is_ascension_mode":true,"campfire_choices":[{"data":"TheCursedMod:CollectTribute","floor":7,"key":"SMITH"},{"floor":12,"key":"REST"},{"floor":15,"key":"REST"},{"floor":24,"key":"REST"},{"data":"TheCursedMod:VoidForm","floor":27,"key":"SMITH"}],"circlet_count":0,"master_deck":["TheCursedMod:Strike_TheCursed","TheCursedMod:Strike_TheCursed","TheCursedMod:Strike_TheCursed","TheCursedMod:Strike_TheCursed","TheCursedMod:Defend_TheCursed","TheCursedMod:Defend_TheCursed","TheCursedMod:Defend_TheCursed","TheCursedMod:Defend_TheCursed","TheCursedMod:CursedWand","TheCursedMod:CleanUpWorkshop","TheCursedMod:Dregs","TheCursedMod:SpitefulStrike","TheCursedMod:Grudge+1","TheCursedMod:CircleOfCorruption","TheCursedMod:SmokeScreen","TheCursedMod:LuckyCharm","TheCursedMod:SurpriseAttack","TheCursedMod:CollectTribute+1","TheCursedMod:SpitefulPlan","TheCursedMod:SpitefulPray","TheCursedMod:FleshFromBone","TheCursedMod:CursedShiv","TheCursedMod:CircleOfAbyss","TheCursedMod:CircleOfBlood","TheCursedMod:VoidForm+1","CurseOfTheBell","TheCursedMod:SurpriseAttack","Decay","TheCursedMod:SpitefulPray","TheCursedMod:SurpriseAttack","hubris:Greed"],"relics":["TheCursedMod:BlackMagic101","Mango","DeathAngel","TheCursedMod:Tack","Toy Ornithopter","Prayer Wheel","Boot","Calling Bell","Smiling Mask","Mercury Hourglass","Ginger","hubris:Towel","Bottled Lightning","Happy Flower"],"acts_visited":["Exordium","TheCity"],"potions_floor_usage":[23,23],"damage_taken":[{"damage":6,"enemies":"2 Louse","floor":1,"turns":3},{"damage":6,"enemies":"Cultist","floor":3,"turns":5},{"damage":9,"enemies":"Jaw Worm","floor":5,"turns":4},{"damage":17,"enemies":"3 Sentries","floor":6,"turns":12},{"damage":14,"enemies":"Gremlin Nob","floor":8,"turns":4},{"damage":5,"enemies":"Looter","floor":10,"turns":3},{"damage":18,"enemies":"Exordium Wildlife","floor":13,"turns":4},{"damage":0,"enemies":"Lots of Slimes","floor":14,"turns":3},{"damage":26,"enemies":"Hexaghost","floor":16,"turns":15},{"damage":22,"enemies":"Spheric Guardian","floor":18,"turns":5},{"damage":23,"enemies":"3 Byrds","floor":19,"turns":4},{"damage":20,"enemies":"Centurion and Healer","floor":22,"turns":6},{"damage":20,"enemies":"Book of Stabbing","floor":23,"turns":5},{"damage":16,"enemies":"Snecko","floor":25,"turns":6},{"damage":39,"enemies":"Shelled Parasite and Fungi","floor":28,"turns":4}],"seed_played":"7219695127877914631","potions_obtained":[{"floor":1,"key":"PowerPotion"},{"floor":3,"key":"DuplicationPotion"},{"floor":8,"key":"SkillPotion"},{"floor":25,"key":"Block Potion"}],"is_trial":false,"path_per_floor":["M","?","M","$","M","E","R","E","T","M","T","R","M","M","R","B",null,"M","M","?","?","M","E","R","M","T","R","M"],"character_chosen":"THE_CURSED","items_purchased":["TheCursedMod:SpitefulStrike","TheCursedMod:Grudge","TheCursedMod:LuckyCharm"],"campfire_rested":3,"item_purchase_floors":[0,0,4],"current_hp_per_floor":[61,61,55,55,46,29,29,15,15,10,10,36,18,18,44,20,89,67,46,46,46,28,22,48,36,36,36,0,0],"gold":407,"neow_bonus":"","is_daily":false,"chose_seed":false,"campfire_upgraded":2,"win_rate":0.0,"timestamp":1609759968,"path_taken":["M","?","?","?","M","E","R","E","T","M","?","R","M","M","R","BOSS","M","M","?","?","M","E","R","M","T","R","M"],"items_purchased_type":["Card","Card","Card"],"build_version":"2020-12-22","purchased_purges":0,"victory":false,"max_hp_per_floor":[89,89,89,89,89,89,89,89,89,89,89,89,89,89,89,89,89,89,89,89,89,89,89,89,89,89,89,89,89],"card_choices":[{"not_picked":["TheCursedMod:SmokeScreen","TheCursedMod:CircleOfBlood"],"picked":"TheCursedMod:CircleOfCorruption","floor":1},{"not_picked":["TheCursedMod:Stretching","TheCursedMod:DarkBarrier"],"picked":"TheCursedMod:SmokeScreen","floor":3},{"not_picked":["TheCursedMod:WearCloak","TheCursedMod:SoulCrush"],"picked":"TheCursedMod:SurpriseAttack","floor":5},{"not_picked":["TheCursedMod:CircleOfWindfury","TheCursedMod:Evocation"],"picked":"TheCursedMod:CollectTribute","floor":6},{"not_picked":["TheCursedMod:Wield","TheCursedMod:CircleOfWindfury"],"picked":"TheCursedMod:SpitefulPlan","floor":8},{"not_picked":["TheCursedMod:Stigma","TheCursedMod:SpreadPlague"],"picked":"TheCursedMod:SpitefulPray","floor":10},{"not_picked":["TheCursedMod:SpitefulStrike","TheCursedMod:Wield"],"picked":"TheCursedMod:FleshFromBone","floor":10},{"not_picked":["TheCursedMod:CircleOfCorruption","TheCursedMod:Obscuration"],"picked":"TheCursedMod:CursedShiv","floor":13},{"not_picked":["TheCursedMod:SmokeScreen","TheCursedMod:BloodBarrier","TheCursedMod:CircleOfWindfury"],"picked":"SKIP","floor":13},{"not_picked":["TheCursedMod:Stigma","TheCursedMod:CircleOfCorruption"],"picked":"TheCursedMod:CircleOfAbyss","floor":14},{"not_picked":["TheCursedMod:CircleOfWindfury","TheCursedMod:AbyssShockwave"],"picked":"TheCursedMod:CircleOfBlood","floor":14},{"not_picked":["TheCursedMod:OutForBlood","TheCursedMod:ParallelWorld"],"picked":"TheCursedMod:VoidForm","floor":16},{"not_picked":["TheCursedMod:SpitefulStrike+1","TheCursedMod:CursedBlade","TheCursedMod:Stretching"],"picked":"SKIP","floor":18},{"not_picked":["TheCursedMod:TacticalStrike","TheCursedMod:FleshFromBone","TheCursedMod:UltimatePain"],"picked":"SKIP","floor":18},{"not_picked":["TheCursedMod:VitalStrike","TheCursedMod:Mangle"],"picked":"TheCursedMod:SurpriseAttack","floor":19},{"not_picked":["TheCursedMod:VitalStrike","TheCursedMod:Stigma","TheCursedMod:HellsGateOpen"],"picked":"SKIP","floor":19},{"not_picked":["TheCursedMod:SpreadPlague+1","TheCursedMod:AshesToAshes"],"picked":"TheCursedMod:SpitefulPray","floor":22},{"not_picked":["TheCursedMod:VitalStrike+1","TheCursedMod:ManaCirculation","TheCursedMod:Torture"],"picked":"SKIP","floor":22},{"not_picked":["TheCursedMod:DemonSword","TheCursedMod:CursedShiv","TheCursedMod:FleshFromBone"],"picked":"SKIP","floor":23},{"not_picked":["TheCursedMod:HellsGateOpen","TheCursedMod:TacticalStrike+1"],"picked":"TheCursedMod:SurpriseAttack","floor":25},{"not_picked":["TheCursedMod:SaltUponWound","TheCursedMod:EmpowerCircles","TheCursedMod:Obscuration"],"picked":"SKIP","floor":25}],"player_experience":90835,"relics_obtained":[{"floor":6,"key":"TheCursedMod:Tack"},{"floor":8,"key":"Toy Ornithopter"},{"floor":9,"key":"Prayer Wheel"},{"floor":11,"key":"Boot"},{"floor":17,"key":"Smiling Mask"},{"floor":17,"key":"Mercury Hourglass"},{"floor":17,"key":"Ginger"},{"floor":23,"key":"Bottled Lightning"},{"floor":26,"key":"Happy Flower"}],"event_choices":[{"damage_healed":0,"gold_gain":0,"player_choice":"Upgraded","damage_taken":0,"max_hp_gain":0,"max_hp_loss":0,"event_name":"Upgrade Shrine","floor":2,"gold_loss":0,"cards_upgraded":["TheCursedMod:Grudge"]},{"damage_healed":0,"gold_gain":0,"player_choice":"Smashed Altar","damage_taken":0,"max_hp_gain":0,"max_hp_loss":0,"event_name":"Forgotten Altar","floor":20,"gold_loss":0,"cards_obtained":["Decay"]}],"is_beta":false,"boss_relics":[{"not_picked":["TheCursedMod:OminousMark","hubris:VirtuousBlindfold"],"picked":"Calling Bell"}],"items_purged_floors":[],"is_endless":false,"potions_floor_spawned":[1,3,8,22,25],"killed_by":"Shelled Parasite and Fungi","ascension_level":1}}