{"host":"gbbz8f5svnnpwo8d","time":1609745493,"event":{"mods":["AchievementEnabler","AlwaysNeverKeys","BaseMod","Bestiary","Better Altar","Better Match","Better Note","Better Sensory Stone","Better Silent Start","Better Skull","Better Third Choice","Better Vampires","Better-Laid Plans","BetterRewards","Block Reminder","Colored Map","Colored Powertips","Displayed Cursed Tome","Downfall","GifTheSpireLib","Minty Spire (QoL Compilation)","MonsterHotkey","Permanent Neow","Potion Indicator Mod","Quick Restart","Random Character Button","Rare Cards Sparkle","Relic Stats","Shop Mod","Spicy Shops","Spire Birthday Party","StSLib","Transform Curses"],"gold_per_floor":[114,189,205,205,221,221,235,254,279,279,295,147,147,161,161,259,259,275,275,97,97,117,117,117,144,169,182,182,182,107,117,117,117,117],"floor_reached":33,"playtime":1029,"items_purged":["Strike_B"],"score":357,"play_id":"fe90e2c2-4494-411e-9cfc-40511bdf8954","local_time":"20210104003133","is_ascension_mode":false,"campfire_choices":[{"data":"Zap","floor":6.0,"key":"SMITH"},{"data":"Dualcast","floor":10.0,"key":"SMITH"},{"floor":13.0,"key":"REST"},{"floor":15.0,"key":"REST"},{"floor":23.0,"key":"REST"},{"floor":28.0,"key":"REST"},{"floor":32,"key":"REST"}],"circlet_count":0,"master_deck":["Strike_B","Strike_B","Strike_B","Defend_B","Defend_B","Defend_B","Zap+1","Dualcast+1","Chrysalis","Undo","Turbo","Sweeping Beam","Defragment","Rainbow","Fusion+1","Conserve Battery","Defragment+1","Aggregate+1"],"relics":["Cracked Core","Lee\u0027s Waffle","Toy Ornithopter","Nunchaku","Akabeko","Cursed Key","Ice Cream","Potion Belt","Matryoshka","Meat on the Bone","Boot"],"acts_visited":["Exordium","TheCity"],"potions_floor_usage":[],"damage_taken":[{"damage":3.0,"enemies":"Jaw Worm","floor":1.0,"turns":3.0},{"damage":3.0,"enemies":"Small Slimes","floor":3.0,"turns":3.0},{"damage":6.0,"enemies":"Cultist","floor":5.0,"turns":3.0},{"damage":0.0,"enemies":"Lots of Slimes","floor":7.0,"turns":1.0},{"damage":19.0,"enemies":"Large Slime","floor":8.0,"turns":6.0},{"damage":13.0,"enemies":"Red Slaver","floor":11.0,"turns":3.0},{"damage":18.0,"enemies":"Exordium Thugs","floor":14.0,"turns":4.0},{"damage":20.0,"enemies":"Hexaghost","floor":16.0,"turns":12.0},{"damage":15.0,"enemies":"3 Byrds","floor":18.0,"turns":4.0},{"damage":8.0,"enemies":"Spheric Guardian","floor":22.0,"turns":4.0},{"damage":30.0,"enemies":"Gremlin Leader","floor":25.0,"turns":8.0},{"damage":39.0,"enemies":"Snake Plant","floor":27.0,"turns":4.0},{"damage":22,"enemies":"3 Cultists","floor":31,"turns":6},{"damage":72,"enemies":"Collector","floor":33,"turns":6}],"seed_played":"-3614449364884858307","potions_obtained":[{"floor":1.0,"key":"ColorlessPotion"},{"floor":5.0,"key":"SteroidPotion"},{"floor":14.0,"key":"Dexterity Potion"},{"floor":18.0,"key":"FocusPotion"},{"floor":25.0,"key":"SkillPotion"}],"is_trial":false,"path_per_floor":["M","?","M","?","M","R","M","M","T","R","M","$","R","M","R","B",null,"M","?","$","?","M","R","$","E","T","M","R","T","?","M","R","B"],"character_chosen":"DEFECT","items_purchased":["Chrysalis","Lee\u0027s Waffle","Akabeko","Ice Cream","Conserve Battery"],"campfire_rested":5,"item_purchase_floors":[0,0,12,20,20],"current_hp_per_floor":[71,60,57,57,51,51,61,42,42,42,29,29,53,35,59,44,82,67,67,67,67,59,82,82,52,52,30,54,54,54,44,68,0,0],"gold":117,"neow_bonus":"","is_daily":false,"chose_seed":false,"campfire_upgraded":2,"win_rate":0.0,"timestamp":1609745493,"path_taken":["M","?","M","?","M","R","M","M","T","R","M","$","R","M","R","BOSS","M","?","$","?","M","R","$","E","T","?","R","?","?","M","R","BOSS"],"items_purchased_type":["Card","Relic","Relic","Relic","Card"],"build_version":"2020-12-22","purchased_purges":1,"victory":false,"max_hp_per_floor":[82,82,82,82,82,82,82,82,82,82,82,82,82,82,82,82,82,82,82,82,82,82,82,82,82,82,82,82,82,82,82,82,82,82],"relic_stats":{"Lee\u0027s Waffle":7,"Nunchaku":[13],"counters":[47,243],"Cursed Key":1,"Boot":[9],"obtain_stats":[{"Ice Cream":48,"Bottled Tornado":45,"Empty Cage":34,"Cursed Key":17,"Boot":26,"Emotion Chip":0,"Nunchaku":9,"Matryoshka":25,"Cracked Core":0,"InkBottle":43,"Potion Belt":21,"Girya":37,"Lee\u0027s Waffle":0,"Happy Flower":7,"Golden Idol":11,"Eternal Feather":9,"PreservedInsect":0,"Frozen Egg 2":9,"Akabeko":12,"Nuclear Battery":17,"SlaversCollar":17,"Ornamental Fan":0,"Bloody Idol":28,"Bronze Scales":54,"Art of War":26,"Toy Ornithopter":4,"Meat on the Bone":10},{"Ice Cream":30,"Bottled Tornado":28,"Empty Cage":25,"Cursed Key":41,"Boot":44,"Emotion Chip":0,"Nunchaku":38,"Matryoshka":44,"Cracked Core":0,"InkBottle":27,"Potion Belt":42,"Girya":27,"Lee\u0027s Waffle":33,"Happy Flower":4,"Golden Idol":5,"Eternal Feather":4,"PreservedInsect":0,"Frozen Egg 2":15,"Akabeko":39,"Nuclear Battery":19,"SlaversCollar":7,"Ornamental Fan":0,"Bloody Idol":23,"Bronze Scales":32,"Art of War":22,"Toy Ornithopter":35,"Meat on the Bone":5},{"Ice Cream":146,"Bottled Tornado":134,"Empty Cage":106,"Cursed Key":211,"Boot":227,"Emotion Chip":0,"Nunchaku":192,"Matryoshka":227,"Cracked Core":0,"InkBottle":121,"Potion Belt":215,"Girya":121,"Lee\u0027s Waffle":176,"Happy Flower":12,"Golden Idol":15,"Eternal Feather":12,"PreservedInsect":0,"Frozen Egg 2":51,"Akabeko":195,"Nuclear Battery":66,"SlaversCollar":26,"Ornamental Fan":0,"Bloody Idol":91,"Bronze Scales":170,"Art of War":85,"Toy Ornithopter":182,"Meat on the Bone":15}],"Toy Ornithopter":20,"Meat on the Bone":24},"card_choices":[{"not_picked":["Hello World","FTL","Barrage"],"picked":"SKIP","floor":1.0},{"not_picked":["Hello World","Compile Driver","Go for the Eyes"],"picked":"SKIP","floor":3.0},{"not_picked":["Coolheaded","Self Repair"],"picked":"Undo","floor":5.0},{"not_picked":["Beam Cell","Cold Snap"],"picked":"Turbo","floor":7.0},{"not_picked":["Barrage","Ball Lightning"],"picked":"Sweeping Beam","floor":8.0},{"not_picked":["Compile Driver","Ball Lightning","Heatsinks"],"picked":"SKIP","floor":11.0},{"not_picked":["Core Surge","Ball Lightning"],"picked":"Defragment","floor":14.0},{"not_picked":["Hyperbeam","Core Surge"],"picked":"Rainbow","floor":16.0},{"not_picked":["Sweeping Beam+1","Tempest"],"picked":"Fusion+1","floor":18.0},{"not_picked":["Sweeping Beam","Hologram","Gash"],"picked":"SKIP","floor":22.0},{"not_picked":["Compile Driver","Sunder+1"],"picked":"Defragment+1","floor":25.0},{"not_picked":["Blizzard","Rebound"],"picked":"Aggregate+1","floor":27.0},{"not_picked":["Cold Snap","Hologram","Undo"],"picked":"SKIP","floor":31}],"player_experience":3599358,"relics_obtained":[{"floor":4.0,"key":"Toy Ornithopter"},{"floor":9.0,"key":"Nunchaku"},{"floor":25.0,"key":"Matryoshka"},{"floor":26.0,"key":"Meat on the Bone"},{"floor":26.0,"key":"Boot"}],"event_choices":[{"damage_healed":0.0,"max_hp_gain":0.0,"max_hp_loss":0.0,"gold_gain":75.0,"event_name":"betterThird:BetterGoop","player_choice":"Gold","floor":2.0,"gold_loss":0.0,"damage_taken":11.0},{"damage_healed":0.0,"max_hp_gain":0.0,"max_hp_loss":0.0,"gold_gain":0.0,"event_name":"Wheel of Change","player_choice":"Relic","floor":4.0,"gold_loss":0.0,"damage_taken":0.0},{"cards_removed":["Strike_B"],"damage_healed":0.0,"max_hp_gain":0.0,"max_hp_loss":0.0,"gold_gain":0.0,"event_name":"betterNote:BetterNote","player_choice":"Give","floor":19.0,"gold_loss":0.0,"damage_taken":0.0,"cards_obtained":["Strike_G"]},{"damage_healed":0.0,"max_hp_gain":0.0,"max_hp_loss":0.0,"gold_gain":0.0,"event_name":"WeMeetAgain","player_choice":"Gave Potion","floor":21.0,"gold_loss":0.0,"damage_taken":0.0,"relics_obtained":["Potion Belt"]},{"cards_removed":["Clumsy"],"damage_healed":0,"gold_gain":0,"player_choice":"Gave Gold","damage_taken":0,"max_hp_gain":0,"max_hp_loss":0,"event_name":"Beggar","floor":30,"gold_loss":75}],"is_beta":false,"boss_relics":[{"not_picked":["Philosopher\u0027s Stone","Tiny House"],"picked":"Cursed Key"}],"items_purged_floors":[20],"is_endless":false,"potions_floor_spawned":[1,5,14,18,25],"killed_by":"Collector","ascension_level":0}}