{"host":"9kp1xquhkkwhsiot","time":1609790381,"event":{"mods":["2.2 Compatiblity","AchievementEnabler","BaseMod","Better Note","Colored Map","Colored Powertips","Downfall","Highlight Path","Minty Spire (QoL Compilation)","Relic Stats","StSLib","Synergy Search"],"gold_per_floor":[99,111,111,124,138,138,162,200,212,149,179,191,203,242,283,295,295,295],"floor_reached":16,"playtime":1496,"items_purged":[],"score":110,"play_id":"304cb259-b74e-45bb-8091-9c8785bd7fa9","local_time":"20210104205941","is_ascension_mode":false,"campfire_choices":[{"floor":1,"key":"RECALL"},{"data":"champ:BerserkerStyle","floor":10,"key":"SMITH"},{"data":"champ:EnragedBash","floor":13,"key":"SMITH"}],"circlet_count":0,"master_deck":["champ:Strike","champ:Strike","champ:Strike","champ:Strike","champ:Defend","champ:Defend","champ:Defend","champ:Defend","champ:Execute","champ:Taunt","champ:ArenaPreparation","champ:EnragedBash+1","champ:RecklessLeap","champ:BerserkerStyle+1","champ:StrikeOfGenius"],"relics":["champ:ChampionCrown","downfall:ShatteredFragment","CeramicFish","MawBank","Calipers","downfall:HeartBlessingRed","Omamori"],"acts_visited":["Exordium"],"potions_floor_usage":[11,16,16],"damage_taken":[{"damage":10,"enemies":"Cultist","floor":2,"turns":5},{"damage":10,"enemies":"Jaw Worm","floor":4,"turns":3},{"damage":6,"enemies":"2 Louse","floor":5,"turns":2},{"damage":51,"enemies":"3 Sentries","floor":8,"turns":5},{"damage":38,"enemies":"Large Slime","floor":11,"turns":2},{"damage":40,"enemies":"Gremlin Nob","floor":14,"turns":3},{"damage":26,"enemies":"Red Slaver","floor":15,"turns":3},{"damage":71,"enemies":"downfall:Defect","floor":16,"turns":4}],"seed_played":"7887156799870923920","potions_obtained":[{"floor":5,"key":"AttackPotion"},{"floor":8,"key":"hexamod:EctoCoolerPotion"},{"floor":11,"key":"SteroidPotion"},{"floor":14,"key":"PowerPotion"},{"floor":15,"key":"Ancient Potion"}],"is_trial":false,"path_per_floor":["R","M","?","M","M","?","T","E","?","R","M","?","R","E","M","B"],"character_chosen":"THE_CHAMP","items_purchased":[],"campfire_rested":0,"item_purchase_floors":[],"current_hp_per_floor":[99,99,72,72,71,71,71,58,51,51,51,46,46,41,40,0,0,0],"gold":295,"neow_bonus":"TEN_PERCENT_HP_BONUS","is_daily":false,"chose_seed":false,"campfire_upgraded":2,"win_rate":0.0,"timestamp":1609790381,"path_taken":["R","M","?","M","M","?","T","E","?","R","M","?","R","E","M","BOSS"],"items_purchased_type":[],"build_version":"2020-12-22","purchased_purges":0,"victory":false,"max_hp_per_floor":[99,99,99,99,99,99,99,99,99,99,99,99,99,99,99,99,99,99],"relic_stats":{"counters":[8,27],"CeramicFish":18,"MawBank":96,"obtain_stats":[{"downfall:ShatteredFragment":3,"Calipers":9,"downfall:HeartBlessingRed":10,"CeramicFish":7,"champ:ChampionCrown":0,"Omamori":14,"MawBank":8},{"downfall:ShatteredFragment":1,"Calipers":4,"downfall:HeartBlessingRed":4,"CeramicFish":3,"champ:ChampionCrown":0,"Omamori":6,"MawBank":4},{"downfall:ShatteredFragment":5,"Calipers":15,"downfall:HeartBlessingRed":15,"CeramicFish":10,"champ:ChampionCrown":0,"Omamori":20,"MawBank":15}]},"card_choices":[{"not_picked":["champ:FocusedGladiator","champ:PerfectedStrike"],"picked":"champ:ArenaPreparation","floor":2},{"not_picked":["champ:DefensiveStyle","champ:Backstep"],"picked":"champ:EnragedBash","floor":4},{"not_picked":["champ:GladiatorsShout","champ:DefensiveShout"],"picked":"champ:RecklessLeap","floor":5},{"not_picked":["champ:DeathBlow","champ:Haymaker"],"picked":"champ:BerserkerStyle","floor":8},{"not_picked":["champ:PerfectedStrike","champ:FlashCut","champ:Riposte"],"picked":"SKIP","floor":11},{"not_picked":["champ:DefensiveShout","champ:Circumvent","champ:Duel"],"picked":"SKIP","floor":14},{"not_picked":["champ:PreciseThrust","champ:GladiatorsShout"],"picked":"champ:StrikeOfGenius","floor":15}],"player_experience":588272,"relics_obtained":[{"floor":7,"key":"CeramicFish"},{"floor":8,"key":"MawBank"},{"floor":14,"key":"Omamori"}],"event_choices":[{"damage_healed":0,"gold_gain":0,"player_choice":"Success","damage_taken":7,"relics_obtained":["Calipers"],"max_hp_gain":0,"max_hp_loss":0,"event_name":"Scrap Ooze","floor":9,"gold_loss":0}],"is_beta":false,"boss_relics":[],"items_purged_floors":[],"is_endless":false,"potions_floor_spawned":[5,8,11,14,15],"killed_by":"downfall:Defect","ascension_level":0}}