{"host":"6azrrw3tf7wb0f4b","time":1609779846,"event":{"mods":["BaseMod","DeckTracker","Minty Spire (QoL Compilation)","SuperFastMode"],"gold_per_floor":[114,114,125,144,49,49,49,49,125,125,141,156,156,173,173,173,173],"floor_reached":16,"playtime":218,"items_purged":[],"score":170,"play_id":"d2dfcc6d-6833-4d2b-87f7-3249767ecb81","local_time":"20210105020406","is_ascension_mode":true,"campfire_choices":[{"data":"True Grit","floor":6,"key":"SMITH"},{"data":"Dark Embrace","floor":10,"key":"SMITH"},{"data":"Feel No Pain","floor":13,"key":"SMITH"},{"floor":15,"key":"REST"}],"circlet_count":0,"master_deck":["AscendersBane","Strike_R","Strike_R","Strike_R+1","Strike_R","Defend_R","Defend_R+1","Defend_R","Defend_R","Bash","Cleave","Headbutt","Feel No Pain+1","True Grit+1","Dark Embrace+1","Carnage","Clash","Havoc"],"relics":["Burning Blood","NeowsBlessing","Gremlin Horn"],"acts_visited":["Exordium"],"potions_floor_usage":[16,16],"damage_taken":[{"damage":0,"enemies":"2 Louse","floor":1,"turns":1},{"damage":0,"enemies":"Cultist","floor":3,"turns":1},{"damage":0,"enemies":"Jaw Worm","floor":4,"turns":1},{"damage":11,"enemies":"Looter","floor":11,"turns":3},{"damage":0,"enemies":"Lots of Slimes","floor":12,"turns":1},{"damage":32,"enemies":"Exordium Thugs","floor":14,"turns":7},{"damage":52,"enemies":"Slime Boss","floor":16,"turns":7}],"seed_played":"-1865152404296509426","potions_obtained":[{"floor":1,"key":"Swift Potion"},{"floor":4,"key":"SteroidPotion"}],"is_trial":false,"path_per_floor":["M","?","M","M","$","R","?","$","T","R","M","M","R","M","R","B"],"character_chosen":"IRONCLAD","items_purchased":["True Grit","Dark Embrace"],"campfire_rested":1,"item_purchase_floors":[5,5],"current_hp_per_floor":[74,74,75,75,75,75,52,52,52,52,47,53,53,27,49,0,0],"gold":173,"neow_bonus":"THREE_ENEMY_KILL","is_daily":false,"chose_seed":false,"campfire_upgraded":3,"win_rate":0.0,"timestamp":1609779846,"path_taken":["M","?","M","?","?","R","?","?","T","R","M","M","R","M","R","BOSS"],"items_purchased_type":["Card","Card"],"build_version":"2020-12-22","purchased_purges":0,"victory":false,"max_hp_per_floor":[75,75,75,75,75,75,75,75,75,75,75,75,75,75,75,75,75],"card_choices":[{"not_picked":["Infernal Blade","Havoc"],"picked":"Cleave","floor":1},{"not_picked":["Clash","Anger"],"picked":"Headbutt","floor":3},{"not_picked":["Heavy Blade","Brutality"],"picked":"Feel No Pain","floor":4},{"not_picked":["Anger","Flex"],"picked":"Carnage","floor":11},{"not_picked":["Hemokinesis","Rage"],"picked":"Clash","floor":12},{"not_picked":["Metallicize","Disarm"],"picked":"Havoc","floor":14}],"player_experience":671511,"relics_obtained":[{"floor":9,"key":"Gremlin Horn"}],"event_choices":[{"cards_removed":["Strike_R"],"damage_healed":0,"gold_gain":0,"player_choice":"Purged","damage_taken":0,"max_hp_gain":0,"max_hp_loss":0,"event_name":"Purifier","floor":2,"gold_loss":0},{"damage_healed":0,"gold_gain":0,"player_choice":"Entered Light","damage_taken":23,"max_hp_gain":0,"max_hp_loss":0,"event_name":"Shining Light","floor":7,"gold_loss":0,"cards_upgraded":["Strike_R","Defend_R"]}],"is_beta":false,"boss_relics":[],"items_purged_floors":[],"is_endless":false,"potions_floor_spawned":[1,4,14],"killed_by":"Slime Boss","ascension_level":17}}