{"host":"ff0k6g9g9j8o52vm","time":1609729142,"event":{"mods":["2.2 Compatiblity","Aspiration","Astrologer","BaseMod","Beaked The Cultist","Better Altar","Better Note","Better Sensory Stone","Better Skull","Better Third Choice","Colored Map","Colored Powertips","Conspire","Curses Come First","Downfall","Energized Spire","Friendly Minions","GifTheSpireLib","Gremlin Mod","Halation","Hermit","Highlight Path","Hubris","Infinite Spire","Jedi Mod","Jorbs\u0027s Wanderer Trilogy","Koishi","Mad Scientist","Marisa????????","Minty Spire (QoL Compilation)","Potionbrewer","Quick Restart","Random Character Button","Replay The Spire","Robot Space Explorer","Shade Mod","Slumbering Mod","Somnambulant","Spicy Shops","StSLib","Stuff the Spire","The Blackbeard","The Blue Laboratory","The Bug Knight","The Clintock","The Construct","The Cursed","The Disciple","The Dragon Tamer","The Druid","The Factory","The Forsaken","The Gatherer","The Hayseed","The Hierophant","The Jungle","The Marked","The Mystic","The Necromancer","The Poker Player","The Problem Sleuth","The Runesmith","The Sage","The Saiyan","The Senshi","The Servant 0.9.4","The Showman","The Spell Scribe","The Trickster","The Valiant","The Wild Card","TheArtist","TheBandit","TheFirefly","Trackpad","Wandering Minibosses","Yuri Mod","thorton","vexMod"],"gold_per_floor":[118,118,133,144,159,159,189,206,260,271,301,316,350,43,43,144,144,159,170,181,191,191,191,206,206,232,232,22,22,33,66,66,169,169,182,132,132,171,191,191,208,226,226,226,233,247,247,247,247,247,247],"floor_reached":50,"playtime":7180,"items_purged":["theTrickster:Strike_Brown","theTrickster:Defend_Brown","theTrickster:Defend_Brown","conspire:SpireCoStock"],"score":520,"play_id":"1ddca6a6-fb6f-4ef2-9943-d42b4e27d1a2","local_time":"20210103185902","is_ascension_mode":false,"campfire_choices":[{"data":"theTrickster:DeepPockets","floor":6,"key":"SMITH"},{"floor":15,"key":"REST"},{"data":"infinitespire:FutureSight","floor":23,"key":"SMITH"},{"data":"theTrickster:Salvage","floor":29,"key":"SMITH"},{"data":"theTrickster:HandGrenade","floor":32,"key":"SMITH"},{"floor":40,"key":"REST"},{"data":"theTrickster:TriedTechniques","floor":44,"key":"SMITH"},{"floor":47,"key":"REST"},{"data":"ReplayTheSpireMod:Necrogeddon","floor":49,"key":"SMITH"}],"circlet_count":0,"master_deck":["theTrickster:Strike_Brown+1","theTrickster:HandGrenade+1","theTrickster:Strike_Brown+1","theTrickster:Strike_Brown+1","theTrickster:Defend_Brown+1","theTrickster:Defend_Brown+1","theTrickster:Defend_Brown+1","theTrickster:BackStep+1","theTrickster:DeepPockets+1","theTrickster:Audacity+1","theTrickster:Parry","theTrickster:NickAndSkid+1","theTrickster:UpThePace+1","theTrickster:HandGrenade+1","theTrickster:SharpBlade+1","theTrickster:DaringSlash","theTrickster:SwiftAsTheWind+1","theTrickster:KillThemAll","theTrickster:ForbiddenMedicine+1","expansioncontent:Chronoboost+1","theTrickster:PistolWhip+1","theTrickster:SuperiorTactics+1","theTrickster:DivingSlice+1","theTrickster:SwiftSlash","infinitespire:FutureSight+1","theTrickster:Salvage+1","Bandage Up","theTrickster:Parry","theTrickster:TriedTechniques+1","theTrickster:PistolWhip","Madness+1","theTrickster:ImpulsiveStrike+1","theTrickster:Reposition+1","theTrickster:CreateAnOpening+1","theTrickster:SwiftSlash+1","ReplayTheSpireMod:Necrogeddon+1","Mind Blast","expansioncontent:BronzeBeam"],"relics":["theTrickster:OpticalIllusionRelic","conspire:Flyswatter","theForsaken:Gavel","theForsaken:Lifeblossom","jedi:arcanewood","theSlumbering:CursedAnvil","trackpad:VoidSphere","Nunchaku","halation:EternalFortune","potionbrewer:RamsHorn","theSlumbering:EnchantedHammer","Kunai","ReplayTheSpireMod:ShopPack"],"acts_visited":["Exordium","Exordium","TheBeyond"],"potions_floor_usage":[16,16,19,24,31,35,39,42,45],"damage_taken":[{"damage":6,"enemies":"Jaw Worm","floor":1,"turns":5},{"damage":0,"enemies":"Cultist","floor":3,"turns":4},{"damage":0,"enemies":"Small Slimes","floor":4,"turns":2},{"damage":8,"enemies":"Exordium Wildlife","floor":5,"turns":3},{"damage":9,"enemies":"3 Sentries","floor":7,"turns":3},{"damage":0,"enemies":"Large Slime","floor":8,"turns":6},{"damage":0,"enemies":"3 Louse","floor":10,"turns":1},{"damage":31,"enemies":"Lagavulin","floor":11,"turns":5},{"damage":12,"enemies":"Blue Slaver","floor":12,"turns":2},{"damage":10,"enemies":"3 Sentries","floor":13,"turns":5},{"damage":20,"enemies":"The Guardian","floor":16,"turns":8},{"damage":20,"enemies":"theJungle:Flameango_and_Byrd","floor":18,"turns":4},{"damage":5,"enemies":"theJungle:GiantWrat","floor":19,"turns":3},{"damage":8,"enemies":"theJungle:SlimyTreeVines","floor":20,"turns":4},{"damage":24,"enemies":"theJungle:2_Flameangoes","floor":21,"turns":5},{"damage":1,"enemies":"theJungle:2_Snecko_Cultists","floor":24,"turns":3},{"damage":4,"enemies":"theJungle:SlimyTreeVines","floor":30,"turns":5},{"damage":25,"enemies":"conspire:MimicChest","floor":31,"turns":5},{"damage":65,"enemies":"theJungle:TotemBoss","floor":33,"turns":5},{"damage":27,"enemies":"3 Darklings","floor":35,"turns":3},{"damage":17,"enemies":"3 Shapes","floor":38,"turns":4},{"damage":29,"enemies":"Sphere and 2 Shapes","floor":39,"turns":5},{"damage":9,"enemies":"Spire Growth","floor":41,"turns":4},{"damage":20,"enemies":"Jaw Worm Horde","floor":42,"turns":5},{"damage":28,"enemies":"Transient","floor":45,"turns":5},{"damage":17,"enemies":"Sphere and 2 Shapes","floor":46,"turns":5},{"damage":93,"enemies":"Donu and Deca","floor":50,"turns":8}],"seed_played":"-6845392350657474513","potions_obtained":[{"floor":1,"key":"Strength Potion"},{"floor":3,"key":"blueLaboratory:CorrosionFlask"},{"floor":7,"key":"Dexterity Potion"},{"floor":16,"key":"jedi:StrikingPotion"},{"floor":18,"key":"sneckomod:MuddlingPotion"},{"floor":21,"key":"Energy Potion"},{"floor":33,"key":"Swift Potion"},{"floor":35,"key":"SmokeBomb"},{"floor":46,"key":"blueLaboratory:AbyssPotion"}],"is_trial":false,"path_per_floor":["M","?","M","M","M","R","E","M","T","M","E","M","E","$","R","B",null,"M","M","M","M","AVR","R","M","?","T","?","$","R","M","?","R","B",null,"M","?","?","M","M","R","M","M","T","R","M","M","R","AVR","R","B"],"character_chosen":"THE_TRICKSTER","items_purchased":["expansioncontent:Chronoboost","theTrickster:Salvage","Bandage Up","blueLaboratory:FrostheartPotion"],"campfire_rested":3,"item_purchase_floors":[14,28,28,28],"current_hp_per_floor":[76,76,76,76,68,68,63,63,63,63,32,23,27,27,51,58,82,65,69,81,69,69,69,73,73,73,76,76,76,88,72,72,29,88,71,71,54,54,39,66,71,65,65,65,51,40,67,67,67,0,0],"gold":247,"neow_bonus":"TEN_PERCENT_HP_BONUS","is_daily":false,"chose_seed":false,"campfire_upgraded":6,"win_rate":0.0,"timestamp":1609729142,"path_taken":["M","?","M","M","M","R","E","M","T","M","E","?","E","$","R","BOSS","M","M","M","M","AVR","R","M","?","T","?","$","R","M","?","R","BOSS","M","?","?","M","?","R","M","M","T","R","M","?","R","AVR","R","BOSS"],"items_purchased_type":["Card","Card","Card","Potion"],"build_version":"2020-12-22","purchased_purges":4,"victory":false,"max_hp_per_floor":[82,82,82,82,82,82,82,82,82,82,82,82,82,82,82,82,82,82,82,82,82,82,82,82,82,82,85,85,85,88,88,88,88,88,88,88,88,91,91,91,91,91,91,91,91,91,91,91,91,91,91],"card_choices":[{"not_picked":["theTrickster:SharpBlade","theTrickster:Parry"],"picked":"theTrickster:DeepPockets","floor":1},{"not_picked":["theTrickster:BetterSafe","theTrickster:RampingUpStrike"],"picked":"theTrickster:KillThemAll","floor":3},{"not_picked":["theTrickster:FirstAidKit","theTrickster:ImpulsiveStrike"],"picked":"theTrickster:NickAndSkid","floor":4},{"not_picked":["theTrickster:TickingPackage","theTrickster:SharpBlade"],"picked":"theTrickster:HandGrenade","floor":5},{"not_picked":["theTrickster:ImpulsiveStrike","theTrickster:TickingPackage"],"picked":"theTrickster:UpThePace","floor":7},{"not_picked":["theTrickster:Volley","theTrickster:Audacity"],"picked":"theTrickster:HandGrenade","floor":8},{"not_picked":["theTrickster:RampingUpStrike","theTrickster:CreateAnOpening"],"picked":"theTrickster:SharpBlade","floor":10},{"not_picked":["theTrickster:SuperiorTactics","theTrickster:SmokeAndMirrors"],"picked":"theTrickster:SwiftAsTheWind","floor":11},{"not_picked":["theTrickster:IntrepidRush","theTrickster:DebilitatingShot"],"picked":"theTrickster:Parry","floor":12},{"not_picked":["theTrickster:Reposition","theTrickster:EyeForEye"],"picked":"theTrickster:ForbiddenMedicine","floor":13},{"not_picked":["theTrickster:ForbiddenMedicine","theTrickster:SwiftAsTheWind"],"picked":"theTrickster:PistolWhip","floor":16},{"not_picked":["theTrickster:RampingUpDefend+1","theTrickster:Volley+1"],"picked":"theTrickster:SuperiorTactics+1","floor":18},{"not_picked":["theTrickster:HandGrenade+1","theTrickster:SmokeOfConfusion"],"picked":"theTrickster:DivingSlice","floor":19},{"not_picked":["theTrickster:BetterSafe","theTrickster:RampingUpDefend"],"picked":"theTrickster:SwiftSlash","floor":20},{"not_picked":["theTrickster:RampingUpStrike","theTrickster:IntrepidRush","theTrickster:SmokeOfConfusion"],"picked":"SKIP","floor":21},{"not_picked":["theTrickster:CautiousManeuver","theTrickster:NickAndSkid","theTrickster:RampingUpDefend"],"picked":"SKIP","floor":24},{"not_picked":["theTrickster:OminousSmile","theTrickster:CreateAnOpening"],"picked":"theTrickster:Parry","floor":30},{"not_picked":["theTrickster:TrickyDefend","theTrickster:ImpulsiveStrike"],"picked":"theTrickster:TriedTechniques","floor":31},{"not_picked":["theTrickster:BulletRain","theTrickster:BlurTheLines"],"picked":"theTrickster:PistolWhip","floor":33},{"not_picked":["theTrickster:DivingSlice","theTrickster:RecklessShot+1","theTrickster:HandGrenade"],"picked":"SKIP","floor":35},{"not_picked":["theTrickster:ImpulsiveDefend","theTrickster:Salvage","theTrickster:StudiedSnipe+1"],"picked":"SKIP","floor":38},{"not_picked":["theTrickster:SharpBlade+1","theTrickster:Distract+1"],"picked":"theTrickster:ImpulsiveStrike+1","floor":39},{"not_picked":["theTrickster:DivingSlice+1","theTrickster:Parry+1"],"picked":"theTrickster:Reposition","floor":41},{"not_picked":["theTrickster:TickingPackage+1","theTrickster:ImpulsiveDefend"],"picked":"theTrickster:CreateAnOpening+1","floor":42},{"not_picked":["theTrickster:RampingUpStrike","theTrickster:RecklessShot+1"],"picked":"theTrickster:SwiftSlash+1","floor":46},{"not_picked":["jedi:cleanse","expansioncontent:QuickStudy"],"picked":"ReplayTheSpireMod:Necrogeddon","floor":48},{"not_picked":["Survey Options","vexMod:EmailVexCard"],"picked":"Mind Blast","floor":48},{"not_picked":["Replay:SS_forest_2","expansioncontent:SuperHexaguard"],"picked":"expansioncontent:BronzeBeam","floor":48}],"player_experience":986546,"relics_obtained":[{"floor":7,"key":"conspire:Flyswatter"},{"floor":9,"key":"theForsaken:Gavel"},{"floor":11,"key":"theForsaken:Lifeblossom"},{"floor":13,"key":"jedi:arcanewood"},{"floor":26,"key":"Nunchaku"},{"floor":30,"key":"halation:EternalFortune"},{"floor":31,"key":"potionbrewer:RamsHorn"},{"floor":38,"key":"halation:EternalFortune"},{"floor":43,"key":"Kunai"}],"event_choices":[{"damage_healed":0,"gold_gain":0,"cards_transformed":["theTrickster:Strike_Brown"],"player_choice":"Transformed","damage_taken":0,"max_hp_gain":0,"max_hp_loss":0,"event_name":"Transmorgrifier","floor":2,"gold_loss":0,"cards_obtained":["theTrickster:Audacity"]},{"cards_removed":["theTrickster:Defend_Brown"],"damage_healed":0,"gold_gain":0,"player_choice":"Give","damage_taken":0,"max_hp_gain":0,"max_hp_loss":0,"event_name":"betterNote:BetterNote","floor":25,"gold_loss":0,"cards_obtained":["thethorton:Defend"]},{"damage_healed":0,"gold_gain":0,"player_choice":"Invest 1","damage_taken":0,"max_hp_gain":0,"max_hp_loss":0,"event_name":"conspire:Investor","floor":36,"gold_loss":0},{"damage_healed":0,"gold_gain":3,"player_choice":"2","damage_taken":0,"max_hp_gain":0,"max_hp_loss":17,"event_name":"betterStone:BetterStone","floor":37,"gold_loss":0}],"is_beta":false,"boss_relics":[{"not_picked":["aspiration:MarisaSkillbook","vexMod:MegatonBomb"],"picked":"theSlumbering:CursedAnvil"},{"not_picked":["energizedSpire:SpiderWeb","Replay:Ancient Bell"],"picked":"theSlumbering:EnchantedHammer"}],"items_purged_floors":[14,14,22,48],"is_endless":false,"potions_floor_spawned":[1,3,7,10,13,16,18,21,33,35,45,46],"killed_by":"Donu and Deca","ascension_level":0}}