{"host":"873t0y8ybyo38pfq","time":1609794355,"event":{"mods":["BaseMod","Bestiary","Colored Map","Colored Powertips","Highlight Path","Minty Spire (QoL Compilation)","Quick Restart","RNG Fix","Rare Cards Sparkle","Relic Stats","StSLib"],"gold_per_floor":[116,116,134,59,69,95,110,145,145,176,189,23,23,48,48,125,125,139,29,49,49,67,67,80,110,110,110,110,123,142,159,159,238,238,253,253,11,28,46,46,77,77,77,77,77],"floor_reached":44,"playtime":2129,"items_purged":["Hello World"],"score":1170,"play_id":"974fac45-8d75-40a5-bbbd-bc868455369b","local_time":"20210104160555","is_ascension_mode":true,"campfire_choices":[{"floor":15,"key":"REST"},{"data":"Defragment","floor":23,"key":"SMITH"},{"floor":28,"key":"REST"},{"floor":32,"key":"REST"},{"floor":40,"key":"REST"}],"circlet_count":0,"master_deck":["AscendersBane","Zap","Dualcast","Reinforced Body","Doom and Gloom","Reboot","Glacier","Leap","Coolheaded","Echo Form","Turbo","Steam Power","Chaos","Reinforced Body","Auto Shields","Rebound","Hologram+1","Conserve Battery","Defragment+1","Compile Driver","White Noise","Seek","Consume"],"relics":["Cracked Core","NeowsBlessing","WarpedTongs","Pen Nib","HornCleat","Mercury Hourglass","Oddly Smooth Stone","StoneCalendar","Pandora\u0027s Box","Bag of Preparation","Art of War","Inserter","Strange Spoon","Shuriken","Ornamental Fan"],"acts_visited":["Exordium","TheCity","TheBeyond"],"potions_floor_usage":[6,20,25,27,33,41,44],"damage_taken":[{"damage":0,"enemies":"Jaw Worm","floor":1,"turns":1},{"damage":1,"enemies":"Cultist","floor":3,"turns":1},{"damage":0,"enemies":"2 Louse","floor":5,"turns":1},{"damage":11,"enemies":"3 Sentries","floor":6,"turns":11},{"damage":1,"enemies":"Exordium Thugs","floor":7,"turns":4},{"damage":23,"enemies":"Lagavulin","floor":8,"turns":7},{"damage":0,"enemies":"Gremlin Nob","floor":10,"turns":3},{"damage":0,"enemies":"Blue Slaver","floor":11,"turns":3},{"damage":0,"enemies":"Lagavulin","floor":14,"turns":6},{"damage":17,"enemies":"Hexaghost","floor":16,"turns":10},{"damage":0,"enemies":"Spheric Guardian","floor":18,"turns":6},{"damage":0,"enemies":"Shell Parasite","floor":20,"turns":5},{"damage":0,"enemies":"Snake Plant","floor":22,"turns":6},{"damage":23,"enemies":"Centurion and Healer","floor":24,"turns":4},{"damage":35,"enemies":"Book of Stabbing","floor":25,"turns":8},{"damage":0,"enemies":"Slavers","floor":27,"turns":1},{"damage":0,"enemies":"Sentry and Sphere","floor":29,"turns":7},{"damage":0,"enemies":"Snecko","floor":30,"turns":5},{"damage":1,"enemies":"Snake Plant","floor":31,"turns":5},{"damage":2,"enemies":"Automaton","floor":33,"turns":11},{"damage":1,"enemies":"3 Shapes","floor":35,"turns":4},{"damage":0,"enemies":"Orb Walker","floor":38,"turns":4},{"damage":57,"enemies":"Transient","floor":39,"turns":6},{"damage":0,"enemies":"Nemesis","floor":41,"turns":7},{"damage":29,"enemies":"Reptomancer","floor":44,"turns":2}],"seed_played":"-3738336649914578520","potions_obtained":[{"floor":3,"key":"Dexterity Potion"},{"floor":5,"key":"GamblersBrew"},{"floor":14,"key":"Energy Potion"},{"floor":20,"key":"SteroidPotion"},{"floor":24,"key":"SmokeBomb"},{"floor":29,"key":"SpeedPotion"},{"floor":31,"key":"EssenceOfSteel"},{"floor":39,"key":"EssenceOfSteel"}],"is_trial":false,"path_per_floor":["M","?","M","?","M","E","M","E","T","E","M","$","?","E","R","B",null,"M","?","M","?","M","R","M","E","T","E","R","M","M","M","R","B",null,"M","?","$","M","M","R","E","T","T","E"],"character_chosen":"DEFECT","items_purchased":["Oddly Smooth Stone","Strange Spoon"],"campfire_rested":4,"item_purchase_floors":[12,37],"current_hp_per_floor":[64,64,63,63,63,52,51,28,28,28,28,28,28,28,49,32,61,61,61,61,61,61,61,38,3,3,3,24,24,24,23,44,42,64,63,63,63,63,6,27,27,27,27,0,0],"gold":77,"neow_bonus":"THREE_ENEMY_KILL","is_daily":false,"chose_seed":false,"campfire_upgraded":1,"win_rate":0.0,"timestamp":1609794355,"path_taken":["M","?","M","?","?","E","M","E","T","E","?","$","?","E","R","BOSS","M","?","?","?","M","R","M","E","T","E","R","M","M","?","R","BOSS","M","?","$","?","M","R","E","?","T","E"],"items_purchased_type":["Relic","Relic"],"build_version":"2020-12-22","purchased_purges":1,"victory":false,"max_hp_per_floor":[71,71,71,71,71,71,71,71,71,71,71,71,71,71,71,71,71,71,71,71,71,71,71,71,71,71,71,71,71,71,71,71,71,71,71,71,71,71,71,71,71,71,71,71,71],"relic_stats":{"Inserter":[11],"counters":[25,128],"StoneCalendar":[166],"Pen Nib":[9],"Bag of Preparation":[20],"WarpedTongs":[126],"Mercury Hourglass":[300],"Strange Spoon":[7],"Shuriken":[0],"Ornamental Fan":[0],"Pandora\u0027s Box":["Turbo","Steam Power","Chaos","Gash","Reinforced Body","Auto Shields","Rebound"],"Art of War":[22],"obtain_stats":[{"Inserter":34,"NeowsBlessing":0,"Oddly Smooth Stone":12,"StoneCalendar":14,"Pen Nib":6,"Bag of Preparation":25,"WarpedTongs":2,"Mercury Hourglass":9,"Strange Spoon":37,"HornCleat":8,"Shuriken":41,"Ornamental Fan":43,"Pandora\u0027s Box":17,"Art of War":26,"Cracked Core":0},{"Inserter":20,"NeowsBlessing":0,"Oddly Smooth Stone":8,"StoneCalendar":9,"Pen Nib":4,"Bag of Preparation":15,"WarpedTongs":1,"Mercury Hourglass":6,"Strange Spoon":21,"HornCleat":6,"Shuriken":24,"Ornamental Fan":24,"Pandora\u0027s Box":10,"Art of War":15,"Cracked Core":0},{"Inserter":105,"NeowsBlessing":0,"Oddly Smooth Stone":31,"StoneCalendar":37,"Pen Nib":14,"Bag of Preparation":76,"WarpedTongs":1,"Mercury Hourglass":25,"Strange Spoon":109,"HornCleat":25,"Shuriken":126,"Ornamental Fan":126,"Pandora\u0027s Box":47,"Art of War":76,"Cracked Core":0}]},"card_choices":[{"not_picked":["Compile Driver","Go for the Eyes"],"picked":"Cold Snap","floor":1},{"not_picked":["Scrape","Turbo"],"picked":"Reinforced Body","floor":3},{"not_picked":["Gash","Fusion","Reprogram"],"picked":"SKIP","floor":5},{"not_picked":["Capacitor","FTL"],"picked":"Doom and Gloom","floor":6},{"not_picked":["Stack","Heatsinks","Double Energy"],"picked":"SKIP","floor":7},{"not_picked":["Streamline","Steam"],"picked":"Hello World","floor":8},{"not_picked":["Gash","Compile Driver"],"picked":"Reboot","floor":10},{"not_picked":["Go for the Eyes","Tempest"],"picked":"Glacier","floor":11},{"not_picked":["FTL","Ball Lightning"],"picked":"Coolheaded","floor":14},{"not_picked":["Machine Learning","Rainbow"],"picked":"Echo Form","floor":16},{"not_picked":["Beam Cell","Steam Power"],"picked":"Hologram","floor":18},{"not_picked":["Streamline","Redo"],"picked":"Conserve Battery","floor":20},{"not_picked":["Conserve Battery","Chaos"],"picked":"Defragment","floor":22},{"not_picked":["Gash+1","Loop"],"picked":"Compile Driver","floor":24},{"not_picked":["Cold Snap","Go for the Eyes","Streamline"],"picked":"SKIP","floor":25},{"not_picked":["Thunder Strike","Heatsinks","Sweeping Beam+1"],"picked":"SKIP","floor":29},{"not_picked":["Beam Cell","Compile Driver"],"picked":"White Noise","floor":30},{"not_picked":["Streamline+1","Steam Power","Ball Lightning"],"picked":"SKIP","floor":31},{"not_picked":["Rainbow","Fission"],"picked":"Seek","floor":33},{"not_picked":["Hologram","Turbo","Barrage+1"],"picked":"SKIP","floor":35},{"not_picked":["Tempest","Beam Cell"],"picked":"Consume","floor":38},{"not_picked":["Turbo","Ball Lightning","Darkness"],"picked":"SKIP","floor":39},{"not_picked":["Gash+1","Rebound+1","Compile Driver"],"picked":"SKIP","floor":41}],"player_experience":1507652,"relics_obtained":[{"floor":6,"key":"Pen Nib"},{"floor":8,"key":"HornCleat"},{"floor":9,"key":"Mercury Hourglass"},{"floor":14,"key":"StoneCalendar"},{"floor":25,"key":"Bag of Preparation"},{"floor":26,"key":"Art of War"},{"floor":41,"key":"Shuriken"},{"floor":43,"key":"Ornamental Fan"}],"event_choices":[{"damage_healed":0,"gold_gain":0,"player_choice":"Rummage","damage_taken":0,"relics_obtained":["WarpedTongs"],"max_hp_gain":0,"max_hp_loss":0,"event_name":"Accursed Blacksmith","floor":2,"gold_loss":0,"cards_obtained":["Pain"]},{"cards_removed":["Pain"],"damage_healed":0,"gold_gain":0,"player_choice":"Card Removal","damage_taken":0,"max_hp_gain":0,"max_hp_loss":0,"event_name":"The Cleric","floor":4,"gold_loss":75},{"damage_healed":0,"gold_gain":0,"cards_transformed":["Strike_B"],"player_choice":"Change","damage_taken":0,"max_hp_gain":0,"max_hp_loss":0,"event_name":"Living Wall","floor":13,"gold_loss":0,"cards_obtained":["Leap"]},{"cards_removed":["Gash"],"damage_healed":0,"gold_gain":0,"player_choice":"Upgrade and Remove","damage_taken":0,"max_hp_gain":0,"max_hp_loss":0,"event_name":"Designer","floor":19,"gold_loss":110,"cards_upgraded":["Hologram"]},{"damage_healed":0,"gold_gain":0,"player_choice":"Ignored","damage_taken":0,"max_hp_gain":0,"max_hp_loss":0,"event_name":"Vampires","floor":21,"gold_loss":0},{"cards_removed":["Cold Snap"],"damage_healed":0,"gold_gain":0,"player_choice":"Removed Attack","damage_taken":0,"max_hp_gain":0,"max_hp_loss":0,"event_name":"Falling","floor":36,"gold_loss":0}],"is_beta":false,"boss_relics":[{"not_picked":["Empty Cage","Tiny House"],"picked":"Pandora\u0027s Box"},{"not_picked":["Astrolabe","FrozenCore"],"picked":"Inserter"}],"items_purged_floors":[37],"is_endless":false,"potions_floor_spawned":[3,5,14,20,24,29,31,39],"killed_by":"Reptomancer","ascension_level":20}}