{"host":"27tk4xseidcli2mr","time":1609746072,"event":{"mods":["2.2 Compatiblity","AchievementEnabler","Aspiration","BaseMod","Better Third Choice","Conspire","Custom Start","Hubris","Jorbs\u0027s Wanderer Trilogy","Minty Spire (QoL Compilation)","Replay The Spire","StSLib","SuperFastMode","[IsaacMod]????"],"gold_per_floor":[112,139,139,153,64,91,107,143,143,174,188,206,206,206,216,216,216,293,293,311,311,261,272,272,272,272],"floor_reached":25,"playtime":892,"items_purged":[],"score":596,"play_id":"3e9274df-1603-4aa9-bb6c-7b54f052e3f7","local_time":"20210104084112","is_ascension_mode":true,"campfire_choices":[{"data":"Injury","floor":17,"key":"PURGE"}],"circlet_count":0,"master_deck":["AscendersBane","Strike_G","Strike_G","Strike_G","Strike_G","Defend_G","Defend_G","Defend_G","Defend_G","Defend_G","Survivor","Neutralize","Quick Slash","Deflect","hubris:SlightOfHand+1","Bouncing Flask+1","Poisoned Stab","Footwork","ReplayTheSpireMod:Necrosis+1","Backflip+1","Crippling Poison+1","Backstab","Backflip+1","ReplayTheSpireMod:Speed Training+1","Deflect+1"],"relics":["Ring of the Snake","HushsDoor","NeowsBlessing","PokeGo","ReplayFunnel","Toxic Egg 2","conspire:Boomerang","aspiration:Lifesprig","PillsDrop","hubris:Towel","Pantograph"],"acts_visited":["Exordium","TheCity"],"potions_floor_usage":[10,11,18,25],"damage_taken":[{"damage":0,"enemies":"Small Slimes","floor":1,"turns":1},{"damage":0,"enemies":"conspire:MimicChest","floor":2,"turns":1},{"damage":0,"enemies":"Cultist","floor":4,"turns":1},{"damage":0,"enemies":"Gremlin Nob","floor":6,"turns":3},{"damage":1,"enemies":"conspire:RoseBush","floor":7,"turns":2},{"damage":10,"enemies":"3 Sentries","floor":8,"turns":9},{"damage":18,"enemies":"Lagavulin","floor":10,"turns":8},{"damage":0,"enemies":"2 Fungi Beasts","floor":11,"turns":4},{"damage":4,"enemies":"3 Louse","floor":12,"turns":2},{"damage":0,"enemies":"Blue Slaver","floor":15,"turns":3},{"damage":0,"enemies":"Hexaghost","floor":18,"turns":5},{"damage":0,"enemies":"Spheric Guardian","floor":20,"turns":3},{"damage":32,"enemies":"2 Thieves","floor":22,"turns":5},{"damage":8,"enemies":"Snecko","floor":23,"turns":6},{"damage":19,"enemies":"conspire:Head Lice","floor":25,"turns":2}],"seed_played":"-6097407509665591501","potions_obtained":[{"floor":4,"key":"Energy Potion"},{"floor":6,"key":"Block Potion"},{"floor":11,"key":"Venom Potion"},{"floor":23,"key":"Energy Potion"}],"is_trial":false,"path_per_floor":["M","?","?","M","$","E","M","E","T","E","M","M","PTL","PTL","M","?","R","B",null,"M","?","M","M","T","E"],"character_chosen":"THE_SILENT","items_purchased":["Bouncing Flask+1"],"campfire_rested":0,"item_purchase_floors":[5],"current_hp_per_floor":[59,59,59,59,59,59,58,48,48,30,30,26,26,26,26,26,26,26,56,56,56,24,16,16,0,0],"gold":272,"neow_bonus":"THREE_ENEMY_KILL","is_daily":false,"chose_seed":false,"campfire_upgraded":0,"win_rate":0.0,"timestamp":1609746072,"path_taken":["M","?","?","M","$","E","M","E","T","E","M","M","PTL","PTL","M","?","R","BOSS","M","?","M","M","?","E"],"items_purchased_type":["Card"],"build_version":"2020-12-22","purchased_purges":0,"victory":false,"max_hp_per_floor":[66,66,66,66,66,66,66,66,66,66,66,66,66,66,66,66,66,66,66,66,66,66,66,66,66,66],"card_choices":[{"not_picked":["Accuracy","PiercingWail"],"picked":"Quick Slash","floor":1},{"not_picked":["Masterful Stab","Sucker Punch"],"picked":"Deflect","floor":2},{"not_picked":["Setup+1","Choke"],"picked":"hubris:SlightOfHand+1","floor":4},{"not_picked":["Quick Slash","ReplayTheSpireMod:Speed Training+1"],"picked":"Poisoned Stab","floor":6},{"not_picked":["Dagger Spray","Leg Sweep+1"],"picked":"Footwork","floor":7},{"not_picked":["Blade Dance+1","Dagger Throw"],"picked":"ReplayTheSpireMod:Necrosis+1","floor":8},{"not_picked":["Sneak Up+1","Sucker Punch"],"picked":"Backflip+1","floor":10},{"not_picked":["Riddle With Holes","Flying Knee"],"picked":"Crippling Poison+1","floor":11},{"not_picked":["Dodge and Roll+1","Acrobatics+1"],"picked":"Backstab","floor":12},{"not_picked":["Cloak And Dagger+1","Sneak Up+1"],"picked":"Backflip+1","floor":15},{"not_picked":["Hidden Blade+1","Setup+1"],"picked":"ReplayTheSpireMod:Speed Training+1","floor":20},{"not_picked":["Poisoned Stab","Backstab"],"picked":"Deflect+1","floor":22},{"not_picked":["Blade Dance+1","PiercingWail+1","Hidden Blade+1"],"picked":"SKIP","floor":23}],"player_experience":1244354,"relics_obtained":[{"floor":2,"key":"ReplayFunnel"},{"floor":6,"key":"conspire:Boomerang"},{"floor":8,"key":"aspiration:Lifesprig"},{"floor":10,"key":"PillsDrop"},{"floor":24,"key":"Pantograph"}],"event_choices":[{"cards_removed":["Strike_G"],"damage_healed":0,"gold_gain":0,"player_choice":"Elegance","damage_taken":0,"max_hp_gain":0,"max_hp_loss":0,"event_name":"betterThird:BetterWriting","floor":21,"gold_loss":0}],"is_beta":false,"boss_relics":[{"not_picked":["Ectoplasm","Busted Crown","Honey Jar"]}],"items_purged_floors":[],"is_endless":false,"potions_floor_spawned":[4,6,7,8,11,23],"killed_by":"conspire:Head Lice","ascension_level":20}}