{"host":"640uue19m79c7wbt","time":1609733216,"event":{"mods":["BaseMod","Colored Map","Googly Eyes","Highlight Path","Minty Spire (QoL Compilation)","Quick Restart","StSLib"],"gold_per_floor":[119,194,194,10,20,20,49,49,49,76,87,100,100,134,134,232,232,246,19,19,19,32,32,32,32],"floor_reached":24,"playtime":779,"items_purged":[],"score":309,"play_id":"4b0a2bc1-c7eb-4efe-badb-ed54d4c942e9","local_time":"20210103230656","is_ascension_mode":true,"campfire_choices":[{"data":"Noxious Fumes","floor":6,"key":"SMITH"},{"data":"Terror","floor":13,"key":"SMITH"},{"data":"Caltrops","floor":15,"key":"SMITH"},{"floor":23,"key":"REST"}],"circlet_count":0,"master_deck":["Strike_G","Strike_G","Defend_G","Defend_G","Defend_G","Defend_G","Defend_G","Survivor","Neutralize","Blade Dance","Endless Agony","Noxious Fumes+1","Well Laid Plans","Terror+1","Dagger Spray","Caltrops+1","PiercingWail","Phantasmal Killer","Dagger Spray","Riddle With Holes","Noxious Fumes+1","Acrobatics"],"relics":["Ring of the Snake","NeowsBlessing","Blood Vial","Sundial","Bird Faced Urn","Smiling Mask","Empty Cage","Regal Pillow","Nilry\u0027s Codex"],"acts_visited":["Exordium","TheCity"],"potions_floor_usage":[10,10,14,16],"damage_taken":[{"damage":0,"enemies":"Jaw Worm","floor":1,"turns":1},{"damage":0,"enemies":"Small Slimes","floor":5,"turns":1},{"damage":0,"enemies":"Lagavulin","floor":7,"turns":1},{"damage":15,"enemies":"3 Sentries","floor":10,"turns":7},{"damage":0,"enemies":"Cultist","floor":11,"turns":2},{"damage":10,"enemies":"Exordium Thugs","floor":12,"turns":4},{"damage":0,"enemies":"2 Fungi Beasts","floor":14,"turns":2},{"damage":26,"enemies":"Hexaghost","floor":16,"turns":8},{"damage":19,"enemies":"Spheric Guardian","floor":18,"turns":5},{"damage":1,"enemies":"3 Byrds","floor":22,"turns":4},{"damage":84,"enemies":"Book of Stabbing","floor":24,"turns":6}],"seed_played":"-7652729776116446932","potions_obtained":[{"floor":5,"key":"Swift Potion"},{"floor":7,"key":"BlessingOfTheForge"},{"floor":12,"key":"ColorlessPotion"},{"floor":14,"key":"Strength Potion"}],"is_trial":false,"path_per_floor":["M","?","?","$","M","R","E","$","T","E","M","M","R","M","R","B",null,"M","$","?","?","M","R","E"],"character_chosen":"THE_SILENT","items_purchased":["Blood Vial","Endless Agony","Regal Pillow","Riddle With Holes"],"campfire_rested":1,"item_purchase_floors":[4,4,19,19],"current_hp_per_floor":[63,52,52,52,54,54,56,56,56,47,49,43,43,45,45,27,59,48,48,32,32,37,70,0,0],"gold":32,"neow_bonus":"THREE_ENEMY_KILL","is_daily":false,"chose_seed":false,"campfire_upgraded":3,"win_rate":0.0,"timestamp":1609733216,"path_taken":["M","?","?","$","?","R","E","$","T","E","M","M","R","M","R","BOSS","M","$","?","?","?","R","E"],"items_purchased_type":["Relic","Card","Relic","Card"],"build_version":"2020-12-22","purchased_purges":0,"victory":false,"max_hp_per_floor":[70,70,70,70,70,70,70,70,70,70,70,70,70,70,70,70,70,70,70,70,70,70,70,70,70],"card_choices":[{"not_picked":["Endless Agony","Slice"],"picked":"Blade Dance","floor":1},{"not_picked":["Expertise","Crippling Poison"],"picked":"Noxious Fumes","floor":5},{"not_picked":["Cloak And Dagger","Flechettes"],"picked":"Well Laid Plans","floor":7},{"not_picked":["Outmaneuver","Deflect"],"picked":"Terror","floor":10},{"not_picked":["Flying Knee","Sucker Punch"],"picked":"Dagger Spray","floor":11},{"not_picked":["Outmaneuver","Acrobatics"],"picked":"Caltrops","floor":12},{"not_picked":["Outmaneuver","Backflip"],"picked":"PiercingWail","floor":14},{"not_picked":["Grand Finale","Tools of the Trade"],"picked":"Phantasmal Killer","floor":16},{"not_picked":["Deflect","Outmaneuver"],"picked":"Dagger Spray","floor":18},{"not_picked":["Dagger Spray","Bane"],"picked":"Acrobatics","floor":22}],"player_experience":563056,"relics_obtained":[{"floor":7,"key":"Sundial"},{"floor":9,"key":"Bird Faced Urn"},{"floor":10,"key":"Smiling Mask"},{"floor":20,"key":"Nilry\u0027s Codex"}],"event_choices":[{"damage_healed":0,"gold_gain":75,"player_choice":"Gather Gold","damage_taken":11,"max_hp_gain":0,"max_hp_loss":0,"event_name":"World of Goop","floor":2,"gold_loss":0},{"cards_removed":["Strike_G"],"damage_healed":0,"gold_gain":0,"player_choice":"Purged","damage_taken":0,"max_hp_gain":0,"max_hp_loss":0,"event_name":"Purifier","floor":3,"gold_loss":0},{"damage_healed":0,"gold_gain":0,"player_choice":"Obtained Book","damage_taken":16,"max_hp_gain":0,"max_hp_loss":0,"event_name":"Cursed Tome","floor":20,"gold_loss":0},{"damage_healed":0,"gold_gain":0,"player_choice":"Copied","damage_taken":0,"max_hp_gain":0,"max_hp_loss":0,"event_name":"Duplicator","floor":21,"gold_loss":0,"cards_obtained":["Noxious Fumes"]}],"is_beta":false,"boss_relics":[{"not_picked":["Fusion Hammer","Cursed Key"],"picked":"Empty Cage"}],"items_purged_floors":[],"is_endless":false,"potions_floor_spawned":[5,7,12,14],"killed_by":"Book of Stabbing","ascension_level":7}}