{"host":"640uue19m79c7wbt","time":1609802231,"event":{"mods":["BaseMod","Colored Map","Googly Eyes","Highlight Path","Minty Spire (QoL Compilation)","Quick Restart","StSLib"],"gold_per_floor":[117,117,192,30,30,30,61,61,61,97,111,144,144,160,160,285,285,299,398,323,338,11,11,11,51,51,51,51],"floor_reached":27,"playtime":819,"items_purged":["Strike_G"],"score":413,"play_id":"3864b604-716b-4983-84ed-161f4a6ef02e","local_time":"20210104181711","is_ascension_mode":true,"campfire_choices":[{"data":"Eviscerate","floor":6,"key":"SMITH"},{"floor":15,"key":"REST"},{"floor":23,"key":"REST"}],"circlet_count":0,"master_deck":["Strike_G","Strike_G","Strike_G+1","Defend_G","Defend_G+1","Defend_G+1","Defend_G","Defend_G","Survivor","Neutralize+1","Eviscerate+1","Underhanded Strike+1","Well Laid Plans","Footwork","Dagger Spray","Underhanded Strike","Bouncing Flask","Tools of the Trade","Underhanded Strike+1","PiercingWail","Sadistic Nature","Envenom","Prepared"],"relics":["Ring of the Snake","NeowsBlessing","Golden Idol","Mango","War Paint","Boot","Letter Opener","Calipers","WristBlade","Blue Candle","Question Card"],"acts_visited":["Exordium","TheCity"],"potions_floor_usage":[12,16,21,25],"damage_taken":[{"damage":0,"enemies":"Small Slimes","floor":1,"turns":1},{"damage":0,"enemies":"3 Sentries","floor":7,"turns":1},{"damage":0,"enemies":"Gremlin Nob","floor":10,"turns":1},{"damage":5,"enemies":"Jaw Worm","floor":11,"turns":4},{"damage":15,"enemies":"Lagavulin","floor":12,"turns":6},{"damage":0,"enemies":"Cultist","floor":14,"turns":2},{"damage":26,"enemies":"Hexaghost","floor":16,"turns":10},{"damage":16,"enemies":"Shell Parasite","floor":18,"turns":4},{"damage":9,"enemies":"3 Byrds","floor":21,"turns":4},{"damage":58,"enemies":"Slavers","floor":25,"turns":5},{"damage":13,"enemies":"3 Cultists","floor":27,"turns":2}],"seed_played":"4433360110396015783","potions_obtained":[{"floor":7,"key":"DuplicationPotion"},{"floor":11,"key":"GhostInAJar"},{"floor":14,"key":"Dexterity Potion"},{"floor":21,"key":"SpeedPotion"}],"is_trial":false,"path_per_floor":["M","?","?","$","?","R","E","?","T","E","M","E","?","M","R","B",null,"M","?","?","M","$","R","?","E","T","M"],"character_chosen":"THE_SILENT","items_purchased":["Underhanded Strike","Well Laid Plans","Sadistic Nature","Envenom"],"campfire_rested":2,"item_purchase_floors":[4,4,22,22],"current_hp_per_floor":[63,49,38,38,38,38,52,52,52,52,47,32,20,20,45,19,68,52,52,52,43,43,68,68,10,10,0,0],"gold":51,"neow_bonus":"THREE_ENEMY_KILL","is_daily":false,"chose_seed":false,"campfire_upgraded":1,"win_rate":0.0,"timestamp":1609802231,"path_taken":["M","?","?","$","?","R","E","?","T","E","?","E","?","M","R","BOSS","M","?","?","M","$","R","?","E","T","M"],"items_purchased_type":["Card","Card","Card","Card"],"build_version":"2020-12-22","purchased_purges":1,"victory":false,"max_hp_per_floor":[70,70,70,70,70,70,84,84,84,84,84,84,84,84,84,84,84,84,84,84,84,84,84,84,84,84,84,84],"card_choices":[{"not_picked":["Dagger Throw","Blade Dance"],"picked":"Eviscerate","floor":1},{"not_picked":["Sucker Punch","Flying Knee","Poisoned Stab"],"picked":"SKIP","floor":7},{"not_picked":["Flechettes","Blur"],"picked":"Footwork","floor":10},{"not_picked":["Well Laid Plans","Deadly Poison"],"picked":"Dagger Spray","floor":11},{"not_picked":["Bane","Sucker Punch"],"picked":"Underhanded Strike","floor":12},{"not_picked":["Skewer","Underhanded Strike"],"picked":"Bouncing Flask","floor":14},{"not_picked":["Unload","Venomology"],"picked":"Tools of the Trade","floor":16},{"not_picked":["Endless Agony","Blade Dance"],"picked":"Underhanded Strike+1","floor":18},{"not_picked":["Backflip","Dodge and Roll+1"],"picked":"PiercingWail","floor":21},{"not_picked":["Outmaneuver","Deflect"],"picked":"Prepared","floor":25}],"player_experience":570555,"relics_obtained":[{"floor":7,"key":"Mango"},{"floor":9,"key":"War Paint"},{"floor":10,"key":"Boot"},{"floor":12,"key":"Letter Opener"},{"floor":25,"key":"Blue Candle"},{"floor":26,"key":"Question Card"}],"event_choices":[{"damage_healed":0,"gold_gain":0,"player_choice":"Entered Light","damage_taken":14,"max_hp_gain":0,"max_hp_loss":0,"event_name":"Shining Light","floor":2,"gold_loss":0,"cards_upgraded":["Neutralize","Strike_G"]},{"damage_healed":0,"gold_gain":75,"player_choice":"Gather Gold","damage_taken":11,"max_hp_gain":0,"max_hp_loss":0,"event_name":"World of Goop","floor":3,"gold_loss":0},{"damage_healed":0,"gold_gain":0,"player_choice":"Take Wound","damage_taken":0,"relics_obtained":["Golden Idol"],"max_hp_gain":0,"max_hp_loss":0,"event_name":"Golden Idol","floor":5,"gold_loss":0,"cards_obtained":["Injury"]},{"damage_healed":0,"gold_gain":0,"player_choice":"Upgraded","damage_taken":0,"max_hp_gain":0,"max_hp_loss":0,"event_name":"Upgrade Shrine","floor":8,"gold_loss":0,"cards_upgraded":["Underhanded Strike"]},{"damage_healed":0,"gold_gain":0,"player_choice":"Success","damage_taken":12,"relics_obtained":["Calipers"],"max_hp_gain":0,"max_hp_loss":0,"event_name":"Scrap Ooze","floor":13,"gold_loss":0},{"damage_healed":0,"gold_gain":99,"player_choice":"Stole From Cult","damage_taken":0,"max_hp_gain":0,"max_hp_loss":0,"event_name":"Nest","floor":19,"gold_loss":0},{"cards_removed":["Injury"],"damage_healed":0,"gold_gain":0,"player_choice":"Gave Gold","damage_taken":0,"max_hp_gain":0,"max_hp_loss":0,"event_name":"Beggar","floor":20,"gold_loss":75},{"cards_removed":["Strike_G"],"damage_healed":0,"gold_gain":0,"player_choice":"Elegance","damage_taken":0,"max_hp_gain":0,"max_hp_loss":0,"event_name":"Back to Basics","floor":24,"gold_loss":0}],"is_beta":false,"boss_relics":[{"not_picked":["Philosopher\u0027s Stone","Coffee Dripper"],"picked":"WristBlade"}],"items_purged_floors":[4],"is_endless":false,"potions_floor_spawned":[7,11,14,21],"killed_by":"3 Cultists","ascension_level":8}}