{"host":"ujb8ojs2m8j2cdlp","time":1609724078,"event":{"mods":["AchievementEnabler","BaseMod","Bestiary","Colored Map","Colored Powertips","Minty Spire (QoL Compilation)","Relic Stats","ojb\u0027s Better Paths Mod","ojb\u0027s Info Mod"],"gold_per_floor":[109,119,119,119,119,119,2,15,15,49,68,88,88,120,120,194,194,206,223,273,286,301,326,596,626,626,626,726,726,726,741,741,813,813,831,876,887,1886,1000,1000,1027,1027,1079,1079,1097,1097,380,408,408,408,408,408,408,59,94,94],"floor_reached":57,"playtime":11007,"items_purged":["Pain","Normality","Normality","Rage"],"score":3196,"play_id":"b75f16ed-a648-48eb-a4cf-3912e10af315","local_time":"20210103173438","daily_mods":["SealedDeck","Diverse"],"is_ascension_mode":true,"campfire_choices":[{"data":"Hemokinesis","floor":6.0,"key":"SMITH"},{"data":"Hologram","floor":13.0,"key":"SMITH"},{"data":"Outmaneuver","floor":15.0,"key":"SMITH"},{"data":"Burst","floor":30.0,"key":"SMITH"},{"data":"Hologram","floor":32.0,"key":"SMITH"},{"data":"Offering","floor":40.0,"key":"SMITH"},{"data":"Dark Embrace","floor":42.0,"key":"SMITH"},{"floor":49.0,"key":"RECALL"},{"data":"Impervious","floor":53.0,"key":"SMITH"}],"circlet_count":0,"master_deck":["AscendersBane","Sweeping Beam+1","Conserve Battery","Hemokinesis+1","Undo","Uppercut+1","Hologram+1","Hologram+1","Impervious+1","Disarm","Dark Embrace+1","ReachHeaven","Outmaneuver+1","Burst+1","Acrobatics+1","DeceiveReality","BowlingBash","Leg Sweep","Terror","Offering+1","Reprogram+1","Armaments+1","Dark Shackles","Magnetism+1","Wireheading+1","Twin Strike","Acrobatics","Deflect+1","Wallop","ThirdEye"],"relics":["Burning Blood","WarpedTongs","Ice Cream","Frozen Egg 2","Potion Belt","Philosopher\u0027s Stone","Question Card","Juzu Bracelet","Charon\u0027s Ashes","Paper Frog","SlaversCollar","Calipers","FossilizedHelix","OrangePellets","CeramicFish","Smiling Mask","Anchor","Shuriken","Frozen Eye","Mango"],"acts_visited":["Exordium","TheCity","TheBeyond","TheEnding"],"potions_floor_usage":[55,56,56,56],"damage_taken":[{"damage":0.0,"enemies":"Jaw Worm","floor":1.0,"turns":3.0},{"damage":3.0,"enemies":"2 Louse","floor":2.0,"turns":2.0},{"damage":0.0,"enemies":"Cultist","floor":8.0,"turns":3.0},{"damage":2.0,"enemies":"Gremlin Nob","floor":10.0,"turns":4.0},{"damage":0.0,"enemies":"Looter","floor":11.0,"turns":4.0},{"damage":0.0,"enemies":"2 Fungi Beasts","floor":12.0,"turns":3.0},{"damage":2.0,"enemies":"Lagavulin","floor":14.0,"turns":5.0},{"damage":0.0,"enemies":"Hexaghost","floor":16.0,"turns":8.0},{"damage":0.0,"enemies":"Spheric Guardian","floor":18.0,"turns":5.0},{"damage":0.0,"enemies":"3 Byrds","floor":19.0,"turns":5.0},{"damage":9.0,"enemies":"Shelled Parasite and Fungi","floor":21.0,"turns":6.0},{"damage":2.0,"enemies":"Snecko","floor":22.0,"turns":3.0},{"damage":2.0,"enemies":"Book of Stabbing","floor":23.0,"turns":7.0},{"damage":2.0,"enemies":"Gremlin Leader","floor":25.0,"turns":6.0},{"damage":4.0,"enemies":"Colosseum Slavers","floor":28.0,"turns":6.0},{"damage":7.0,"enemies":"Colosseum Nobs","floor":28.0,"turns":5.0},{"damage":0.0,"enemies":"Snake Plant","floor":31.0,"turns":6.0},{"damage":0.0,"enemies":"Automaton","floor":33.0,"turns":11.0},{"damage":2.0,"enemies":"Orb Walker","floor":35.0,"turns":5.0},{"damage":20.0,"enemies":"2 Orb Walkers","floor":36.0,"turns":5.0},{"damage":0.0,"enemies":"3 Darklings","floor":37.0,"turns":1.0},{"damage":0.0,"enemies":"Sphere and 2 Shapes","floor":41.0,"turns":7.0},{"damage":1.0,"enemies":"Transient","floor":48.0,"turns":6.0},{"damage":0.0,"enemies":"Donu and Deca","floor":50.0,"turns":11.0},{"damage":0.0,"enemies":"Awakened One","floor":51.0,"turns":10.0},{"damage":3,"enemies":"Shield and Spear","floor":55,"turns":10},{"damage":6,"enemies":"The Heart","floor":56,"turns":11}],"seed_played":"-8817608506834806731","potions_obtained":[{"floor":8.0,"key":"SteroidPotion"},{"floor":12.0,"key":"Fire Potion"},{"floor":14.0,"key":"SkillPotion"},{"floor":21.0,"key":"Swift Potion"},{"floor":22.0,"key":"DistilledChaos"},{"floor":25.0,"key":"ElixirPotion"},{"floor":28.0,"key":"SteroidPotion"},{"floor":33.0,"key":"PowerPotion"},{"floor":36.0,"key":"AttackPotion"}],"is_trial":true,"path_per_floor":["M","M","?","?","?","R","$","M","T","E","M","M","R","E","R","B",null,"M","M","?","M","M","E","?","E","T","?","?","?","R","M","R","B",null,"M","?","M","?","$","R","M","R","T","?","?","?","$","M","R","B","B",null,"R","$","E","B",null],"character_chosen":"IRONCLAD","items_purchased":["Disarm","FossilizedHelix","OrangePellets","CeramicFish","DistilledChaos","Strength Potion","Anchor","Shuriken","Wireheading+1","Twin Strike","Acrobatics","DuplicationPotion","Frozen Eye","Wallop","SpeedPotion"],"campfire_rested":0,"item_purchase_floors":[7,39,39,39,39,39,47,47,47,47,47,47,54,54,54],"current_hp_per_floor":[74,75,75,52,52,52,52,58,58,62,68,74,74,75,75,75,75,75,75,75,72,75,75,48,52,52,52,53,53,53,59,59,65,73,75,61,67,67,67,67,73,73,73,71,61,61,61,66,66,71,71,71,71,71,85,85],"gold":94,"neow_bonus":"","is_daily":false,"chose_seed":false,"campfire_upgraded":8,"win_rate":0.0,"timestamp":1609724078,"path_taken":["M","M","?","?","?","R","$","?","T","E","M","M","R","E","R","BOSS","M","M","?","M","M","E","?","E","T","?","?","?","R","M","R","BOSS","M","?","M","?","$","R","M","R","T","?","?","?","$","M","R","BOSS","BOSS","R","$","E","BOSS"],"items_purchased_type":["Card","Relic","Relic","Relic","Potion","Potion","Relic","Relic","Card","Card","Card","Potion","Relic","Card","Potion"],"build_version":"2020-12-22","purchased_purges":4,"victory":true,"max_hp_per_floor":[75,75,75,75,75,75,75,75,75,75,75,75,75,75,75,75,75,75,75,75,75,75,75,75,75,75,75,75,75,75,75,75,75,75,75,75,75,75,75,75,75,75,75,71,71,71,71,71,71,71,71,71,71,71,85,85],"relic_stats":{"OrangePellets":[9],"counters":[27,158],"Shuriken":[10],"CeramicFish":81,"Charon\u0027s Ashes":[287],"Juzu Bracelet":2,"Question Card":13,"Smiling Mask":175,"obtain_stats":[{"Ice Cream":9,"Potion Belt":14,"Calipers":36,"CeramicFish":39,"Mango":55,"Charon\u0027s Ashes":28,"Juzu Bracelet":25,"Frozen Egg 2":10,"Question Card":23,"Smiling Mask":43,"Burning Blood":0,"WarpedTongs":5,"SlaversCollar":34,"OrangePellets":39,"Frozen Eye":54,"Anchor":47,"Shuriken":47,"Philosopher\u0027s Stone":17,"FossilizedHelix":39,"Paper Frog":28},{"Ice Cream":3,"Potion Belt":7,"Calipers":20,"CeramicFish":21,"Mango":26,"Charon\u0027s Ashes":16,"Juzu Bracelet":14,"Frozen Egg 2":4,"Question Card":13,"Smiling Mask":22,"Burning Blood":0,"WarpedTongs":2,"SlaversCollar":18,"OrangePellets":21,"Frozen Eye":25,"Anchor":22,"Shuriken":22,"Philosopher\u0027s Stone":8,"FossilizedHelix":21,"Paper Frog":16},{"Ice Cream":8,"Potion Belt":24,"Calipers":102,"CeramicFish":103,"Mango":147,"Charon\u0027s Ashes":75,"Juzu Bracelet":64,"Frozen Egg 2":12,"Question Card":58,"Smiling Mask":110,"Burning Blood":0,"WarpedTongs":5,"SlaversCollar":92,"OrangePellets":103,"Frozen Eye":137,"Anchor":110,"Shuriken":110,"Philosopher\u0027s Stone":32,"FossilizedHelix":103,"Paper Frog":75}],"Burning Blood":122,"WarpedTongs":[146]},"card_choices":[{"not_picked":["Halt","Ball Lightning","Poisoned Stab"],"picked":"SKIP","floor":1.0},{"not_picked":["Clash","CrushJoints"],"picked":"Impervious","floor":2.0},{"not_picked":["Beam Cell","Noxious Fumes"],"picked":"Dark Embrace","floor":8.0},{"not_picked":["True Grit","Hemokinesis"],"picked":"ReachHeaven","floor":10.0},{"not_picked":["Loop+1","Thunderclap","Hemokinesis"],"picked":"SKIP","floor":11.0},{"not_picked":["Clothesline","InnerPeace"],"picked":"Outmaneuver","floor":12.0},{"not_picked":["Twin Strike","Vengeance","SignatureMove"],"picked":"SKIP","floor":14.0},{"not_picked":["Electrodynamics+1","Feed"],"picked":"Burst","floor":16.0},{"not_picked":["Melter","Expertise"],"picked":"Acrobatics+1","floor":18.0},{"not_picked":["Weave","ReachHeaven"],"picked":"DeceiveReality","floor":19.0},{"not_picked":["Slice+1","Compile Driver","Warcry"],"picked":"SKIP","floor":21.0},{"not_picked":["Backflip+1","Infinite Blades+1"],"picked":"BowlingBash","floor":22.0},{"not_picked":["Redo","Expertise","Rampage"],"picked":"SKIP","floor":23.0},{"not_picked":["Burning Pact","Glass Knife","Thunderclap"],"picked":"Leg Sweep","floor":25.0},{"not_picked":["Melter","Perseverance+1","Searing Blow","Dagger Throw"],"picked":"SKIP","floor":31.0},{"not_picked":["Immolate","Omniscience","MasterReality+1"],"picked":"Offering","floor":33.0},{"not_picked":["Storm+1","Iron Wave+1","Chill","Dagger Spray"],"picked":"SKIP","floor":35.0},{"not_picked":["Coolheaded","Backflip","Flying Knee"],"picked":"Reprogram+1","floor":37.0},{"not_picked":["Choke","Protect","Electrodynamics+1"],"picked":"Armaments+1","floor":41.0},{"not_picked":["Panacea","Discovery","Bandage Up"],"picked":"Dark Shackles","floor":45.0},{"not_picked":["Dramatic Entrance","Enlightenment","Bandage Up"],"picked":"Magnetism+1","floor":45.0},{"not_picked":["Body Slam","Cleave","True Grit+1"],"picked":"Deflect+1","floor":48.0},{"not_picked":["Halt+1","Leap","Distraction+1"],"picked":"ThirdEye","floor":55}],"player_experience":134136,"relics_obtained":[{"floor":9.0,"key":"Ice Cream"},{"floor":10.0,"key":"Frozen Egg 2"},{"floor":14.0,"key":"Potion Belt"},{"floor":23.0,"key":"Question Card"},{"floor":25.0,"key":"Juzu Bracelet"},{"floor":28.0,"key":"Charon\u0027s Ashes"},{"floor":28.0,"key":"Paper Frog"},{"floor":36.0,"key":"Calipers"},{"floor":43.0,"key":"Smiling Mask"},{"floor":55,"key":"Mango"}],"event_choices":[{"damage_healed":0.0,"max_hp_gain":0.0,"max_hp_loss":0.0,"gold_gain":0.0,"event_name":"The Cleric","player_choice":"Leave","floor":3.0,"gold_loss":0.0,"damage_taken":0.0},{"damage_healed":0.0,"max_hp_gain":0.0,"max_hp_loss":0.0,"gold_gain":0.0,"event_name":"Shining Light","player_choice":"Entered Light","floor":4.0,"gold_loss":0.0,"damage_taken":23.0,"cards_upgraded":["Uppercut","Sweeping Beam"]},{"damage_healed":0.0,"max_hp_gain":0.0,"max_hp_loss":0.0,"gold_gain":0.0,"event_name":"Accursed Blacksmith","player_choice":"Rummage","floor":5.0,"gold_loss":0.0,"damage_taken":0.0,"relics_obtained":["WarpedTongs"],"cards_obtained":["Pain"]},{"damage_healed":0.0,"max_hp_gain":0.0,"max_hp_loss":0.0,"gold_gain":50.0,"event_name":"Nest","player_choice":"Stole From Cult","floor":20.0,"gold_loss":0.0,"damage_taken":0.0},{"damage_healed":0.0,"max_hp_gain":0.0,"max_hp_loss":0.0,"gold_gain":270.0,"event_name":"Knowing Skull","player_choice":"GOLD GOLD GOLD ","floor":24.0,"potions_obtained":[],"gold_loss":0.0,"damage_taken":27.0,"cards_obtained":[]},{"cards_removed":["Slice"],"damage_healed":0.0,"max_hp_gain":0.0,"max_hp_loss":0.0,"gold_gain":0.0,"event_name":"Back to Basics","player_choice":"Elegance","floor":27.0,"gold_loss":0.0,"damage_taken":0.0},{"damage_healed":0.0,"max_hp_gain":0.0,"max_hp_loss":0.0,"gold_gain":0.0,"event_name":"Colosseum","player_choice":"Fight","floor":28.0,"gold_loss":0.0,"damage_taken":0.0},{"damage_healed":0.0,"max_hp_gain":0.0,"max_hp_loss":0.0,"gold_gain":0.0,"event_name":"Colosseum","player_choice":"Fought Nobs","floor":28.0,"gold_loss":0.0,"damage_taken":0.0},{"damage_healed":0.0,"max_hp_gain":0.0,"max_hp_loss":0.0,"gold_gain":0.0,"event_name":"The Library","player_choice":"Read","floor":29.0,"gold_loss":0.0,"damage_taken":0.0,"cards_obtained":["Terror"]},{"damage_healed":0.0,"max_hp_gain":0.0,"max_hp_loss":0.0,"gold_gain":0.0,"event_name":"Mysterious Sphere","player_choice":"Fight","floor":36.0,"gold_loss":0.0,"damage_taken":0.0},{"damage_healed":0.0,"max_hp_gain":0.0,"max_hp_loss":0.0,"gold_gain":999.0,"event_name":"MindBloom","player_choice":"Gold","floor":38.0,"gold_loss":0.0,"damage_taken":0.0,"cards_obtained":["Normality","Normality"]},{"damage_healed":0.0,"max_hp_gain":0.0,"max_hp_loss":4.0,"gold_gain":0.0,"event_name":"Winding Halls","player_choice":"Max HP","floor":44.0,"gold_loss":0.0,"damage_taken":0.0},{"damage_healed":0.0,"max_hp_gain":0.0,"max_hp_loss":0.0,"gold_gain":0.0,"event_name":"SensoryStone","player_choice":"Memory 3","floor":45.0,"gold_loss":0.0,"damage_taken":10.0},{"cards_removed":["ReachHeaven"],"damage_healed":0.0,"max_hp_gain":0.0,"max_hp_loss":0.0,"gold_gain":0.0,"event_name":"Falling","player_choice":"Removed Attack","floor":46.0,"gold_loss":0.0,"damage_taken":0.0}],"is_beta":false,"boss_relics":[{"not_picked":["Mark of Pain","Runic Cube"],"picked":"Philosopher\u0027s Stone"},{"not_picked":["Empty Cage","Sozu"],"picked":"SlaversCollar"}],"items_purged_floors":[7,39,47,54],"is_endless":false,"potions_floor_spawned":[8,12,14,21,22,25,28,33,35,36],"ascension_level":20}}