{"host":"rz01j32460kf2mtw","time":1609736172,"event":{"mods":["Arknights The Spire","BaseMod","Downfall","Koishi","Marisa????????","Minty Spire (QoL Compilation)","Prisma Mod","Quick Restart","Shade Mod","StSLib","The Alterego","The Cursed","The Disciple","The Dragon Tamer","The Jungle","The Marked","The Runesmith","The Servant 0.9.4"],"gold_per_floor":[99,99,99,199,18,35,35,35,64,77,93,93,28,55,68,68,68,68],"floor_reached":16,"playtime":1436,"items_purged":["Slimebound:Defend_Slimebound"],"score":108,"play_id":"4c744222-1089-4ef5-87ef-8d14d9a560d9","local_time":"20210103215612","is_ascension_mode":false,"campfire_choices":[{"data":"Slimebound:CorrosiveSpit","floor":1,"key":"SMITH"},{"data":"Slimebound:Split","floor":8,"key":"SMITH"}],"circlet_count":0,"master_deck":["Slimebound:Strike_Slimebound","Slimebound:Strike_Slimebound","Slimebound:Strike_Slimebound","Slimebound:Tackle","Slimebound:Defend_Slimebound","Slimebound:Defend_Slimebound","Slimebound:Defend_Slimebound","Slimebound:Split+1","Slimebound:CorrosiveSpit+1","Slimebound:SplitBruiser","Slimebound:Gluttony","Slimebound:ViciousTackle","expansioncontent:DonusPower","Slimebound:PressTheAttack","Slimebound:FinishingTackle","Slimebound:SlimeTap","Slimebound:LevelUp","Slimebound:SplitAcid","Slimebound:LeechingTouch","Slimebound:LeechingTouch","Slimebound:LeadByExample"],"relics":["Slimebound:AbsorbEndCombat","downfall:HeartsMalice","Gambling Chip","StrikeDummy","Slimebound:GreedOozeRelic","White Beast Statue"],"acts_visited":["Exordium"],"potions_floor_usage":[14,14,16],"damage_taken":[{"damage":0,"enemies":"Small Slimes","floor":2,"turns":1},{"damage":0,"enemies":"Jaw Worm","floor":3,"turns":1},{"damage":0,"enemies":"downfall:FleeingMerchant","floor":5,"turns":1},{"damage":4,"enemies":"2 Louse","floor":6,"turns":2},{"damage":49,"enemies":"3 Sentries","floor":9,"turns":6},{"damage":17,"enemies":"Exordium Thugs","floor":10,"turns":3},{"damage":14,"enemies":"Red Slaver","floor":11,"turns":4},{"damage":20,"enemies":"downfall:FleeingMerchant","floor":13,"turns":4},{"damage":31,"enemies":"Gremlin Nob","floor":14,"turns":3},{"damage":10,"enemies":"Blue Slaver","floor":15,"turns":2},{"damage":11,"enemies":"downfall:Silent","floor":16,"turns":1}],"seed_played":"-7346800261211694578","potions_obtained":[{"floor":9,"key":"SmokeBomb"},{"floor":10,"key":"Explosive Potion"},{"floor":14,"key":"SkillPotion"},{"floor":15,"key":"EssenceOfSteel"}],"is_trial":false,"path_per_floor":["R","M","M","?","$","M","T","R","E","M","M","?","$","E","M","B"],"character_chosen":"SLIMEBOUND","items_purchased":["expansioncontent:DonusPower","Slimebound:PressTheAttack","PowerPotion"],"campfire_rested":0,"item_purchase_floors":[5,5,13],"current_hp_per_floor":[60,60,60,60,60,60,60,60,27,26,26,26,28,9,5,0,0,0],"gold":68,"neow_bonus":"THREE_ENEMY_KILL","is_daily":false,"chose_seed":false,"campfire_upgraded":2,"win_rate":0.0,"timestamp":1609736172,"path_taken":["R","M","M","?","$","M","T","R","E","M","M","?","$","E","M","BOSS"],"items_purchased_type":["Card","Card","Potion"],"build_version":"2020-12-22","purchased_purges":1,"victory":false,"max_hp_per_floor":[60,60,60,60,60,60,60,60,60,60,60,60,60,60,60,60,60,60],"card_choices":[{"not_picked":["Slimebound:PressTheAttack","Slimebound:SamplingLick"],"picked":"Slimebound:SplitBruiser","floor":2},{"not_picked":["Slimebound:ItLooksTasty","Slimebound:GoopSpray"],"picked":"Slimebound:Gluttony","floor":3},{"not_picked":["Slimebound:SamplingLick","Slimebound:HauntingLick"],"picked":"Slimebound:ViciousTackle","floor":5},{"not_picked":["Slimebound:SplitBruiser","Slimebound:PressTheAttack"],"picked":"Slimebound:FinishingTackle","floor":6},{"not_picked":["Slimebound:SplitAcid","Slimebound:Replication"],"picked":"Slimebound:SlimeTap","floor":9},{"not_picked":["Slimebound:LeechEnergy","Slimebound:RollThrough"],"picked":"Slimebound:LevelUp","floor":10},{"not_picked":["Slimebound:LeechLife","Slimebound:RainOfGoop"],"picked":"Slimebound:SplitAcid","floor":11},{"not_picked":["Slimebound:ForwardTackle","Slimebound:FormOfPuddle"],"picked":"Slimebound:LeechingTouch","floor":13},{"not_picked":["Slimebound:LeechEnergy","Slimebound:AcidTongue"],"picked":"Slimebound:LeechingTouch","floor":14},{"not_picked":["Slimebound:GoopSpray","Slimebound:Prepare"],"picked":"Slimebound:LeadByExample","floor":15}],"player_experience":926508,"relics_obtained":[{"floor":7,"key":"Gambling Chip"},{"floor":9,"key":"StrikeDummy"},{"floor":14,"key":"White Beast Statue"}],"event_choices":[],"is_beta":false,"boss_relics":[],"items_purged_floors":[5],"is_endless":false,"potions_floor_spawned":[9,10,14,15],"killed_by":"downfall:Silent","ascension_level":0}}