{"host":"7sy3dyg71hje4mzx","time":1609752072,"event":{"mods":["BaseMod","Downfall","Minty Spire (QoL Compilation)","StSLib"],"gold_per_floor":[99,99,114,129,129,144,144,163,198,12,12,24,36,55,65,65,65,65],"floor_reached":16,"playtime":1062,"items_purged":[],"score":106,"play_id":"0b671d46-330d-4045-858b-01ddc387c08a","local_time":"20210104202112","is_ascension_mode":false,"campfire_choices":[{"floor":1,"key":"RECALL"}],"circlet_count":0,"master_deck":["Guardian:Strike_Guardian","Guardian:Strike_Guardian","Guardian:Strike_Guardian","Guardian:Defend_Guardian","Guardian:Defend_Guardian","Guardian:Defend_Guardian","Guardian:Defend_Guardian","Guardian:CurlUp","Guardian:TwinSlam","Guardian:PiercingHide","Guardian:RevengeProtocol","Guardian:TimeCapacitor","Guardian:SpikerProtocol","Guardian:Planning","Guardian:BronzeOrb","Guardian:Reroute","Guardian:TimeSifter","Guardian:Gem_Purple","Guardian:SpikerProtocol"],"relics":["Guardian:ModeShifter","PreservedInsect","Darkstone Periapt","Membership Card"],"acts_visited":["Exordium"],"potions_floor_usage":[16,16,16],"damage_taken":[{"damage":0,"enemies":"Small Slimes","floor":3,"turns":4},{"damage":1,"enemies":"Cultist","floor":4,"turns":4},{"damage":4,"enemies":"2 Louse","floor":6,"turns":2},{"damage":2,"enemies":"Exordium Thugs","floor":8,"turns":4},{"damage":25,"enemies":"Lagavulin","floor":9,"turns":13},{"damage":0,"enemies":"downfall:FleeingMerchant","floor":10,"turns":4},{"damage":0,"enemies":"Blue Slaver","floor":12,"turns":5},{"damage":9,"enemies":"Large Slime","floor":13,"turns":6},{"damage":14,"enemies":"Exordium Thugs","floor":14,"turns":4},{"damage":5,"enemies":"2 Fungi Beasts","floor":15,"turns":4},{"damage":58,"enemies":"downfall:Ironclad","floor":16,"turns":9}],"seed_played":"6837963853936824994","potions_obtained":[{"floor":8,"key":"DuplicationPotion"},{"floor":9,"key":"SneckoOil"},{"floor":14,"key":"sneckomod:MuddlingPotion"}],"is_trial":false,"path_per_floor":["R","?","M","M","?","M","T","M","E","$","?","M","M","M","M","B"],"character_chosen":"GUARDIAN","items_purchased":["Membership Card","Guardian:BronzeOrb"],"campfire_rested":0,"item_purchase_floors":[10,10],"current_hp_per_floor":[88,88,88,87,88,84,84,82,57,57,57,57,48,34,29,0,0,0],"gold":65,"neow_bonus":"TEN_PERCENT_HP_BONUS","is_daily":false,"chose_seed":false,"campfire_upgraded":0,"win_rate":0.0,"timestamp":1609752072,"path_taken":["R","?","?","M","?","M","T","M","E","?","?","M","M","M","M","BOSS"],"items_purchased_type":["Relic","Card"],"build_version":"2020-12-22","purchased_purges":0,"victory":false,"max_hp_per_floor":[88,88,88,88,88,88,88,88,88,88,88,88,88,88,88,88,88,88],"card_choices":[{"not_picked":["Guardian:Gem_Green","Guardian:Recover"],"picked":"Guardian:Gem_Cyan","floor":3},{"not_picked":["Guardian:Incinerate","Guardian:ShieldCharger"],"picked":"Guardian:PiercingHide","floor":4},{"not_picked":["Guardian:PolyBeam","Guardian:MultiBeam"],"picked":"Guardian:RevengeProtocol","floor":6},{"not_picked":["Guardian:RollAttack","Guardian:PrismaticBeam"],"picked":"Guardian:TimeCapacitor","floor":8},{"not_picked":["Guardian:Gem_Blue","Guardian:PrimingBeam"],"picked":"Guardian:SpikerProtocol","floor":9},{"not_picked":["Guardian:ChargeCore","Guardian:TemporalStrike"],"picked":"Guardian:Planning","floor":10},{"not_picked":["Guardian:PiercingHide","Guardian:VentSteam"],"picked":"Guardian:Reroute","floor":12},{"not_picked":["Guardian:Gem_Crimson","Guardian:Incinerate"],"picked":"Guardian:TimeSifter","floor":13},{"not_picked":["Guardian:VentSteam","Guardian:PrimingBeam"],"picked":"Guardian:Gem_Purple","floor":14},{"not_picked":["Guardian:ArmoredProtocol","Guardian:TemporalShield"],"picked":"Guardian:SpikerProtocol","floor":15}],"player_experience":151169,"relics_obtained":[{"floor":7,"key":"PreservedInsect"},{"floor":9,"key":"Darkstone Periapt"}],"event_choices":[{"damage_healed":1,"gold_gain":0,"player_choice":"Full Heal","damage_taken":0,"max_hp_gain":0,"max_hp_loss":0,"event_name":"Wheel of Change","floor":5,"gold_loss":0}],"is_beta":false,"boss_relics":[],"items_purged_floors":[],"is_endless":false,"potions_floor_spawned":[8,9,14,15],"killed_by":"downfall:Ironclad","ascension_level":0}}