{"host":"7t8rqoeeopyy0nh0","time":1609720951,"event":{"mods":["AchievementEnabler","BaseMod","Better Third Choice","BetterRewards","Colored Map","Colored Powertips","Conspire","Downfall","Hubris","Infinite Spire","Minty Spire (QoL Compilation)","Permanent Neow","Quick Restart","Rare Cards Sparkle","Replay The Spire","StSLib","The Jungle","The Servant 0.9.4"],"gold_per_floor":[112,33,48,48,48,83,100,100,168,181,197,211,311,311,311,341,341,442,442,397,283,283,283,36,36,36,36,36,36,36,36,36,36,36,36,36,36,36,36,36,36,36,36,36,36,36,36,36,36,36,36,36,36,36,36,36,36,36],"floor_reached":57,"playtime":6825,"items_purged":["Defend_S","Defend_S"],"score":1035,"play_id":"442171fb-a0f5-4607-b21b-52a079df7175","local_time":"20210103194231","is_ascension_mode":true,"campfire_choices":[{"data":"SoulSculpture","floor":8.0,"key":"SMITH"},{"floor":17.0,"key":"REST"},{"data":"SoulSculpture","floor":26.0,"key":"SMITH"},{"data":"SilverBlades","floor":34.0,"key":"SMITH"},{"data":"Offering","floor":46,"key":"SMITH"},{"floor":51,"key":"RECALL"},{"data":"Embodiment","floor":54,"key":"SMITH"}],"circlet_count":0,"master_deck":["Strike_S","Strike_S","Defend_S+1","Defend_S","KidneyShot","Exchange+1","Defy","Barrier","Spin","SoulSculpture+1","FanOfKnives","Offering+1","Dilation","Rearm","Manipulate","Moonlight","Defy","FlawlessForm","Luminosity","SoulSculpture+1","Moonlight+1","Collapse+1","SilverBlades+1","SpecialFormula+1","SoulSculpture+1","Ricochet+1","Embodiment+1"],"relics":["Uniform","Dead Branch","FossilizedHelix","Ectoplasm","Chemical X","infinitespire:Beetle Shell","Bottled Lightning","Pear","infinitespire:FocusingShard","hubris:TenFootPole","DollysMirror","ReplayTheSpireMod:DimensionalGlitch","infinitespire:WardingShard","Dream Catcher","Prayer Wheel","conspire:GiftBox","War Paint"],"acts_visited":["Exordium","TheCity","TheBeyond","TheEnding"],"potions_floor_usage":[41,49,57,57,57],"damage_taken":[{"damage":0.0,"enemies":"Cultist","floor":1.0,"turns":6.0},{"damage":2.0,"enemies":"Small Slimes","floor":3.0,"turns":4.0},{"damage":8.0,"enemies":"3 Sentries","floor":6.0,"turns":8.0},{"damage":0.0,"enemies":"Jaw Worm","floor":7.0,"turns":1.0},{"damage":7.0,"enemies":"Exordium Thugs","floor":10.0,"turns":3.0},{"damage":0.0,"enemies":"3 Louse","floor":11.0,"turns":3.0},{"damage":0.0,"enemies":"Gremlin Gang","floor":12.0,"turns":2.0},{"damage":4.0,"enemies":"Gremlin Nob","floor":16.0,"turns":3.0},{"damage":0.0,"enemies":"The Guardian","floor":18.0,"turns":17.0},{"damage":0.0,"enemies":"2 Thieves","floor":20.0,"turns":3.0},{"damage":0.0,"enemies":"conspire:FuzzyDice","floor":22.0,"turns":4.0},{"damage":0.0,"enemies":"conspire:SneckoGhost","floor":25.0,"turns":5.0},{"damage":0.0,"enemies":"Gremlin Leader","floor":27.0,"turns":7.0},{"damage":0.0,"enemies":"Replay:Snechameleon","floor":29.0,"turns":4.0},{"damage":0.0,"enemies":"Chosen and Byrds","floor":30.0,"turns":5.0},{"damage":0.0,"enemies":"Book of Stabbing","floor":31.0,"turns":5.0},{"damage":4.0,"enemies":"3 Cultists","floor":32.0,"turns":4.0},{"damage":5.0,"enemies":"Collector","floor":35.0,"turns":6.0},{"damage":0,"enemies":"Orb Walker","floor":37,"turns":2},{"damage":0,"enemies":"3 Shapes","floor":38,"turns":3},{"damage":1,"enemies":"Maw","floor":39,"turns":4},{"damage":0,"enemies":"3 Darklings","floor":41,"turns":1},{"damage":2,"enemies":"Reptomancer","floor":42,"turns":5},{"damage":4,"enemies":"Jaw Worm Horde","floor":43,"turns":3},{"damage":0,"enemies":"Giant Head","floor":44,"turns":7},{"damage":0,"enemies":"Spire Growth","floor":47,"turns":4},{"damage":3,"enemies":"R_Hoarder","floor":48,"turns":8},{"damage":0,"enemies":"3 Darklings","floor":49,"turns":3},{"damage":0,"enemies":"Writhing Mass","floor":50,"turns":6},{"damage":5,"enemies":"Donu and Deca","floor":52,"turns":8},{"damage":36,"enemies":"Shield and Spear","floor":56,"turns":5},{"damage":45,"enemies":"The Heart","floor":57,"turns":5}],"seed_played":"3376737097394284088","potions_obtained":[{"floor":10.0,"key":"Milkshake"},{"floor":11.0,"key":"Energy Potion"},{"floor":18.0,"key":"Block Potion"},{"floor":22.0,"key":"Ancient Potion"},{"floor":27.0,"key":"Explosive Potion"},{"floor":29.0,"key":"Guardian:BlockOnCardUsePotion"},{"floor":35.0,"key":"Explosive Potion"},{"floor":37,"key":"SteroidPotion"},{"floor":41,"key":"Toxic Potion"},{"floor":49,"key":"Fruit Juice"},{"floor":50,"key":"SkillPotion"},{"floor":56,"key":"CultistPotion"}],"is_trial":false,"path_per_floor":["M","$","M","?","?","E","M","R","T","M","M","M","?","PTL","PTL","E","R","B",null,"M","$","M","?","$","E","R","E","T","E","M","E","M","AVR","R","B",null,"M","M","M","?","M","E","M","E","T","R","M","E","M","M","R_BF","B",null,"R","$","E","B"],"character_chosen":"THE_SERVANT","items_purchased":["SoulSculpture","Luminosity","Chemical X"],"campfire_rested":1,"item_purchase_floors":[2,21,24],"current_hp_per_floor":[47,47,45,36,36,28,28,28,28,21,21,21,21,21,21,17,36,36,65,65,65,65,65,65,65,65,65,75,75,75,75,71,71,71,70,75,75,75,74,71,71,71,67,71,71,71,71,68,76,76,76,71,76,76,76,40,0,0],"gold":36,"neow_bonus":"TRANSFORM_TWO_CARDS","is_daily":false,"chose_seed":false,"campfire_upgraded":5,"win_rate":0.0,"timestamp":1609720951,"path_taken":["M","$","?","?","?","E","M","R","T","M","M","?","?","PTL","PTL","E","R","BOSS","M","$","M","?","$","E","R","E","T","E","M","E","M","AVR","R","BOSS","M","M","?","?","M","E","M","E","T","R","M","E","M","M","R_BF","BOSS","R","$","E","BOSS"],"items_purchased_type":["Card","Card","Relic"],"build_version":"2020-12-22","purchased_purges":2,"victory":false,"max_hp_per_floor":[65,65,65,65,65,65,65,65,65,65,65,65,65,65,65,65,65,65,65,65,65,65,65,65,65,65,65,75,75,75,75,75,75,75,75,75,75,75,75,71,71,71,71,71,71,71,71,71,76,76,76,76,76,76,76,76,76,76],"card_choices":[{"not_picked":["Defy","RealityMarble"],"picked":"Spin","floor":1.0},{"not_picked":["FastForward","Contraction"],"picked":"FanOfKnives","floor":3.0},{"not_picked":["Read","Rewind","Misdirection"],"picked":"SKIP","floor":6.0},{"not_picked":["BottledTime","DoubleEdge"],"picked":"Rearm","floor":7.0},{"not_picked":["DualDimension","Spin"],"picked":"Manipulate","floor":10.0},{"not_picked":["Ricochet","Misdirection","TimeWarp"],"picked":"SKIP","floor":11.0},{"not_picked":["Revamp","Alleviate"],"picked":"Moonlight","floor":12.0},{"not_picked":["Dilation","TimeWarp"],"picked":"Defy","floor":16.0},{"not_picked":["MurderousAura","KillingDoll"],"picked":"FlawlessForm","floor":18.0},{"not_picked":["BottledTime","Rewind+1","Defy"],"picked":"SKIP","floor":20.0},{"not_picked":["BottledTime","Unruled+1"],"picked":"SoulSculpture","floor":22.0},{"not_picked":["Rearm","Defy","Potential"],"picked":"SKIP","floor":25.0},{"not_picked":["Rearm","BottledTime+1"],"picked":"Moonlight+1","floor":27.0},{"not_picked":["Revamp","Defy"],"picked":"Collapse+1","floor":29.0},{"not_picked":["Potential","Hightail","Defy+1"],"picked":"SKIP","floor":30.0},{"not_picked":["Defy","Initiator"],"picked":"SilverBlades","floor":31.0},{"not_picked":["Alleviate+1","ReturningBlade"],"picked":"SpecialFormula+1","floor":32.0},{"not_picked":["Shuttle","Alleviate"],"picked":"Ricochet+1","floor":37},{"not_picked":["Spin+1","Starlight+1","TimeWarp+1"],"picked":"SKIP","floor":38},{"not_picked":["Ricochet+1","Starlight+1","Replace+1"],"picked":"SKIP","floor":39},{"not_picked":["Unruled","Replace","Revamp"],"picked":"SKIP","floor":41},{"not_picked":["WasteNot","ReturningBlade+1","FanOfKnives"],"picked":"SKIP","floor":42},{"not_picked":["Alleviate","StarChef+1","MoonPhase+1"],"picked":"SKIP","floor":43},{"not_picked":["TimeWarp","Unruled+1","PendulumOfEternity"],"picked":"SKIP","floor":44},{"not_picked":["Advance","Revamp","Spin+1"],"picked":"SKIP","floor":47},{"not_picked":["DoubleEdge","Rearm+1","DualDimension+1"],"picked":"SKIP","floor":47},{"not_picked":["Deny","ForgedInTime"],"picked":"Embodiment","floor":48},{"not_picked":["Sabotage+1","TimeWarp","Defy+1"],"picked":"SKIP","floor":48},{"not_picked":["Duplication","Replace","Spin+1"],"picked":"SKIP","floor":49},{"not_picked":["Advance+1","ShatteredReality","Comet+1"],"picked":"SKIP","floor":49},{"not_picked":["Starlight+1","StarChef","MoonPhase"],"picked":"SKIP","floor":50},{"not_picked":["Replace+1","Rearm+1","TheWorld"],"picked":"SKIP","floor":50},{"not_picked":["Starlight+1","Rewind+1","ShiftingGears"],"picked":"SKIP","floor":56}],"player_experience":379238,"relics_obtained":[{"floor":6.0,"key":"FossilizedHelix"},{"floor":25.0,"key":"infinitespire:Beetle Shell"},{"floor":27.0,"key":"Bottled Lightning"},{"floor":28.0,"key":"Pear"},{"floor":29.0,"key":"infinitespire:FocusingShard"},{"floor":31.0,"key":"hubris:TenFootPole"},{"floor":42,"key":"infinitespire:WardingShard"},{"floor":44,"key":"Dream Catcher"},{"floor":45,"key":"Prayer Wheel"},{"floor":48,"key":"conspire:GiftBox"},{"floor":56,"key":"War Paint"}],"event_choices":[{"damage_healed":0.0,"max_hp_gain":0.0,"max_hp_loss":0.0,"gold_gain":0.0,"event_name":"Match and Keep!","player_choice":"1 cards matched","floor":5.0,"gold_loss":0.0,"damage_taken":0.0,"cards_obtained":["Dilation"]},{"damage_healed":0.0,"max_hp_gain":0.0,"max_hp_loss":0.0,"gold_gain":100.0,"event_name":"Wheel of Change","player_choice":"Gold","floor":13.0,"gold_loss":0.0,"damage_taken":0.0},{"damage_healed":0.0,"max_hp_gain":0.0,"max_hp_loss":0.0,"gold_gain":0.0,"event_name":"Golden Shrine","player_choice":"Ignored","floor":23.0,"gold_loss":0.0,"damage_taken":0.0},{"damage_healed":0,"gold_gain":0,"player_choice":"Max HP","damage_taken":0,"max_hp_gain":0,"max_hp_loss":4,"event_name":"Winding Halls","floor":40,"gold_loss":0}],"is_beta":false,"boss_relics":[{"not_picked":["Astrolabe","infinitespire:Cupcake"],"picked":"Ectoplasm"},{"not_picked":["ReplayTheSpireMod:SealedPack","hubris:Backtick"],"picked":"ReplayTheSpireMod:DimensionalGlitch"}],"items_purged_floors":[21,24],"is_endless":false,"potions_floor_spawned":[10,11,18,22,27,29,31,35,37,38,39,41,49,50,56],"killed_by":"The Heart","ascension_level":1}}