{"host":"uonldg9uriwfhjjx","time":1609731543,"event":{"mods":["AchievementEnabler","BaseMod","Minty Spire (QoL Compilation)","Relic Stats"],"gold_per_floor":[109,126,143,143,218,246,91,61,61,73,73,38,38,38,38,111,111,125,125,125,125,42,42,73,88,141,153,153,153,153,153],"floor_reached":30,"playtime":832,"items_purged":["Defend_G"],"score":439,"play_id":"c83d23f6-fe21-4875-bc60-703065e64335","local_time":"20210103223903","is_ascension_mode":true,"campfire_choices":[{"floor":11,"key":"REST"},{"data":"Cloak And Dagger","floor":13,"key":"SMITH"},{"data":"Accuracy","floor":15,"key":"SMITH"},{"data":"Well Laid Plans","floor":23,"key":"SMITH"},{"data":"Cloak And Dagger","floor":29,"key":"SMITH"}],"circlet_count":0,"master_deck":["AscendersBane","Strike_G","Strike_G","Strike_G","Strike_G","Strike_G","Defend_G","Defend_G","Survivor","Neutralize","Footwork","Well Laid Plans+1","Backflip","Cloak And Dagger+1","Accuracy+1","Backstab","Sucker Punch","Phantasmal Killer","Reflex","Leg Sweep","Cloak And Dagger","Cloak And Dagger+1","Tactician"],"relics":["Ring of the Snake","NeowsBlessing","Sundial","Bag of Marbles","SacredBark","Ninja Scroll","Snake Skull"],"acts_visited":["Exordium","TheCity"],"potions_floor_usage":[24,25],"damage_taken":[{"damage":0.0,"enemies":"Cultist","floor":1.0,"turns":1.0},{"damage":0.0,"enemies":"Jaw Worm","floor":2.0,"turns":1.0},{"damage":0.0,"enemies":"Small Slimes","floor":3.0,"turns":1.0},{"damage":36.0,"enemies":"Lagavulin","floor":6.0,"turns":14.0},{"damage":0.0,"enemies":"Looter","floor":8.0,"turns":4.0},{"damage":0,"enemies":"Blue Slaver","floor":10,"turns":5},{"damage":15,"enemies":"The Guardian","floor":16,"turns":14},{"damage":5,"enemies":"Shell Parasite","floor":18,"turns":5},{"damage":13,"enemies":"Book of Stabbing","floor":24,"turns":4},{"damage":0,"enemies":"Spheric Guardian","floor":25,"turns":3},{"damage":17,"enemies":"Snake Plant","floor":27,"turns":5},{"damage":21,"enemies":"Slavers","floor":30,"turns":1}],"seed_played":"393918479803382719","potions_obtained":[{"floor":1.0,"key":"DuplicationPotion"},{"floor":16,"key":"CunningPotion"},{"floor":18,"key":"SteroidPotion"}],"is_trial":false,"path_per_floor":["M","M","M","?","?","E","$","M","T","M","R","?","R","$","R","B",null,"M","$","?","?","$","R","E","M","T","M","?","R","E"],"character_chosen":"THE_SILENT","items_purchased":["Accuracy","Leg Sweep"],"campfire_rested":1,"item_purchase_floors":[7,22],"current_hp_per_floor":[59,59,59,52,41,5,5,5,5,5,24,40,40,40,40,25,56,51,51,51,51,51,51,38,38,38,21,21,21,0,0],"gold":153,"neow_bonus":"THREE_ENEMY_KILL","is_daily":false,"chose_seed":false,"campfire_upgraded":4,"win_rate":0.0,"timestamp":1609731543,"path_taken":["M","M","?","?","?","E","$","M","T","M","R","?","R","?","R","BOSS","M","$","?","?","?","R","E","?","T","M","?","R","E"],"items_purchased_type":["Card","Card"],"build_version":"2020-12-22","purchased_purges":1,"victory":false,"max_hp_per_floor":[66,66,66,66,66,66,66,66,66,66,66,66,66,66,66,66,66,66,66,66,66,66,66,66,66,66,66,66,66,66,66],"relic_stats":{"counters":[12,58],"Sundial":[6],"Snake Skull":[0],"obtain_stats":[{"NeowsBlessing":0,"Sundial":6,"Ninja Scroll":24,"SacredBark":17,"Snake Skull":26,"Bag of Marbles":9,"Ring of the Snake":0},{"NeowsBlessing":0,"Sundial":4,"Ninja Scroll":9,"SacredBark":7,"Snake Skull":10,"Bag of Marbles":5,"Ring of the Snake":0},{"NeowsBlessing":0,"Sundial":17,"Ninja Scroll":49,"SacredBark":40,"Snake Skull":52,"Bag of Marbles":21,"Ring of the Snake":0}],"Ring of the Snake":[24]},"card_choices":[{"not_picked":["PiercingWail","Terror"],"picked":"Footwork","floor":1.0},{"not_picked":["Acrobatics","Dash"],"picked":"Well Laid Plans","floor":2.0},{"not_picked":["Flechettes","Bane"],"picked":"Backflip","floor":3.0},{"not_picked":["Eviscerate","Deflect"],"picked":"Cloak And Dagger","floor":6.0},{"not_picked":["Bane","Heel Hook"],"picked":"Backstab","floor":8.0},{"not_picked":["Dagger Spray","Bouncing Flask"],"picked":"Sucker Punch","floor":10},{"not_picked":["Night Terror","Tools of the Trade"],"picked":"Phantasmal Killer","floor":16},{"not_picked":["Skewer","Bane"],"picked":"Reflex","floor":18},{"not_picked":["Accuracy","Escape Plan"],"picked":"Cloak And Dagger","floor":24},{"not_picked":["Distraction","Slice"],"picked":"Cloak And Dagger","floor":25},{"not_picked":["Flying Knee","Prepared"],"picked":"Tactician","floor":27}],"player_experience":734044,"relics_obtained":[{"floor":6.0,"key":"Sundial"},{"floor":9.0,"key":"Bag of Marbles"},{"floor":24,"key":"Ninja Scroll"},{"floor":26,"key":"Snake Skull"}],"event_choices":[{"cards_removed":["Defend_G"],"damage_healed":0.0,"max_hp_gain":0.0,"max_hp_loss":0.0,"gold_gain":0.0,"event_name":"Golden Wing","player_choice":"Card Removal","floor":4.0,"gold_loss":0.0,"damage_taken":7.0},{"damage_healed":0.0,"max_hp_gain":0.0,"max_hp_loss":0.0,"gold_gain":75.0,"event_name":"World of Goop","player_choice":"Gather Gold","floor":5.0,"gold_loss":0.0,"damage_taken":11.0},{"damage_healed":16,"gold_gain":0,"player_choice":"Healed","damage_taken":0,"max_hp_gain":0,"max_hp_loss":0,"event_name":"The Cleric","floor":12,"gold_loss":35},{"damage_healed":0,"gold_gain":0,"player_choice":"Ignored","damage_taken":0,"max_hp_gain":0,"max_hp_loss":0,"event_name":"Vampires","floor":20,"gold_loss":0},{"damage_healed":0,"gold_gain":0,"player_choice":"Ignored","damage_taken":0,"max_hp_gain":0,"max_hp_loss":0,"event_name":"Ghosts","floor":21,"gold_loss":0},{"cards_removed":["Defend_G"],"damage_healed":0,"gold_gain":0,"player_choice":"Elegance","damage_taken":0,"max_hp_gain":0,"max_hp_loss":0,"event_name":"Back to Basics","floor":28,"gold_loss":0}],"is_beta":false,"boss_relics":[{"not_picked":["Cursed Key","Snecko Eye"],"picked":"SacredBark"}],"items_purged_floors":[7],"is_endless":false,"potions_floor_spawned":[1,16,18],"killed_by":"Slavers","ascension_level":16}}