{"host":"0v07cr0k93jhgkpm","time":1609751305,"event":{"mods":["BaseMod","Colored Map","DeckTracker","Minty Spire (QoL Compilation)","Quick Restart","SuperFastMode"],"gold_per_floor":[111,128,53,63,79,79,79,79,79,109,122,122,157,170,170,241,241,254,69,85,95,20,45,45,78,128,128,144,44,63,81,81,81,81],"floor_reached":33,"playtime":1593,"items_purged":["Defend_P","Strike_P"],"score":648,"play_id":"95ea0415-7afa-4d9b-a2c0-10d2ec9b1f94","local_time":"20210104180825","is_ascension_mode":true,"campfire_choices":[{"data":"Adaptation","floor":6.0,"key":"SMITH"},{"data":"CrushJoints","floor":12.0,"key":"SMITH"},{"floor":15.0,"key":"REST"},{"floor":24.0,"key":"REST"},{"floor":27.0,"key":"REST"},{"floor":32.0,"key":"REST"}],"circlet_count":0,"master_deck":["AscendersBane","Strike_P","Defend_P+1","Defend_P+1","Eruption+1","Vigilance","CrushJoints+1","Wallop","Adaptation+1","Ragnarok+1","EmptyMind","TalkToTheHand","EmptyBody","DeusExMachina","Adaptation","Protect","WaveOfTheHand+1","EmptyFist","FlurryOfBlows","Halt"],"relics":["PureWater","Question Card","Singing Bowl","War Paint","Busted Crown","CloakClasp","Bottled Flame","Akabeko"],"acts_visited":["Exordium","TheCity"],"potions_floor_usage":[33],"damage_taken":[{"damage":14.0,"enemies":"Jaw Worm","floor":1.0,"turns":2.0},{"damage":4.0,"enemies":"Small Slimes","floor":2.0,"turns":4.0},{"damage":0.0,"enemies":"Cultist","floor":4.0,"turns":2.0},{"damage":5.0,"enemies":"Blue Slaver","floor":5.0,"turns":3.0},{"damage":0.0,"enemies":"Gremlin Nob","floor":10.0,"turns":2.0},{"damage":5.0,"enemies":"Exordium Thugs","floor":11.0,"turns":4.0},{"damage":42.0,"enemies":"3 Sentries","floor":13.0,"turns":9.0},{"damage":2.0,"enemies":"2 Fungi Beasts","floor":14.0,"turns":3.0},{"damage":12.0,"enemies":"Hexaghost","floor":16.0,"turns":8.0},{"damage":0.0,"enemies":"Shell Parasite","floor":18.0,"turns":2.0},{"damage":17.0,"enemies":"3 Byrds","floor":20.0,"turns":5.0},{"damage":0.0,"enemies":"Centurion and Healer","floor":21.0,"turns":4.0},{"damage":18.0,"enemies":"Gremlin Leader","floor":23.0,"turns":4.0},{"damage":36.0,"enemies":"Book of Stabbing","floor":25.0,"turns":4.0},{"damage":0.0,"enemies":"Sentry and Sphere","floor":28.0,"turns":4.0},{"damage":22.0,"enemies":"Chosen and Byrds","floor":30.0,"turns":7.0},{"damage":0.0,"enemies":"Centurion and Healer","floor":31.0,"turns":5.0},{"damage":54,"enemies":"Automaton","floor":33,"turns":10}],"seed_played":"-343429861085760939","potions_obtained":[{"floor":1.0,"key":"GamblersBrew"},{"floor":10.0,"key":"Fruit Juice"},{"floor":11.0,"key":"Regen Potion"},{"floor":14.0,"key":"SpeedPotion"},{"floor":21.0,"key":"AttackPotion"},{"floor":25.0,"key":"SpeedPotion"},{"floor":30.0,"key":"Swift Potion"}],"is_trial":false,"path_per_floor":["M","M","?","M","M","R","?","?","T","E","M","R","E","M","R","B",null,"M","$","M","M","?","E","R","E","T","R","M","$","M","M","R","B"],"character_chosen":"WATCHER","items_purchased":["Adaptation","Protect"],"campfire_rested":4,"item_purchase_floors":[19,19],"current_hp_per_floor":[47,43,43,43,38,38,31,31,31,36,31,31,4,4,26,14,60,62,62,47,47,47,29,52,18,18,42,44,44,22,22,46,0,0],"gold":81,"neow_bonus":"UPGRADE_CARD","is_daily":false,"chose_seed":false,"campfire_upgraded":2,"win_rate":0.0,"timestamp":1609751305,"path_taken":["M","M","?","M","M","R","?","?","T","E","M","R","E","M","R","BOSS","M","$","?","M","?","E","R","E","T","R","M","?","?","M","R","BOSS"],"items_purchased_type":["Card","Card"],"build_version":"2020-12-22","purchased_purges":2,"victory":false,"max_hp_per_floor":[68,68,68,68,68,68,68,68,68,73,73,73,73,75,75,75,75,77,77,79,79,79,79,79,81,81,81,83,83,83,83,83,83,83],"card_choices":[{"not_picked":["Pray","JustLucky"],"picked":"CrushJoints","floor":1.0},{"not_picked":["LikeWater","SashWhip"],"picked":"Wallop","floor":2.0},{"not_picked":["CutThroughFate","Consecrate"],"picked":"Adaptation","floor":4.0},{"not_picked":["Collect","CrushJoints"],"picked":"Ragnarok","floor":5.0},{"not_picked":["PathToVictory","Collect","Adaptation"],"picked":"EmptyMind","floor":10.0},{"not_picked":["FollowUp","EmptyFist","CrushJoints"],"picked":"TalkToTheHand","floor":11.0},{"not_picked":["SignatureMove","CutThroughFate","ForeignInfluence"],"picked":"EmptyBody","floor":13.0},{"not_picked":["DeceiveReality","Worship","SandsOfTime","BattleHymn"],"picked":"Singing Bowl","floor":14.0},{"not_picked":["Wish","Scrawl","ConjureBlade"],"picked":"DeusExMachina","floor":16.0},{"not_picked":["LikeWater","CutThroughFate"],"picked":"Singing Bowl","floor":18.0},{"not_picked":["CutThroughFate+1","ThirdEye"],"picked":"Singing Bowl","floor":20.0},{"not_picked":["CutThroughFate"],"picked":"WaveOfTheHand+1","floor":21.0},{"not_picked":["DeceiveReality+1"],"picked":"EmptyFist","floor":23.0},{"not_picked":["MasterReality","PathToVictory"],"picked":"Singing Bowl","floor":25.0},{"not_picked":["Wireheading","CrushJoints"],"picked":"Singing Bowl","floor":28.0},{"not_picked":["CrushJoints"],"picked":"FlurryOfBlows","floor":30.0},{"not_picked":["Prostrate"],"picked":"Halt","floor":31.0}],"player_experience":2471848,"relics_obtained":[{"floor":9.0,"key":"Question Card"},{"floor":10.0,"key":"Singing Bowl"},{"floor":13.0,"key":"War Paint"},{"floor":23.0,"key":"CloakClasp"},{"floor":25.0,"key":"Bottled Flame"},{"floor":26.0,"key":"Akabeko"}],"event_choices":[{"cards_removed":["Defend_P"],"damage_healed":0.0,"max_hp_gain":0.0,"max_hp_loss":0.0,"gold_gain":0.0,"event_name":"The Cleric","player_choice":"Card Removal","floor":3.0,"gold_loss":75.0,"damage_taken":0.0},{"cards_removed":["Strike_P"],"damage_healed":0.0,"max_hp_gain":0.0,"max_hp_loss":0.0,"gold_gain":0.0,"event_name":"Golden Wing","player_choice":"Card Removal","floor":7.0,"gold_loss":0.0,"damage_taken":7.0},{"damage_healed":0.0,"max_hp_gain":0.0,"max_hp_loss":0.0,"gold_gain":0.0,"event_name":"Accursed Blacksmith","player_choice":"Forge","floor":8.0,"gold_loss":0.0,"damage_taken":0.0,"cards_upgraded":["Ragnarok"]},{"cards_removed":["Strike_P"],"damage_healed":0.0,"max_hp_gain":0.0,"max_hp_loss":0.0,"gold_gain":0.0,"event_name":"Designer","player_choice":"Single Remove","floor":22.0,"gold_loss":75.0,"damage_taken":0.0}],"is_beta":false,"boss_relics":[{"not_picked":["HolyWater","Coffee Dripper"],"picked":"Busted Crown"}],"items_purged_floors":[19,29],"is_endless":false,"potions_floor_spawned":[1,10,11,14,21,25,30],"killed_by":"Automaton","ascension_level":20}}