{"host":"xes75gx807s8gyhc","time":1609802816,"event":{"mods":["AchievementEnabler","BaseMod","Colored Powertips","Curses Come First","Minty Spire (QoL Compilation)","Rare Cards Sparkle","Relic Stats","StSLib","Unceasing Turn Reminder","everything is the same but u backflip on backflip"],"gold_per_floor":[115,190,42,42,61,61,92,92,92,112,135,85,104,118,118,243,243,261,261,246,6,6,44,44,64,91,91,91,129,148,73,73,197,197,211,211,225,246,271,271,309,309,309,324,338,356,391,391,391,391],"floor_reached":51,"playtime":2465,"items_purged":["Go for the Eyes"],"score":774,"play_id":"b198125d-aade-422b-893b-90c74db1748d","local_time":"20210104152656","is_ascension_mode":false,"campfire_choices":[{"data":"Bash","floor":6.0,"key":"SMITH"},{"data":"Protect","floor":8.0,"key":"SMITH"},{"data":"Flame Barrier","floor":15.0,"key":"SMITH"},{"data":"Ragnarok","floor":24.0,"key":"SMITH"},{"floor":27.0,"key":"REST"},{"floor":32.0,"key":"REST"},{"data":"Dual Wield","floor":40,"key":"SMITH"},{"data":"True Grit","floor":42,"key":"SMITH"},{"data":"Reprogram","floor":49,"key":"SMITH"}],"circlet_count":0,"master_deck":["Strike_R+1","Defend_R+1","Defend_R+1","Defend_R+1","Defend_R+1","Bash+1","True Grit+1","Protect+1","Twin Strike","Flame Barrier+1","Ragnarok+1","Berserk+1","Shockwave+1","Fire Breathing+1","Dual Wield+1","Inflame+1","Necronomicurse","Terror","Seek","Reaper","FollowUp+1","ReachHeaven+1","Ragnarok","Reprogram+1"],"relics":["Burning Blood","PrismaticShard","Golden Idol","Happy Flower","Frozen Egg 2","Astrolabe","Paper Frog","Necronomicon","Mercury Hourglass","Potion Belt","Eternal Feather","Snecko Eye","Pear","Bag of Marbles","Pantograph","Mango"],"acts_visited":["Exordium","TheCity","TheBeyond"],"potions_floor_usage":[35,45,50,50,50,50],"damage_taken":[{"damage":5.0,"enemies":"Small Slimes","floor":1.0,"turns":3.0},{"damage":4.0,"enemies":"Jaw Worm","floor":5.0,"turns":3.0},{"damage":27.0,"enemies":"3 Sentries","floor":7.0,"turns":10.0},{"damage":1.0,"enemies":"2 Louse","floor":10.0,"turns":3.0},{"damage":4.0,"enemies":"Exordium Wildlife","floor":11.0,"turns":6.0},{"damage":5.0,"enemies":"Red Slaver","floor":13.0,"turns":6.0},{"damage":5.0,"enemies":"Looter","floor":14.0,"turns":4.0},{"damage":17.0,"enemies":"The Guardian","floor":16.0,"turns":14.0},{"damage":19.0,"enemies":"Spheric Guardian","floor":18.0,"turns":6.0},{"damage":11.0,"enemies":"2 Thieves","floor":20.0,"turns":5.0},{"damage":17.0,"enemies":"Book of Stabbing","floor":23.0,"turns":4.0},{"damage":12.0,"enemies":"Snake Plant","floor":25.0,"turns":5.0},{"damage":27.0,"enemies":"Slavers","floor":29.0,"turns":4.0},{"damage":4.0,"enemies":"Snecko","floor":30.0,"turns":3.0},{"damage":27.0,"enemies":"Champ","floor":33.0,"turns":5.0},{"damage":7,"enemies":"3 Darklings","floor":35,"turns":4},{"damage":7,"enemies":"Orb Walker","floor":37,"turns":3},{"damage":3,"enemies":"Writhing Mass","floor":38,"turns":2},{"damage":2,"enemies":"4 Shapes","floor":39,"turns":7},{"damage":41,"enemies":"Nemesis","floor":41,"turns":7},{"damage":12,"enemies":"Sphere and 2 Shapes","floor":44,"turns":3},{"damage":6,"enemies":"Spire Growth","floor":45,"turns":3},{"damage":0,"enemies":"Jaw Worm Horde","floor":46,"turns":3},{"damage":41,"enemies":"Reptomancer","floor":47,"turns":4},{"damage":88,"enemies":"Awakened One","floor":50,"turns":8}],"seed_played":"7613921294374406258","potions_obtained":[{"floor":5.0,"key":"SkillPotion"},{"floor":7.0,"key":"Weak Potion"},{"floor":14.0,"key":"BlessingOfTheForge"},{"floor":16.0,"key":"Ancient Potion"},{"floor":18.0,"key":"SteroidPotion"},{"floor":25.0,"key":"DistilledChaos"},{"floor":33.0,"key":"DistilledChaos"},{"floor":37,"key":"Fire Potion"},{"floor":39,"key":"Fire Potion"},{"floor":41,"key":"Block Potion"},{"floor":45,"key":"EssenceOfSteel"}],"is_trial":false,"path_per_floor":["M","?","$","?","M","R","E","R","T","M","M","?","M","M","R","B",null,"M","?","M","$","?","E","R","M","T","R","?","E","M","$","R","B",null,"M","?","M","M","M","R","E","R","T","M","M","M","E","?","R","B",null],"character_chosen":"IRONCLAD","items_purchased":["PrismaticShard","Paper Frog"],"campfire_rested":2,"item_purchase_floors":[3,21],"current_hp_per_floor":[80,69,69,69,71,71,50,50,50,55,57,57,58,59,59,48,74,61,61,56,56,40,29,29,23,23,45,45,24,26,26,57,36,74,73,83,82,84,84,84,49,61,61,84,84,84,63,63,75,16],"gold":391,"neow_bonus":"","is_daily":false,"chose_seed":false,"campfire_upgraded":7,"win_rate":0.0,"timestamp":1609802816,"path_taken":["M","?","$","?","M","R","E","R","T","M","M","?","?","M","R","BOSS","M","?","M","$","?","E","R","M","T","R","?","E","M","$","R","BOSS","M","?","M","M","M","R","E","R","T","?","M","M","E","?","R","BOSS"],"items_purchased_type":["Relic","Relic"],"build_version":"2020-12-22","purchased_purges":1,"victory":true,"max_hp_per_floor":[80,80,80,74,74,74,74,74,74,74,74,74,74,74,74,74,74,74,74,74,74,74,74,74,74,74,74,74,74,74,74,74,74,74,74,84,84,84,84,84,84,84,84,84,84,84,98,98,98,98],"relic_stats":{"Happy Flower":[36],"counters":[25,125],"Golden Idol":173,"Astrolabe":["Berserk","Shockwave","Fire Breathing"],"Pantograph":23,"Snecko Eye":[60,62,84,74],"Eternal Feather":33,"Necronomicon":[23],"obtain_stats":[{"Potion Belt":26,"Pear":36,"Happy Flower":7,"Golden Idol":4,"Astrolabe":17,"Eternal Feather":29,"Mango":47,"Frozen Egg 2":9,"PrismaticShard":3,"Burning Blood":0,"Mercury Hourglass":23,"Pantograph":43,"Snecko Eye":34,"Necronomicon":22,"Bag of Marbles":41,"Paper Frog":21},{"Potion Belt":12,"Pear":16,"Happy Flower":3,"Golden Idol":1,"Astrolabe":8,"Eternal Feather":13,"Mango":24,"Frozen Egg 2":3,"PrismaticShard":1,"Burning Blood":0,"Mercury Hourglass":11,"Pantograph":20,"Snecko Eye":15,"Necronomicon":10,"Bag of Marbles":20,"Paper Frog":10},{"Potion Belt":69,"Pear":85,"Happy Flower":16,"Golden Idol":3,"Astrolabe":49,"Eternal Feather":73,"Mango":117,"Frozen Egg 2":16,"PrismaticShard":3,"Burning Blood":0,"Mercury Hourglass":64,"Pantograph":104,"Snecko Eye":81,"Necronomicon":60,"Bag of Marbles":104,"Paper Frog":60}],"Burning Blood":138,"Mercury Hourglass":[261]},"card_choices":[{"not_picked":["Dual Wield","Clothesline"],"picked":"True Grit","floor":1.0},{"not_picked":["EmptyFist","Compile Driver"],"picked":"Go for the Eyes","floor":5.0},{"not_picked":["Brutality","PiercingWail"],"picked":"Protect","floor":7.0},{"not_picked":["Go for the Eyes","Gash","FearNoEvil"],"picked":"SKIP","floor":10.0},{"not_picked":["ThirdEye","FlurryOfBlows"],"picked":"Twin Strike","floor":11.0},{"not_picked":["Perfected Strike","Sword Boomerang"],"picked":"Flame Barrier","floor":13.0},{"not_picked":["Underhanded Strike","EmptyFist","Vengeance"],"picked":"SKIP","floor":14.0},{"not_picked":["Mayhem+1","Master of Strategy"],"picked":"Ragnarok","floor":16.0},{"not_picked":["Aggregate","Poisoned Stab"],"picked":"Dual Wield","floor":18.0},{"not_picked":["Doom and Gloom","Crescendo","EmptyFist"],"picked":"SKIP","floor":20.0},{"not_picked":["Underhanded Strike","Slice","Dramatic Entrance"],"picked":"SKIP","floor":23.0},{"not_picked":["Dodge and Roll","Burning Pact"],"picked":"ThirdEye","floor":25.0},{"not_picked":["Consecrate","Poisoned Stab"],"picked":"Terror","floor":29.0},{"not_picked":["Twin Strike","Quick Slash","White Noise"],"picked":"SKIP","floor":30.0},{"not_picked":["Thunder Strike","Glass Knife"],"picked":"Seek","floor":33.0},{"not_picked":["Leap+1","Gash","Perfected Strike"],"picked":"SKIP","floor":35},{"not_picked":["Trip","Anger","Beam Cell+1"],"picked":"SKIP","floor":37},{"not_picked":["Redo","Flying Knee"],"picked":"Reaper","floor":38},{"not_picked":["Loop+1","Static Discharge+1"],"picked":"FollowUp+1","floor":39},{"not_picked":["Fasting2+1","Force Field+1","Iron Wave+1"],"picked":"SKIP","floor":41},{"not_picked":["Consume+1","Metallicize+1"],"picked":"ReachHeaven+1","floor":44},{"not_picked":["JustLucky+1","Protect+1"],"picked":"Ragnarok","floor":45},{"not_picked":["Calculated Gamble","Steam+1","BowlingBash"],"picked":"SKIP","floor":46},{"not_picked":["Good Instincts","Go for the Eyes"],"picked":"Reprogram","floor":47}],"player_experience":0,"relics_obtained":[{"floor":7.0,"key":"Happy Flower"},{"floor":9.0,"key":"Frozen Egg 2"},{"floor":22.0,"key":"Necronomicon"},{"floor":23.0,"key":"Mercury Hourglass"},{"floor":26.0,"key":"Potion Belt"},{"floor":29.0,"key":"Eternal Feather"},{"floor":36,"key":"Pear"},{"floor":41,"key":"Bag of Marbles"},{"floor":43,"key":"Pantograph"},{"floor":47,"key":"Mango"}],"event_choices":[{"damage_healed":0.0,"max_hp_gain":0.0,"max_hp_loss":0.0,"gold_gain":75.0,"event_name":"World of Goop","player_choice":"Gather Gold","floor":2.0,"gold_loss":0.0,"damage_taken":11.0},{"damage_healed":0.0,"max_hp_gain":0.0,"max_hp_loss":6.0,"gold_gain":0.0,"event_name":"Golden Idol","player_choice":"Lose Max HP","floor":4.0,"gold_loss":0.0,"damage_taken":0.0,"relics_obtained":["Golden Idol"]},{"cards_removed":["Strike_R"],"damage_healed":0.0,"max_hp_gain":0.0,"max_hp_loss":0.0,"gold_gain":0.0,"event_name":"The Cleric","player_choice":"Card Removal","floor":12.0,"gold_loss":50.0,"damage_taken":0.0},{"damage_healed":0.0,"max_hp_gain":0.0,"max_hp_loss":0.0,"gold_gain":0.0,"event_name":"The Library","player_choice":"Read","floor":19.0,"gold_loss":0.0,"damage_taken":0.0,"cards_obtained":["Inflame"]},{"damage_healed":0.0,"max_hp_gain":0.0,"max_hp_loss":0.0,"gold_gain":0.0,"event_name":"Cursed Tome","player_choice":"Obtained Book","floor":22.0,"gold_loss":0.0,"damage_taken":16.0},{"damage_healed":0.0,"max_hp_gain":0.0,"max_hp_loss":0.0,"gold_gain":0.0,"event_name":"Back to Basics","player_choice":"Simplicity","floor":28.0,"gold_loss":0.0,"damage_taken":0.0,"cards_upgraded":["Strike_R","Defend_R","Defend_R","Defend_R","Defend_R"]},{"damage_healed":0,"gold_gain":0,"player_choice":"Relic","damage_taken":0,"max_hp_gain":0,"max_hp_loss":0,"event_name":"Wheel of Change","floor":36,"gold_loss":0},{"cards_removed":["ThirdEye"],"damage_healed":0,"gold_gain":0,"player_choice":"Removed Skill","damage_taken":0,"max_hp_gain":0,"max_hp_loss":0,"event_name":"Falling","floor":48,"gold_loss":0}],"is_beta":false,"boss_relics":[{"not_picked":["Tiny House","Black Star"],"picked":"Astrolabe"},{"not_picked":["Runic Dome","Velvet Choker"],"picked":"Snecko Eye"}],"items_purged_floors":[31],"is_endless":false,"potions_floor_spawned":[5,7,14,16,18,25,33,37,39,41,45],"ascension_level":0}}