{"host":"9kuc8qxv67wkis18","time":1609782701,"event":{"mods":["2.2 Compatiblity","AchievementEnabler","Aspiration","Astrologer","Bard","BaseMod","Beaked The Cultist","Bestiary","Better Note","Better Third Choice","Block Reminder","Challenge The Spire","ChefMod","Conspire","Curses Come First","GifTheSpireLib","Glutton Mod","Halation","Hermit","Highlight Path","Hubris","Infinite Spire","Jorbs\u0027s Wanderer Trilogy","Marked Mod","Melee Mod","Minty Spire (QoL Compilation)","Permanent Neow","Potionbrewer","Random Character Button","Rare Cards Sparkle","Replay The Spire","Shade Mod","Somnambulant","Spikes Relics","StSLib","Stuff the Spire","The Accelerator","The Blue Laboratory","The Caster","The Construct","The Cursed","The Disciple","The Florist","The Forsaken","The Hierophant","The Judge","The Juggle","The Jungle","The Marked","The Necromancer","The Showman","The Wild Card","TheArtist","Thieving Mod","everything is the same but u backflip on backflip","thorton","vexMod"],"gold_per_floor":[213,66,80,93,111,142,42,42,88,104,104,104,104,104],"floor_reached":13,"playtime":1850,"items_purged":["Strike_G","Strike_G"],"score":85,"play_id":"06a3b799-234f-490b-a8d2-5506a13bbcd6","local_time":"20210104125141","is_ascension_mode":false,"campfire_choices":[{"data":"InfectiousVector","floor":12,"key":"SMITH"}],"circlet_count":0,"master_deck":["Strike_G","Strike_G","Strike_G","Defend_G","Defend_G","Defend_G","Defend_G","Defend_G","Survivor","Neutralize","Deadly Poison","InfectiousVector","InfectiousVector+1","StuffTheSpire:Fury"],"relics":["Ring of the Snake","halation:TwoAmDonut","vexMod:MemoryStick"],"acts_visited":["Exordium"],"potions_floor_usage":[6],"damage_taken":[{"damage":0,"enemies":"2 Louse","floor":1,"turns":4},{"damage":0,"enemies":"conspire:RoseBush","floor":3,"turns":3},{"damage":6,"enemies":"Cultist","floor":4,"turns":4},{"damage":16,"enemies":"Lots of Slimes","floor":5,"turns":7},{"damage":26,"enemies":"Lagavulin","floor":6,"turns":9},{"damage":0,"enemies":"conspire:2 RoseBushes","floor":10,"turns":6},{"damage":41,"enemies":"Gremlin Nob","floor":13,"turns":5}],"seed_played":"1054121749476816948","potions_obtained":[{"floor":3,"key":"Weak Potion"},{"floor":5,"key":"blueLaboratory:BottleOfVodka"},{"floor":6,"key":"blueLaboratory:BottleOfRum"},{"floor":10,"key":"blueLaboratory:PhilterOfMotion"}],"is_trial":false,"path_per_floor":["M","$","M","M","M","E","$","?","T","M","?","R","E"],"character_chosen":"THE_SILENT","items_purchased":["InfectiousVector"],"campfire_rested":0,"item_purchase_floors":[2],"current_hp_per_floor":[70,70,70,64,48,22,22,45,45,45,45,45,4,4],"gold":104,"neow_bonus":"HUNDRED_GOLD","is_daily":false,"chose_seed":false,"campfire_upgraded":1,"win_rate":0.0,"timestamp":1609782701,"path_taken":["M","$","M","M","M","E","$","?","T","M","?","R","E"],"items_purchased_type":["Card"],"build_version":"2020-12-22","purchased_purges":2,"victory":false,"max_hp_per_floor":[70,70,70,70,70,70,70,70,70,70,70,70,70,70],"card_choices":[{"not_picked":["PiercingWail","Acrobatics"],"picked":"Deadly Poison","floor":1},{"not_picked":["conspire:PoisonWeapons","StuffTheSpire:Python","StuffTheSpire:BumpUp"],"picked":"SKIP","floor":3},{"not_picked":["ReplayTheSpireMod:Necrosis","ReplayTheSpireMod:Exploit Weakness"],"picked":"InfectiousVector","floor":4},{"not_picked":["Hidden Blade","Slice","Sucker Punch"],"picked":"SKIP","floor":5},{"not_picked":["Masterful Stab","Flying Knee"],"picked":"StuffTheSpire:Fury","floor":6},{"not_picked":["Hidden Blade","StuffTheSpire:ClusterCrunch","Dodge and Roll"],"picked":"SKIP","floor":10}],"player_experience":158896,"relics_obtained":[{"floor":6,"key":"halation:TwoAmDonut"},{"floor":9,"key":"vexMod:MemoryStick"}],"event_choices":[{"damage_healed":23,"gold_gain":0,"player_choice":"Banana","damage_taken":0,"max_hp_gain":0,"max_hp_loss":0,"event_name":"Big Fish","floor":8,"gold_loss":0}],"is_beta":false,"boss_relics":[],"items_purged_floors":[2,7],"is_endless":false,"potions_floor_spawned":[3,5,6,10],"killed_by":"Gremlin Nob","ascension_level":0}}