{"host":"9szwrx0bcyiqoxoy","time":1609757318,"event":{"mods":["Act Like it!","BaseMod","Gensokyo","Hallownest","Luminous","Minty Spire (QoL Compilation)","Replay The Spire","StSLib","The Bug Knight","The Marked","The Servant 0.9.4"],"gold_per_floor":[117,2,2,15,15,15,26,45,71,71,71,91,105,122,122,122,122],"floor_reached":16,"playtime":677,"items_purged":[],"score":94,"play_id":"d37ec469-dc59-423a-ae50-228de48fd272","local_time":"20210104184838","is_ascension_mode":false,"campfire_choices":[{"data":"DoubleEdge","floor":6,"key":"SMITH"},{"data":"Spin","floor":11,"key":"SMITH"},{"floor":15,"key":"REST"}],"circlet_count":0,"master_deck":["Strike_S","Strike_S","Strike_S","Strike_S","Defend_S","Defend_S","Defend_S","Defend_S","KidneyShot","ShatteredReality","Gensokyo:TarnishedGold","InstantArmor","Spin+1","Defy","Contraction","BottledTime","SurpressingFire"],"relics":["Uniform","Gensokyo:Justice","Oddly Smooth Stone","Gensokyo:YoukaiFlower","PocketWatch"],"acts_visited":["Gensokyo:Gensokyo"],"potions_floor_usage":[16,16],"damage_taken":[{"damage":1,"enemies":"Gensokyo:2_Kodama","floor":1,"turns":4},{"damage":4,"enemies":"Gensokyo:Python","floor":4,"turns":4},{"damage":0,"enemies":"Gensokyo:Gryphon","floor":7,"turns":2},{"damage":2,"enemies":"Gensokyo:CorruptedTreant","floor":8,"turns":1},{"damage":0,"enemies":"Gensokyo:Gryphon_and_Rabbit","floor":12,"turns":2},{"damage":0,"enemies":"Gensokyo:2_Rabbits","floor":13,"turns":2},{"damage":0,"enemies":"Gensokyo:Kitsune","floor":14,"turns":2},{"damage":46,"enemies":"Gensokyo:Kokoro","floor":16,"turns":14}],"seed_played":"-4322344093387148906","potions_obtained":[{"floor":12,"key":"AttackPotion"},{"floor":14,"key":"AttackPotion"}],"is_trial":false,"path_per_floor":["M","COS","?","M","?","R","M","M","T","?","R","M","M","M","R","B"],"character_chosen":"THE_SERVANT","items_purchased":[],"campfire_rested":1,"item_purchase_floors":[],"current_hp_per_floor":[64,64,64,60,60,60,60,58,58,58,58,58,58,58,65,19,19],"gold":122,"neow_bonus":"THREE_CARDS","is_daily":false,"chose_seed":false,"campfire_upgraded":2,"win_rate":0.0,"timestamp":1609757318,"path_taken":["M","COS","?","?","?","R","M","M","T","?","R","M","M","?","R","BOSS"],"items_purchased_type":[],"build_version":"2020-12-22","purchased_purges":0,"victory":false,"max_hp_per_floor":[65,65,65,65,65,65,65,65,65,65,65,65,65,65,65,65,65],"card_choices":[{"not_picked":["SurpressingFire","BottledTime"],"picked":"DoubleEdge","floor":0},{"not_picked":["FastForward","Gouge"],"picked":"ShatteredReality","floor":1},{"not_picked":["Foresight","DualDimension"],"picked":"InstantArmor","floor":4},{"not_picked":["Potential","Starlight"],"picked":"Spin","floor":7},{"not_picked":["Snipe","SoulSculpture"],"picked":"Defy","floor":8},{"not_picked":["Alleviate","Foresight"],"picked":"Contraction","floor":12},{"not_picked":["Shuttle","Misdirection"],"picked":"BottledTime","floor":13},{"not_picked":["TimeWarp","WasteNot"],"picked":"SurpressingFire","floor":14}],"player_experience":51955,"relics_obtained":[{"floor":9,"key":"Oddly Smooth Stone"}],"event_choices":[],"is_beta":false,"boss_relics":[],"items_purged_floors":[],"is_endless":false,"potions_floor_spawned":[12,14],"killed_by":"Gensokyo:Kokoro","ascension_level":0}}