{"host":"8rwnpls8n88jrgbg","time":1609762243,"event":{"mods":["AchievementEnabler","BaseMod","Colored Map","Colored Powertips","DeckTracker","Keyboard Shortcuts","Minty Spire (QoL Compilation)","Relic Stats","StSLib","SuperFastMode"],"gold_per_floor":[367,387,457,467,487,487,296,321,321,321,352,352,412,425,425,502,502,515,121,137,137,155,155,186,186,186,186,61,93,93,103,103,176,176,188,188,199,110,126,126,154,154,154,171,190,190,40,53,53,53,53],"floor_reached":50,"playtime":3291,"items_purged":["Strike_G","Strike_G","Decay","Normality"],"score":1190,"play_id":"f787ffc1-3e98-4ae4-8da0-bf805fccbc84","local_time":"20210104211043","is_ascension_mode":true,"campfire_choices":[{"data":"Concentrate","floor":6.0,"key":"SMITH"},{"data":"Skewer","floor":10.0,"key":"SMITH"},{"data":"Eviscerate","floor":15.0,"key":"SMITH"},{"data":"Acrobatics","floor":23.0,"key":"SMITH"},{"data":"Calculated Gamble","floor":25.0,"key":"SMITH"},{"floor":27.0,"key":"RECALL"},{"data":"Terror","floor":32.0,"key":"SMITH"},{"data":"Acrobatics","floor":40,"key":"SMITH"},{"data":"Reflex","floor":46,"key":"SMITH"},{"floor":49,"key":"REST"}],"circlet_count":0,"master_deck":["AscendersBane","Strike_G","Strike_G","Strike_G","Defend_G","Defend_G","Defend_G","Defend_G","Defend_G","Survivor","Neutralize","Clumsy","Eviscerate+1","Concentrate+1","Dagger Throw","Blade Dance","Well Laid Plans+1","Skewer+1","Noxious Fumes+1","Acrobatics+1","Calculated Gamble+1","Terror+1","Grand Finale","PanicButton","Bandage Up","Footwork+1","Acrobatics+1","Decay","Reflex","Parasite","Reflex+1"],"relics":["Ring of the Snake","Frozen Egg 2","Bronze Scales","Lizard Tail","Akabeko","Gambling Chip","Cursed Key","Darkstone Periapt","Question Card","Meat on the Bone","Calipers","Runic Dome","Art of War","Potion Belt"],"acts_visited":["Exordium","TheCity","TheBeyond"],"potions_floor_usage":[33,33,45,50],"damage_taken":[{"damage":3.0,"enemies":"Cultist","floor":1.0,"turns":5.0},{"damage":1.0,"enemies":"Jaw Worm","floor":2.0,"turns":2.0},{"damage":5.0,"enemies":"Small Slimes","floor":4.0,"turns":4.0},{"damage":2.0,"enemies":"2 Fungi Beasts","floor":5.0,"turns":4.0},{"damage":22.0,"enemies":"Lagavulin","floor":8.0,"turns":5.0},{"damage":32.0,"enemies":"3 Sentries","floor":11.0,"turns":6.0},{"damage":0.0,"enemies":"Gremlin Nob","floor":13.0,"turns":1.0},{"damage":0.0,"enemies":"Red Slaver","floor":14.0,"turns":1.0},{"damage":0.0,"enemies":"Slime Boss","floor":16.0,"turns":5.0},{"damage":0.0,"enemies":"Chosen","floor":18.0,"turns":1.0},{"damage":1.0,"enemies":"2 Thieves","floor":20.0,"turns":2.0},{"damage":0.0,"enemies":"Cultist and Chosen","floor":22.0,"turns":3.0},{"damage":8.0,"enemies":"Slavers","floor":24.0,"turns":4.0},{"damage":31.0,"enemies":"Book of Stabbing","floor":29.0,"turns":4.0},{"damage":0.0,"enemies":"Snecko","floor":31.0,"turns":2.0},{"damage":61,"enemies":"Collector","floor":33,"turns":11},{"damage":14,"enemies":"3 Darklings","floor":35,"turns":2},{"damage":0,"enemies":"Orb Walker","floor":37,"turns":1},{"damage":15,"enemies":"Transient","floor":39,"turns":6},{"damage":9,"enemies":"Giant Head","floor":41,"turns":5},{"damage":51,"enemies":"Spire Growth","floor":44,"turns":5},{"damage":12,"enemies":"Writhing Mass","floor":45,"turns":4},{"damage":21,"enemies":"Maw","floor":48,"turns":4},{"damage":67,"enemies":"Awakened One","floor":50,"turns":5}],"seed_played":"8293275373482598144","potions_obtained":[{"floor":1.0,"key":"LiquidMemories"},{"floor":2.0,"key":"SkillPotion"},{"floor":5.0,"key":"Explosive Potion"},{"floor":14.0,"key":"SteroidPotion"},{"floor":16.0,"key":"CultistPotion"},{"floor":21.0,"key":"Swift Potion"},{"floor":31.0,"key":"LiquidMemories"},{"floor":33,"key":"Weak Potion"},{"floor":44,"key":"Fire Potion"},{"floor":45,"key":"BlessingOfTheForge"}],"is_trial":false,"path_per_floor":["M","M","T","M","M","R","$","E","T","R","E","?","?","M","R","B",null,"M","$","M","?","M","R","E","R","T","R","$","E","?","M","R","B",null,"M","?","M","$","M","R","E","T","T","M","M","R","$","M","R","B"],"character_chosen":"THE_SILENT","items_purchased":["Well Laid Plans+1","Skewer","Acrobatics","Darkstone Periapt","Footwork+1"],"campfire_rested":1,"item_purchase_floors":[7,7,19,19,38],"current_hp_per_floor":[56,55,55,50,48,48,48,26,26,26,33,33,33,33,33,33,58,58,58,57,57,57,57,49,49,55,55,55,36,82,82,82,33,70,56,46,46,46,47,47,42,48,54,19,29,29,29,24,54,0,0],"gold":53,"neow_bonus":"TWO_FIFTY_GOLD","is_daily":false,"chose_seed":false,"campfire_upgraded":8,"win_rate":0.0,"timestamp":1609762243,"path_taken":["M","M","?","M","M","R","$","E","T","R","E","?","?","M","R","BOSS","M","$","M","?","?","R","E","R","T","R","?","E","?","?","R","BOSS","M","?","M","$","M","R","E","?","T","M","M","R","$","M","R","BOSS"],"items_purchased_type":["Card","Card","Card","Relic","Card"],"build_version":"2020-12-22","purchased_purges":4,"victory":false,"max_hp_per_floor":[66,66,66,66,66,66,66,66,66,66,66,66,66,66,66,66,66,66,66,66,66,66,66,66,66,72,72,72,72,82,82,82,82,82,82,82,82,82,82,82,82,88,94,94,100,100,100,100,100,100,100],"relic_stats":{"Darkstone Periapt":24,"Lizard Tail":33,"counters":[24,92],"Bronze Scales":[141],"Gambling Chip":[80],"Art of War":[2],"Cursed Key":3,"Question Card":13,"obtain_stats":[{"Darkstone Periapt":19,"Potion Belt":43,"Calipers":29,"Frozen Egg 2":3,"Cursed Key":17,"Question Card":24,"Akabeko":11,"Runic Dome":34,"Lizard Tail":9,"Bronze Scales":8,"Gambling Chip":13,"Art of War":41,"Ring of the Snake":0,"Meat on the Bone":26},{"Darkstone Periapt":10,"Potion Belt":20,"Calipers":14,"Frozen Egg 2":2,"Cursed Key":9,"Question Card":13,"Akabeko":6,"Runic Dome":16,"Lizard Tail":5,"Bronze Scales":5,"Gambling Chip":7,"Art of War":20,"Ring of the Snake":0,"Meat on the Bone":13},{"Darkstone Periapt":34,"Potion Belt":74,"Calipers":47,"Frozen Egg 2":7,"Cursed Key":33,"Question Card":43,"Akabeko":26,"Runic Dome":60,"Lizard Tail":20,"Bronze Scales":20,"Gambling Chip":27,"Art of War":74,"Ring of the Snake":0,"Meat on the Bone":43}],"Ring of the Snake":[48],"Meat on the Bone":72},"card_choices":[{"not_picked":["Acrobatics","Riddle With Holes"],"picked":"Eviscerate","floor":1.0},{"not_picked":["Heel Hook","Bane"],"picked":"Concentrate","floor":2.0},{"not_picked":["Underhanded Strike","Bane"],"picked":"Dagger Throw","floor":4.0},{"not_picked":["Finisher","Sucker Punch"],"picked":"Blade Dance","floor":5.0},{"not_picked":["Dodge and Roll","Flechettes","Dagger Spray"],"picked":"SKIP","floor":8.0},{"not_picked":["Bane","Deadly Poison","Flying Knee"],"picked":"SKIP","floor":11.0},{"not_picked":["Setup","Venomology"],"picked":"Noxious Fumes+1","floor":14.0},{"not_picked":["Bullet Time","Unload"],"picked":"Doppelganger","floor":16.0},{"not_picked":["Bane","Caltrops+1","Backflip"],"picked":"SKIP","floor":18.0},{"not_picked":["Poisoned Stab+1","Quick Slash","Backflip"],"picked":"SKIP","floor":20.0},{"not_picked":["Poisoned Stab+1","Quick Slash","Backflip"],"picked":"SKIP","floor":20.0},{"not_picked":["Concentrate","Blade Dance","Deflect"],"picked":"SKIP","floor":22.0},{"not_picked":["Deadly Poison","Dagger Throw+1"],"picked":"Calculated Gamble","floor":24.0},{"not_picked":["Catalyst","Cloak And Dagger+1","Slice","Bane+1"],"picked":"SKIP","floor":29.0},{"not_picked":["Well Laid Plans+1","Sucker Punch","Deadly Poison"],"picked":"Terror","floor":31.0},{"not_picked":["Storm of Steel","Doppelganger","A Thousand Cuts+1"],"picked":"Grand Finale","floor":33},{"not_picked":["Poisoned Stab+1","Choke+1","Flying Knee","Sucker Punch"],"picked":"SKIP","floor":35},{"not_picked":["Chrysalis","Flash of Steel","Blind"],"picked":"PanicButton","floor":36},{"not_picked":["Trip","Secret Weapon","Finesse"],"picked":"Bandage Up","floor":36},{"not_picked":["Bouncing Flask","Prepared","Concentrate","Quick Slash+1"],"picked":"SKIP","floor":37},{"not_picked":["Backstab","Dash","Escape Plan"],"picked":"Acrobatics","floor":39},{"not_picked":["A Thousand Cuts+1","Sucker Punch","Concentrate","Storm of Steel"],"picked":"SKIP","floor":41},{"not_picked":["Cloak And Dagger+1","Distraction","Sucker Punch"],"picked":"Reflex","floor":44},{"not_picked":["Blur","Flechettes","All Out Attack"],"picked":"Reflex","floor":45},{"not_picked":["Poisoned Stab","Bouncing Flask","Underhanded Strike","Heel Hook+1"],"picked":"SKIP","floor":48}],"player_experience":1482877,"relics_obtained":[{"floor":3.0,"key":"Frozen Egg 2"},{"floor":8.0,"key":"Bronze Scales"},{"floor":9.0,"key":"Lizard Tail"},{"floor":11.0,"key":"Akabeko"},{"floor":13.0,"key":"Gambling Chip"},{"floor":24.0,"key":"Question Card"},{"floor":26.0,"key":"Meat on the Bone"},{"floor":29.0,"key":"Calipers"},{"floor":41,"key":"Art of War"},{"floor":43,"key":"Potion Belt"}],"event_choices":[{"damage_healed":0.0,"max_hp_gain":0.0,"max_hp_loss":0.0,"gold_gain":0.0,"event_name":"Liars Game","player_choice":"Ignored","floor":12.0,"gold_loss":0.0,"damage_taken":0.0},{"damage_healed":0.0,"max_hp_gain":0.0,"max_hp_loss":0.0,"gold_gain":0.0,"event_name":"Dead Adventurer","player_choice":"Searched \u00271\u0027 times","floor":13.0,"gold_loss":0.0,"damage_taken":0.0},{"damage_healed":0.0,"max_hp_gain":0.0,"max_hp_loss":0.0,"gold_gain":0.0,"event_name":"Lab","player_choice":"Got Potions","floor":21.0,"gold_loss":0.0,"damage_taken":0.0},{"cards_removed":["Doppelganger"],"damage_healed":36.0,"max_hp_gain":10.0,"max_hp_loss":0.0,"gold_gain":0.0,"event_name":"Bonfire Elementals","player_choice":"Offered Rare","floor":30.0,"gold_loss":0.0,"damage_taken":0.0},{"damage_healed":0,"gold_gain":0,"player_choice":"Memory 3","damage_taken":10,"max_hp_gain":0,"max_hp_loss":0,"event_name":"SensoryStone","floor":36,"gold_loss":0}],"is_beta":false,"boss_relics":[{"not_picked":["Coffee Dripper","Tiny House"],"picked":"Cursed Key"},{"not_picked":["Snecko Eye","Velvet Choker"],"picked":"Runic Dome"}],"items_purged_floors":[7,19,28,47],"is_endless":false,"potions_floor_spawned":[1,2,4,5,14,16,20,24,31,33,44,45],"killed_by":"Awakened One","ascension_level":20}}