{"host":"k85tjwrh7mjrrc9a","time":1609794092,"event":{"mods":["AchievementEnabler","BaseMod","Colored Powertips","Highlight Path","Minty Spire (QoL Compilation)","Rare Cards Sparkle","StSLib"],"gold_per_floor":[110,124,124,139,139,169,169,169,195,195,207,219,292,320,320,419,419,437,465,465,272,282,282,298,298,298,314,330,330,360,360,360,464,464,484,484,504,209,209,209,209,209,209,59,75,88,115,132,132,132],"floor_reached":51,"playtime":3938,"items_purged":[],"score":909,"play_id":"ae70ae0f-df51-46b1-be4f-1c4cddfe33f0","local_time":"20210104160132","is_ascension_mode":true,"campfire_choices":[{"floor":8.0,"key":"REST"},{"data":"Bash","floor":10.0,"key":"SMITH"},{"data":"Pommel Strike","floor":15.0,"key":"SMITH"},{"floor":23.0,"key":"REST"},{"data":"Apotheosis","floor":25.0,"key":"SMITH"},{"data":"Intimidate","floor":29.0,"key":"SMITH"},{"floor":32.0,"key":"REST"},{"data":"Battle Trance","floor":40,"key":"SMITH"},{"data":"Shrug It Off","floor":42,"key":"SMITH"},{"data":"Demon Form","floor":49,"key":"SMITH"}],"circlet_count":0,"master_deck":["Defend_R","Defend_R","Defend_R","Defend_R","Bash+1","Pommel Strike+1","Thunderclap","Feed+1","Shrug It Off+1","Intimidate+1","Limit Break","Pommel Strike","Cleave","Bite","Bite","Bite","Bite","Bite","Apotheosis+1","Heavy Blade","Battle Trance+1","Demon Form+1"],"relics":["Black Blood","StoneCalendar","Darkstone Periapt","Mercury Hourglass","Happy Flower","HornCleat","Omamori","Red Mask","Blue Candle","Strawberry","Mark of Pain","WingedGreaves","Shuriken","White Beast Statue","Lee\u0027s Waffle","Sundial"],"acts_visited":["Exordium","TheCity","TheBeyond"],"potions_floor_usage":[33,50,50,50],"damage_taken":[{"damage":6.0,"enemies":"Cultist","floor":1.0,"turns":4.0},{"damage":8.0,"enemies":"Jaw Worm","floor":2.0,"turns":5.0},{"damage":0.0,"enemies":"2 Louse","floor":4.0,"turns":2.0},{"damage":39.0,"enemies":"Gremlin Nob","floor":6.0,"turns":5.0},{"damage":1.0,"enemies":"2 Fungi Beasts","floor":11.0,"turns":2.0},{"damage":6.0,"enemies":"Exordium Thugs","floor":12.0,"turns":3.0},{"damage":9.0,"enemies":"3 Sentries","floor":14.0,"turns":6.0},{"damage":57.0,"enemies":"The Guardian","floor":16.0,"turns":7.0},{"damage":34.0,"enemies":"Spheric Guardian","floor":18.0,"turns":6.0},{"damage":50.0,"enemies":"Masked Bandits","floor":19.0,"turns":6.0},{"damage":10.0,"enemies":"Chosen","floor":22.0,"turns":5.0},{"damage":27.0,"enemies":"Snake Plant","floor":24.0,"turns":5.0},{"damage":19.0,"enemies":"3 Cultists","floor":27.0,"turns":5.0},{"damage":32.0,"enemies":"Shelled Parasite and Fungi","floor":28.0,"turns":7.0},{"damage":64.0,"enemies":"Book of Stabbing","floor":30.0,"turns":7.0},{"damage":50,"enemies":"Collector","floor":33,"turns":8},{"damage":15,"enemies":"Orb Walker","floor":35,"turns":4},{"damage":42,"enemies":"3 Darklings","floor":37,"turns":6},{"damage":17,"enemies":"4 Shapes","floor":45,"turns":3},{"damage":32,"enemies":"Writhing Mass","floor":46,"turns":5},{"damage":51,"enemies":"Giant Head","floor":47,"turns":6},{"damage":3,"enemies":"3 Darklings","floor":48,"turns":3},{"damage":77,"enemies":"Time Eater","floor":50,"turns":8}],"seed_played":"-2052162424373787360","potions_obtained":[{"floor":2.0,"key":"DistilledChaos"},{"floor":4.0,"key":"LiquidBronze"},{"floor":12.0,"key":"LiquidMemories"},{"floor":16.0,"key":"CultistPotion"},{"floor":22.0,"key":"LiquidBronze"},{"floor":33,"key":"ColorlessPotion"},{"floor":45,"key":"Strength Potion"}],"is_trial":false,"path_per_floor":["M","M","$","M","?","E","T","R","T","R","M","M","T","E","R","B",null,"M","?","?","$","M","R","M","R","T","M","M","R","E","?","R","B",null,"M","?","M","$","T","R","$","R","T","$","M","M","E","M","R","B",null],"character_chosen":"IRONCLAD","items_purchased":["Apotheosis","WingedGreaves","Lee\u0027s Waffle"],"campfire_rested":3,"item_purchase_floors":[21,38,44],"current_hp_per_floor":[72,70,70,72,58,29,29,51,51,51,60,64,64,65,65,14,70,48,14,14,14,30,49,46,46,46,49,54,54,32,32,55,28,66,73,73,53,53,53,53,53,53,53,86,89,85,59,84,84,41],"gold":132,"neow_bonus":"ONE_RARE_RELIC","is_daily":false,"chose_seed":false,"campfire_upgraded":7,"win_rate":0.0,"timestamp":1609794092,"path_taken":["M","M","$","?","?","E","?","R","T","R","M","M","?","E","R","BOSS","M","?","?","$","M","R","M","R","T","?","?","R","E","?","R","BOSS","M","?","M","$","?","R","$","R","T","$","M","?","E","M","R","BOSS"],"items_purchased_type":["Card","Relic","Relic"],"build_version":"2020-12-22","purchased_purges":0,"victory":true,"max_hp_per_floor":[72,72,72,72,72,76,76,76,76,76,80,84,84,88,88,88,88,88,92,64,64,64,64,68,68,68,68,72,72,79,79,79,79,79,79,79,79,79,79,79,79,79,79,86,90,90,90,94,94,94],"card_choices":[{"not_picked":["Anger","Sword Boomerang"],"picked":"Pommel Strike","floor":1.0},{"not_picked":["Clothesline","Clash"],"picked":"Thunderclap","floor":2.0},{"not_picked":["Clothesline","Wild Strike"],"picked":"Feed","floor":4.0},{"not_picked":["Rage","Fire Breathing","Headbutt"],"picked":"SKIP","floor":6.0},{"not_picked":["Headbutt","Clash","Perfected Strike"],"picked":"SKIP","floor":11.0},{"not_picked":["Combust","Impervious"],"picked":"Shrug It Off","floor":12.0},{"not_picked":["Flex","Burning Pact"],"picked":"Intimidate","floor":14.0},{"not_picked":["Exhume","Juggernaut"],"picked":"Limit Break","floor":16.0},{"not_picked":["Blood for Blood","Sword Boomerang+1"],"picked":"Pommel Strike","floor":18.0},{"not_picked":["Metallicize","Headbutt"],"picked":"Cleave","floor":19.0},{"not_picked":["Warcry","Cleave"],"picked":"Heavy Blade","floor":22.0},{"not_picked":["Twin Strike","Body Slam","Clothesline+1"],"picked":"SKIP","floor":24.0},{"not_picked":["Warcry+1","Entrench+1","Hemokinesis"],"picked":"SKIP","floor":27.0},{"not_picked":["Second Wind","Iron Wave"],"picked":"Battle Trance","floor":28.0},{"not_picked":["Bloodletting+1","Heavy Blade","Battle Trance"],"picked":"SKIP","floor":30.0},{"not_picked":["Bludgeon","Offering"],"picked":"Demon Form","floor":33},{"not_picked":["Anger+1","Searing Blow+1","Shrug It Off"],"picked":"SKIP","floor":35},{"not_picked":["Twin Strike+1","Dropkick+1","True Grit"],"picked":"SKIP","floor":37},{"not_picked":["Headbutt","Thunderclap+1","Perfected Strike+1"],"picked":"SKIP","floor":45},{"not_picked":["Anger","Clothesline","Flex"],"picked":"SKIP","floor":46},{"not_picked":["Dark Embrace+1","Flex+1","Perfected Strike"],"picked":"SKIP","floor":47},{"not_picked":["Clothesline","Power Through+1","Shrug It Off+1"],"picked":"SKIP","floor":48}],"player_experience":139417,"relics_obtained":[{"floor":6.0,"key":"Darkstone Periapt"},{"floor":7.0,"key":"Mercury Hourglass"},{"floor":9.0,"key":"Happy Flower"},{"floor":13.0,"key":"HornCleat"},{"floor":14.0,"key":"Omamori"},{"floor":19.0,"key":"Red Mask"},{"floor":26.0,"key":"Blue Candle"},{"floor":30.0,"key":"Strawberry"},{"floor":39,"key":"Shuriken"},{"floor":43,"key":"White Beast Statue"},{"floor":47,"key":"Sundial"}],"event_choices":[{"damage_healed":0.0,"max_hp_gain":0.0,"max_hp_loss":0.0,"gold_gain":0.0,"event_name":"Shining Light","player_choice":"Entered Light","floor":5.0,"gold_loss":0.0,"damage_taken":14.0,"cards_upgraded":["Strike_R","Feed"]},{"damage_healed":0.0,"max_hp_gain":0.0,"max_hp_loss":0.0,"gold_gain":0.0,"event_name":"Masked Bandits","player_choice":"Fought Bandits","floor":19.0,"gold_loss":0.0,"damage_taken":0.0},{"damage_healed":0.0,"max_hp_gain":0.0,"max_hp_loss":28.0,"gold_gain":0.0,"event_name":"Vampires","player_choice":"Became a vampire","floor":20.0,"gold_loss":0.0,"damage_taken":0.0,"cards_obtained":["Bite","Bite","Bite","Bite","Bite"]},{"damage_healed":0.0,"max_hp_gain":0.0,"max_hp_loss":0.0,"gold_gain":0.0,"event_name":"Beggar","player_choice":"Ignored","floor":31.0,"gold_loss":0.0,"damage_taken":0.0},{"damage_healed":0,"gold_gain":0,"player_choice":"Ignored","damage_taken":0,"max_hp_gain":0,"max_hp_loss":0,"event_name":"Duplicator","floor":36,"gold_loss":0}],"is_beta":false,"boss_relics":[{"not_picked":["Fusion Hammer","Pandora\u0027s Box"],"picked":"Black Blood"},{"not_picked":["Calling Bell","Empty Cage"],"picked":"Mark of Pain"}],"items_purged_floors":[],"is_endless":false,"potions_floor_spawned":[2,4,12,14,16,22,24,30,33,45,46,47,48],"ascension_level":6}}