{"host":"6gnv7me3tk2udb7q","time":1609773381,"event":{"mods":["BaseMod","Bestiary","Colored Map","Minty Spire (QoL Compilation)"],"gold_per_floor":[15,15,190,213,213,213,551,551,599,599,624,660,675,691,691,691,691],"floor_reached":16,"playtime":1334,"items_purged":[],"score":182,"play_id":"2938d286-e3ff-4f16-b970-97b0eb6a6fe5","local_time":"20210104101621","is_ascension_mode":true,"campfire_choices":[{"data":"Carnage","floor":6.0,"key":"SMITH"},{"data":"Corruption","floor":8.0,"key":"SMITH"},{"data":"Shrug It Off","floor":10.0,"key":"SMITH"},{"data":"Burning Pact","floor":15.0,"key":"SMITH"}],"circlet_count":0,"master_deck":["AscendersBane","Strike_R","Strike_R","Strike_R","Strike_R","Strike_R","Defend_R","Defend_R","Defend_R","Defend_R","Bash","Corruption+1","Carnage+1","Doubt","Twin Strike","Pain","Shrug It Off+1","Whirlwind","Iron Wave","Burning Pact+1"],"relics":["Burning Blood","Golden Idol","WarpedTongs","Old Coin","Pen Nib","Blood Vial"],"acts_visited":["Exordium"],"potions_floor_usage":[16],"damage_taken":[{"damage":5.0,"enemies":"Small Slimes","floor":1.0,"turns":4.0},{"damage":0.0,"enemies":"2 Louse","floor":4.0,"turns":2.0},{"damage":49.0,"enemies":"3 Sentries","floor":7.0,"turns":8.0},{"damage":11.0,"enemies":"Cultist","floor":11.0,"turns":5.0},{"damage":26.0,"enemies":"Lagavulin","floor":12.0,"turns":7.0},{"damage":4.0,"enemies":"Gremlin Gang","floor":13.0,"turns":3.0},{"damage":8.0,"enemies":"Exordium Wildlife","floor":14.0,"turns":4.0},{"damage":29,"enemies":"Hexaghost","floor":16,"turns":9}],"seed_played":"7451082025891804365","potions_obtained":[{"floor":1.0,"key":"DistilledChaos"},{"floor":7.0,"key":"Regen Potion"},{"floor":12.0,"key":"SteroidPotion"},{"floor":13.0,"key":"PowerPotion"}],"is_trial":false,"path_per_floor":["M","?","?","M","?","R","E","R","T","R","M","E","M","M","R","B"],"character_chosen":"IRONCLAD","items_purchased":[],"campfire_rested":0,"item_purchase_floors":[],"current_hp_per_floor":[73,73,73,74,74,74,31,31,31,31,26,21,25,25,25,0,0],"gold":691,"neow_bonus":"THREE_RARE_CARDS","is_daily":false,"chose_seed":false,"campfire_upgraded":4,"win_rate":0.0,"timestamp":1609773381,"path_taken":["M","?","?","M","?","R","E","R","T","R","M","E","M","?","R","BOSS"],"items_purchased_type":[],"build_version":"2020-12-22","purchased_purges":0,"victory":false,"max_hp_per_floor":[80,74,74,74,74,74,74,74,74,74,74,74,74,74,74,74,74],"card_choices":[{"not_picked":["Brutality","Reaper"],"picked":"Corruption","floor":0.0},{"not_picked":["Cleave","Flame Barrier"],"picked":"Carnage","floor":1.0},{"not_picked":["Pommel Strike","Armaments"],"picked":"Twin Strike","floor":4.0},{"not_picked":["Havoc","Armaments"],"picked":"Shrug It Off","floor":7.0},{"not_picked":["Warcry","Clash"],"picked":"Whirlwind","floor":11.0},{"not_picked":["Anger","Thunderclap"],"picked":"Iron Wave","floor":12.0},{"not_picked":["Second Wind","Anger","Combust"],"picked":"SKIP","floor":13.0},{"not_picked":["Perfected Strike","Twin Strike"],"picked":"Burning Pact","floor":14.0}],"player_experience":573346,"relics_obtained":[{"floor":7.0,"key":"Old Coin"},{"floor":9.0,"key":"Pen Nib"},{"floor":12.0,"key":"Blood Vial"}],"event_choices":[{"damage_healed":0.0,"max_hp_gain":0.0,"max_hp_loss":6.0,"gold_gain":0.0,"event_name":"Golden Idol","player_choice":"Lose Max HP","floor":2.0,"gold_loss":0.0,"damage_taken":0.0,"relics_obtained":["Golden Idol"]},{"damage_healed":0.0,"max_hp_gain":0.0,"max_hp_loss":0.0,"gold_gain":175.0,"event_name":"Liars Game","player_choice":"AGREE","floor":3.0,"gold_loss":0.0,"damage_taken":0.0,"cards_obtained":["Doubt"]},{"damage_healed":0.0,"max_hp_gain":0.0,"max_hp_loss":0.0,"gold_gain":0.0,"event_name":"Accursed Blacksmith","player_choice":"Rummage","floor":5.0,"gold_loss":0.0,"damage_taken":0.0,"relics_obtained":["WarpedTongs"],"cards_obtained":["Pain"]}],"is_beta":false,"boss_relics":[],"items_purged_floors":[],"is_endless":false,"potions_floor_spawned":[1,7,12,13],"killed_by":"Hexaghost","ascension_level":13}}