{"host":"77pvex58kafzx78l","time":1609745855,"event":{"mods":["BaseMod","Better Vampires","DeckTracker","Googly Eyes","Minty Spire (QoL Compilation)","Quick Restart","StSLib","SuperFastMode"],"gold_per_floor":[110,56,206,219,219,254,266,294,319,337,337,337,397,425,425,502,502,521,107,117,117,42,42,42,42,42,42,42,74,84,115,115,187,187,204,243,133,178,220,220,245,245,323,373,373,414,454,514,514,544,544,544,400,432,432,432],"floor_reached":55,"playtime":1594,"items_purged":["Doubt"],"score":1570,"play_id":"092ba84e-41ee-4dd0-b427-9e8e89c5417a","local_time":"20210104153735","is_ascension_mode":true,"campfire_choices":[{"data":"PathToVictory","floor":11.0,"key":"SMITH"},{"data":"InnerPeace","floor":15.0,"key":"SMITH"},{"data":"Scrawl","floor":23.0,"key":"SMITH"},{"floor":25.0,"key":"REST"},{"data":"PathToVictory","floor":27.0,"key":"SMITH"},{"data":"Perseverance","floor":32.0,"key":"SMITH"},{"data":"Wish","floor":40.0,"key":"SMITH"},{"data":"Wallop","floor":42.0,"key":"SMITH"},{"floor":45.0,"key":"REST"},{"floor":49.0,"key":"RECALL"},{"floor":52.0,"key":"REST"}],"circlet_count":0,"master_deck":["AscendersBane","Eruption+1","Vigilance+1","PathToVictory+1","ClearTheMind+1","Wallop+1","InnerPeace+1","Scrawl+1","PathToVictory+1","Perseverance+1","Wish+1","TalkToTheHand","LikeWater"],"relics":["PureWater","NeowsBlessing","Blood Vial","Akabeko","Orichalcum","GoldenEye","Letter Opener","SlaversCollar","ClockworkSouvenir","Vajra","Enchiridion","Ornamental Fan","Pear","Anchor","Busted Crown","HornCleat","Mummified Hand","Shuriken"],"acts_visited":["Exordium","TheCity","TheBeyond","TheEnding"],"potions_floor_usage":[55,55,55,55],"damage_taken":[{"damage":0.0,"enemies":"2 Louse","floor":1.0,"turns":2.0},{"damage":0.0,"enemies":"Small Slimes","floor":4.0,"turns":1.0},{"damage":0.0,"enemies":"3 Sentries","floor":6.0,"turns":2.0},{"damage":0.0,"enemies":"Jaw Worm","floor":7.0,"turns":3.0},{"damage":8.0,"enemies":"Lagavulin","floor":8.0,"turns":3.0},{"damage":0.0,"enemies":"Exordium Thugs","floor":10.0,"turns":3.0},{"damage":9.0,"enemies":"Lagavulin Event","floor":13.0,"turns":3.0},{"damage":12.0,"enemies":"Gremlin Nob","floor":14.0,"turns":3.0},{"damage":12.0,"enemies":"Hexaghost","floor":16.0,"turns":8.0},{"damage":0.0,"enemies":"Spheric Guardian","floor":18.0,"turns":3.0},{"damage":7.0,"enemies":"3 Byrds","floor":20.0,"turns":3.0},{"damage":13.0,"enemies":"Slavers","floor":29.0,"turns":3.0},{"damage":10.0,"enemies":"Sentry and Sphere","floor":30.0,"turns":4.0},{"damage":0.0,"enemies":"Book of Stabbing","floor":31.0,"turns":3.0},{"damage":0.0,"enemies":"Automaton","floor":33.0,"turns":5.0},{"damage":0.0,"enemies":"3 Darklings","floor":35.0,"turns":4.0},{"damage":0.0,"enemies":"3 Shapes","floor":36.0,"turns":3.0},{"damage":0.0,"enemies":"Maw","floor":38.0,"turns":4.0},{"damage":0.0,"enemies":"4 Shapes","floor":39.0,"turns":4.0},{"damage":15.0,"enemies":"Nemesis","floor":41.0,"turns":3.0},{"damage":0.0,"enemies":"Transient","floor":44.0,"turns":5.0},{"damage":0.0,"enemies":"Spire Growth","floor":46.0,"turns":3.0},{"damage":0.0,"enemies":"Sphere and 2 Shapes","floor":47.0,"turns":6.0},{"damage":0.0,"enemies":"Reptomancer","floor":48.0,"turns":3.0},{"damage":52.0,"enemies":"Time Eater","floor":50.0,"turns":9.0},{"damage":33.0,"enemies":"Shield and Spear","floor":54.0,"turns":6.0},{"damage":41,"enemies":"The Heart","floor":55,"turns":5}],"seed_played":"-2377315983066926652","potions_obtained":[{"floor":7.0,"key":"SpeedPotion"},{"floor":8.0,"key":"EntropicBrew"},{"floor":30.0,"key":"Energy Potion"}],"is_trial":false,"path_per_floor":["M","$","?","M","?","E","M","E","T","M","R","?","?","E","R","B",null,"M","$","M","?","?","R","?","R","T","R","$","E","M","E","R","B",null,"M","M","?","M","M","R","E","R","T","M","R","M","M","E","R","B",null,"R","$","E","B"],"character_chosen":"WATCHER","items_purchased":["PathToVictory","ClockworkSouvenir","Vajra","PathToVictory","TalkToTheHand","LikeWater"],"campfire_rested":3,"item_purchase_floors":[2,19,19,19,53,53],"current_hp_per_floor":[61,61,61,61,41,41,43,37,37,39,39,61,54,44,44,34,60,62,62,57,36,36,36,17,38,38,38,38,37,29,31,31,33,71,73,75,75,77,79,79,66,66,66,68,83,83,83,83,83,31,70,83,83,50,11,11],"gold":432,"neow_bonus":"THREE_ENEMY_KILL","is_daily":false,"chose_seed":false,"campfire_upgraded":7,"win_rate":0.0,"timestamp":1609745855,"path_taken":["M","$","?","M","?","E","M","E","T","M","R","?","?","E","R","BOSS","M","$","M","?","?","R","?","R","T","R","?","E","M","E","R","BOSS","M","M","?","M","M","R","E","R","T","M","R","M","?","E","R","BOSS","R","$","E","BOSS"],"items_purchased_type":["Card","Relic","Relic","Card","Card","Card"],"build_version":"2020-12-22","purchased_purges":1,"victory":false,"max_hp_per_floor":[68,68,68,68,68,68,68,68,68,68,68,68,68,68,68,68,68,68,68,68,68,68,68,73,73,73,73,73,83,83,83,83,83,83,83,83,83,83,83,83,83,83,83,83,83,83,83,83,83,83,83,83,83,83,83,83],"card_choices":[{"not_picked":["Crescendo","Vengeance"],"picked":"CutThroughFate","floor":1.0},{"not_picked":["JustLucky","EmptyFist"],"picked":"FlyingSleeves","floor":4.0},{"not_picked":["CrushJoints","CutThroughFate","Halt"],"picked":"SKIP","floor":6.0},{"not_picked":["Worship","CutThroughFate"],"picked":"ClearTheMind","floor":7.0},{"not_picked":["CarveReality","EmptyFist","Wireheading"],"picked":"SKIP","floor":8.0},{"not_picked":["FlurryOfBlows","Evaluate"],"picked":"Wallop","floor":10.0},{"not_picked":["SashWhip","PathToVictory"],"picked":"InnerPeace","floor":13.0},{"not_picked":["Swivel","CutThroughFate","Devotion"],"picked":"SKIP","floor":14.0},{"not_picked":["Alpha","Vault"],"picked":"Scrawl","floor":16.0},{"not_picked":["Prostrate","Swivel","ReachHeaven"],"picked":"SKIP","floor":18.0},{"not_picked":["ThirdEye+1","Protect","Prostrate"],"picked":"SKIP","floor":20.0},{"not_picked":["ThirdEye","ClearTheMind"],"picked":"Perseverance","floor":29.0},{"not_picked":["ClearTheMind","FollowUp","BowlingBash"],"picked":"SKIP","floor":30.0},{"not_picked":["Conclude","FollowUp","Evaluate"],"picked":"SKIP","floor":31.0},{"not_picked":["Blasphemy","LessonLearned"],"picked":"Wish","floor":33.0},{"not_picked":["CarveReality+1"],"picked":"SKIP","floor":35.0},{"not_picked":["CrushJoints+1"],"picked":"SKIP","floor":36.0},{"not_picked":["EmptyMind"],"picked":"SKIP","floor":38.0},{"not_picked":["FlurryOfBlows"],"picked":"SKIP","floor":39.0},{"not_picked":["Protect"],"picked":"SKIP","floor":41.0},{"not_picked":["ForeignInfluence"],"picked":"SKIP","floor":44.0},{"not_picked":["InnerPeace"],"picked":"SKIP","floor":46.0},{"not_picked":["Wish"],"picked":"SKIP","floor":47.0},{"not_picked":["Tantrum"],"picked":"SKIP","floor":48.0},{"not_picked":["BowlingBash"],"picked":"SKIP","floor":54.0}],"player_experience":280420,"relics_obtained":[{"floor":6.0,"key":"Blood Vial"},{"floor":8.0,"key":"Akabeko"},{"floor":9.0,"key":"Orichalcum"},{"floor":13.0,"key":"GoldenEye"},{"floor":14.0,"key":"Letter Opener"},{"floor":21.0,"key":"Enchiridion"},{"floor":26.0,"key":"Ornamental Fan"},{"floor":29.0,"key":"Pear"},{"floor":31.0,"key":"Anchor"},{"floor":41.0,"key":"HornCleat"},{"floor":48.0,"key":"Mummified Hand"},{"floor":54.0,"key":"Shuriken"}],"event_choices":[{"damage_healed":0.0,"max_hp_gain":0.0,"max_hp_loss":0.0,"gold_gain":150.0,"event_name":"Liars Game","player_choice":"AGREE","floor":3.0,"gold_loss":0.0,"damage_taken":0.0,"cards_obtained":["Doubt"]},{"damage_healed":0.0,"max_hp_gain":0.0,"max_hp_loss":0.0,"gold_gain":0.0,"event_name":"Shining Light","player_choice":"Entered Light","floor":5.0,"gold_loss":0.0,"damage_taken":20.0,"cards_upgraded":["Eruption","Vigilance"]},{"damage_healed":22.0,"max_hp_gain":0.0,"max_hp_loss":0.0,"gold_gain":0.0,"event_name":"Big Fish","player_choice":"Banana","floor":12.0,"gold_loss":0.0,"damage_taken":0.0},{"damage_healed":0.0,"max_hp_gain":0.0,"max_hp_loss":0.0,"gold_gain":30.0,"event_name":"Dead Adventurer","player_choice":"Searched \u00273\u0027 times","floor":13.0,"gold_loss":0.0,"damage_taken":0.0},{"damage_healed":0.0,"max_hp_gain":0.0,"max_hp_loss":0.0,"gold_gain":0.0,"event_name":"Cursed Tome","player_choice":"Obtained Book","floor":21.0,"gold_loss":0.0,"damage_taken":21.0},{"cards_removed":["FlyingSleeves"],"damage_healed":0.0,"max_hp_gain":0.0,"max_hp_loss":0.0,"gold_gain":0.0,"event_name":"Beggar","player_choice":"Gave Gold","floor":22.0,"gold_loss":75.0,"damage_taken":0.0},{"damage_healed":0.0,"max_hp_gain":5.0,"max_hp_loss":0.0,"gold_gain":0.0,"event_name":"Forgotten Altar","player_choice":"Shed Blood","floor":24.0,"gold_loss":0.0,"damage_taken":24.0},{"cards_removed":["CutThroughFate"],"damage_healed":0.0,"max_hp_gain":0.0,"max_hp_loss":0.0,"gold_gain":0.0,"event_name":"Designer","player_choice":"Upgrade and Remove","floor":37.0,"gold_loss":110.0,"damage_taken":0.0,"cards_upgraded":["ClearTheMind"]}],"is_beta":false,"boss_relics":[{"not_picked":["Cursed Key","Tiny House"],"picked":"SlaversCollar"},{"not_picked":["Philosopher\u0027s Stone","Empty Cage"],"picked":"Busted Crown"}],"items_purged_floors":[19],"is_endless":false,"potions_floor_spawned":[7,8,10,30,31,35,36,41,44],"killed_by":"The Heart","ascension_level":15}}