{"host":"jegehu1t82aiec5j","time":1609791610,"event":{"mods":["BaseMod","Colored Map","Minty Spire (QoL Compilation)","Relic Stats","StSLib"],"gold_per_floor":[113,113,131,141,155,155,155,80,80,80,80,99,116,131,131,131,131],"floor_reached":16,"playtime":317,"items_purged":["Heel Hook"],"score":188,"play_id":"24c40a8a-276e-4e39-add8-a0c12eb3192f","local_time":"20210104152010","daily_mods":["SealedDeck","Heirloom","Time Dilation"],"is_ascension_mode":true,"campfire_choices":[{"data":"Terror","floor":6,"key":"SMITH"},{"data":"Slice","floor":10,"key":"SMITH"},{"data":"Slice","floor":15,"key":"SMITH"}],"circlet_count":0,"master_deck":["AscendersBane","Poisoned Stab","Sucker Punch","Poisoned Stab","Backstab","Deflect","Slice+1","Deflect","Burst","Terror+1","Backstab","Slice+1","Deflect"],"relics":["Unceasing Top","The Specimen","StrikeDummy","Pear"],"acts_visited":["Exordium"],"potions_floor_usage":[16],"damage_taken":[{"damage":0,"enemies":"Cultist","floor":1,"turns":2},{"damage":6,"enemies":"2 Louse","floor":3,"turns":2},{"damage":0,"enemies":"Jaw Worm","floor":4,"turns":1},{"damage":0,"enemies":"2 Fungi Beasts","floor":5,"turns":2},{"damage":0,"enemies":"Large Slime","floor":12,"turns":1},{"damage":7,"enemies":"Looter","floor":13,"turns":2},{"damage":8,"enemies":"Exordium Wildlife","floor":14,"turns":2},{"damage":52,"enemies":"Slime Boss","floor":16,"turns":8}],"seed_played":"4493755830109974242","potions_obtained":[{"floor":4,"key":"Ancient Potion"},{"floor":5,"key":"Weak Potion"}],"is_trial":true,"path_per_floor":["M","?","M","M","M","R","?","$","T","R","$","M","M","M","R","B"],"character_chosen":"THE_SILENT","items_purchased":[],"campfire_rested":0,"item_purchase_floors":[],"current_hp_per_floor":[59,59,53,53,53,53,53,53,63,63,63,63,56,48,48,0,0],"gold":131,"neow_bonus":"","is_daily":false,"chose_seed":false,"campfire_upgraded":3,"win_rate":0.0,"timestamp":1609791610,"path_taken":["M","?","?","M","M","R","?","$","T","R","$","M","?","M","R","BOSS"],"items_purchased_type":[],"build_version":"2020-12-22","purchased_purges":1,"victory":false,"max_hp_per_floor":[66,66,66,66,66,66,66,66,76,76,76,76,76,76,76,76,76],"relic_stats":{"counters":[8,20],"obtain_stats":[{"Pear":9,"The Specimen":0,"StrikeDummy":7,"Unceasing Top":0},{"Pear":4,"The Specimen":0,"StrikeDummy":4,"Unceasing Top":0},{"Pear":7,"The Specimen":0,"StrikeDummy":7,"Unceasing Top":0}],"Unceasing Top":[17]},"card_choices":[{"not_picked":["Finisher","Dodge and Roll","Deflect"],"picked":"SKIP","floor":1},{"not_picked":["Expertise","Dodge and Roll"],"picked":"Terror","floor":3},{"not_picked":["Footwork","Poisoned Stab"],"picked":"Backstab","floor":4},{"not_picked":["All Out Attack","Dagger Spray","Flying Knee"],"picked":"SKIP","floor":5},{"not_picked":["Sucker Punch","Blade Dance","Dagger Throw"],"picked":"SKIP","floor":12},{"not_picked":["Terror","Flying Knee"],"picked":"Slice","floor":13},{"not_picked":["Deadly Poison","Escape Plan"],"picked":"Deflect","floor":14}],"player_experience":2537620,"relics_obtained":[{"floor":9,"key":"Pear"}],"event_choices":[{"damage_healed":0,"gold_gain":0,"cards_transformed":["Poisoned Stab"],"player_choice":"Transformed","damage_taken":0,"max_hp_gain":0,"max_hp_loss":0,"event_name":"Transmorgrifier","floor":2,"gold_loss":0,"cards_obtained":["Burst"]},{"cards_removed":["Well Laid Plans"],"damage_healed":0,"gold_gain":0,"player_choice":"Gave Card","damage_taken":0,"relics_obtained":["StrikeDummy"],"max_hp_gain":0,"max_hp_loss":0,"event_name":"WeMeetAgain","floor":7,"gold_loss":0}],"is_beta":false,"boss_relics":[],"items_purged_floors":[8],"is_endless":false,"potions_floor_spawned":[4,5,14],"killed_by":"Slime Boss","ascension_level":20}}