{"host":"x3lqeik2a5qeoft8","time":1609789494,"event":{"mods":["AchievementEnabler","BaseMod","Minty Spire (QoL Compilation)","SuperFastMode"],"gold_per_floor":[119,139,155,155,173,200,80,91,91,91,91,107,107,122,122,219,219,232,246,96,111,11,11,11,11],"floor_reached":24,"playtime":1057,"items_purged":["Heel Hook+1","Venomology+1"],"score":230,"play_id":"81a86506-dbfc-4f01-a263-6df507a705ef","local_time":"20210104204454","is_ascension_mode":true,"campfire_choices":[{"floor":11,"key":"REST"},{"floor":13,"key":"REST"},{"floor":15,"key":"REST"},{"floor":23,"key":"REST"}],"circlet_count":0,"master_deck":["Survivor","Neutralize","A Thousand Cuts","Outmaneuver","Cloak And Dagger","Envenom","A Thousand Cuts","Deadly Poison+1","Deadly Poison","Dagger Throw","Quick Slash+1","Noxious Fumes","Backflip","Bane","Crippling Poison","Corpse Explosion","Finisher","Deadly Poison","Blur","Glass Knife","Dagger Throw+1","Footwork","Backflip"],"relics":["Pandora\u0027s Box","Dream Catcher","Whetstone","War Paint","Sozu","Snake Skull"],"acts_visited":["Exordium","TheCity"],"potions_floor_usage":[2,2,3,5,6,6,8,8,16,16,19,21],"damage_taken":[{"damage":15,"enemies":"Small Slimes","floor":1,"turns":4},{"damage":1,"enemies":"Cultist","floor":2,"turns":4},{"damage":9,"enemies":"Jaw Worm","floor":3,"turns":5},{"damage":27,"enemies":"Gremlin Gang","floor":5,"turns":4},{"damage":20,"enemies":"Lagavulin","floor":6,"turns":6},{"damage":5,"enemies":"Lots of Slimes","floor":8,"turns":2},{"damage":11,"enemies":"Red Slaver","floor":12,"turns":4},{"damage":4,"enemies":"2 Fungi Beasts","floor":14,"turns":3},{"damage":29,"enemies":"Slime Boss","floor":16,"turns":6},{"damage":13,"enemies":"3 Byrds","floor":18,"turns":3},{"damage":20,"enemies":"Chosen","floor":19,"turns":5},{"damage":29,"enemies":"Centurion and Healer","floor":21,"turns":5},{"damage":34,"enemies":"Gremlin Leader","floor":24,"turns":3}],"seed_played":"-7705375821124507555","potions_obtained":[{"floor":1,"key":"SpeedPotion"},{"floor":2,"key":"ColorlessPotion"},{"floor":5,"key":"CunningPotion"},{"floor":14,"key":"FearPotion"},{"floor":16,"key":"PowerPotion"}],"is_trial":false,"path_per_floor":["M","M","M","?","M","E","$","M","T","?","R","M","R","M","R","B",null,"M","M","$","M","$","R","E"],"character_chosen":"THE_SILENT","items_purchased":["Backflip","Snake Skull"],"campfire_rested":4,"item_purchase_floors":[7,20],"current_hp_per_floor":[55,68,59,59,32,12,12,7,7,7,28,17,38,34,55,26,70,57,37,37,8,8,29,0,0],"gold":11,"neow_bonus":"BOSS_RELIC","is_daily":false,"chose_seed":false,"campfire_upgraded":0,"win_rate":0.0,"timestamp":1609789494,"path_taken":["M","M","M","?","M","E","$","?","T","?","R","M","R","M","R","BOSS","M","M","$","M","$","R","E"],"items_purchased_type":["Card","Relic"],"build_version":"2020-12-22","purchased_purges":2,"victory":false,"max_hp_per_floor":[70,70,70,70,70,70,70,70,70,70,70,70,70,70,70,70,70,70,70,70,70,70,70,70,70],"card_choices":[{"not_picked":["Underhanded Strike","Blade Dance","Backstab"],"picked":"SKIP","floor":1},{"not_picked":["Flying Knee","Masterful Stab"],"picked":"Deadly Poison","floor":2},{"not_picked":["Sucker Punch","Crippling Poison"],"picked":"Dagger Throw","floor":3},{"not_picked":["Sucker Punch","Expertise"],"picked":"Quick Slash","floor":5},{"not_picked":["Escape Plan","Accuracy"],"picked":"Noxious Fumes","floor":6},{"not_picked":["Flying Knee","Terror"],"picked":"Bane","floor":8},{"not_picked":["Flechettes","Skewer"],"picked":"Corpse Explosion","floor":12},{"not_picked":["Eviscerate","Flechettes"],"picked":"Finisher","floor":13},{"not_picked":["Poisoned Stab","Backstab"],"picked":"Deadly Poison","floor":14},{"not_picked":["Riddle With Holes","Quick Slash"],"picked":"Blur","floor":15},{"not_picked":["Grand Finale","Envenom"],"picked":"Glass Knife","floor":16},{"not_picked":["All Out Attack","Dodge and Roll"],"picked":"Dagger Throw+1","floor":18},{"not_picked":["Deadly Poison","Blade Dance"],"picked":"Footwork","floor":19},{"not_picked":["Calculated Gamble+1","Deflect"],"picked":"Backflip","floor":21}],"player_experience":112809,"relics_obtained":[{"floor":6,"key":"Whetstone"},{"floor":9,"key":"War Paint"}],"event_choices":[{"cards_removed":["Well Laid Plans"],"damage_healed":0,"gold_gain":0,"player_choice":"Gave Card","damage_taken":0,"relics_obtained":["Dream Catcher"],"max_hp_gain":0,"max_hp_loss":0,"event_name":"WeMeetAgain","floor":4,"gold_loss":0},{"damage_healed":0,"gold_gain":0,"cards_transformed":["Burst"],"player_choice":"Transformed","damage_taken":0,"max_hp_gain":0,"max_hp_loss":0,"event_name":"Transmorgrifier","floor":10,"gold_loss":0,"cards_obtained":["Crippling Poison"]}],"is_beta":false,"boss_relics":[{"not_picked":["Busted Crown","WristBlade"],"picked":"Sozu"}],"items_purged_floors":[7,22],"is_endless":false,"potions_floor_spawned":[1,2,5,14,16,18,21],"killed_by":"Gremlin Leader","ascension_level":3}}