{"host":"f5n4tidiz2n5sooh","time":1609728842,"event":{"mods":["BaseMod","Bestiary","Colored Map","Minty Spire (QoL Compilation)","Relic Stats","StSLib"],"gold_per_floor":[111,386,33,51,51,83,83,117,143,143,167,176,176,205,205,293,293,321,236,236,264,273,273,11,11,311,311,55,78,106,121,121,121,121],"floor_reached":33,"playtime":946,"items_purged":["Regret","Strike_B","Strike_B"],"score":531,"play_id":"caa8eec5-a043-43e2-afd0-acbe22b28d1e","local_time":"20210103205402","is_ascension_mode":true,"campfire_choices":[{"floor":7,"key":"REST"},{"floor":13,"key":"REST"},{"data":"Loop","floor":15,"key":"SMITH"},{"data":"Self Repair","floor":23,"key":"SMITH"},{"data":"Cold Snap","floor":25,"key":"SMITH"},{"data":"Core Surge","floor":27,"key":"SMITH"},{"data":"Defragment","floor":32,"key":"SMITH"}],"circlet_count":0,"master_deck":["AscendersBane","Strike_B","Defend_B","Defend_B","Defend_B","Defend_B","Zap","Dualcast","Loop+1","Rebound","Self Repair+1","Leap","Ball Lightning","Auto Shields","Core Surge+1","Static Discharge+1","Cold Snap+1","Loop+1","Defragment+1","Ball Lightning","Compile Driver","Consume","Loop"],"relics":["Velvet Choker","Ancient Tea Set","Nunchaku","Bronze Scales","CeramicFish","WarpedTongs","Empty Cage","Pen Nib","Lee\u0027s Waffle","Old Coin"],"acts_visited":["Exordium","TheCity"],"potions_floor_usage":[4,16,16,33],"damage_taken":[{"damage":0,"enemies":"Cultist","floor":1,"turns":3},{"damage":0,"enemies":"Small Slimes","floor":4,"turns":3},{"damage":45,"enemies":"3 Sentries","floor":6,"turns":10},{"damage":30,"enemies":"Lagavulin","floor":8,"turns":7},{"damage":8,"enemies":"2 Louse","floor":11,"turns":1},{"damage":4,"enemies":"2 Fungi Beasts","floor":14,"turns":3},{"damage":21,"enemies":"Hexaghost","floor":16,"turns":9},{"damage":10,"enemies":"Spheric Guardian","floor":18,"turns":4},{"damage":10,"enemies":"3 Byrds","floor":21,"turns":3},{"damage":14,"enemies":"Centurion and Healer","floor":29,"turns":5},{"damage":24,"enemies":"3 Cultists","floor":30,"turns":5},{"damage":10,"enemies":"Sentry and Sphere","floor":31,"turns":4},{"damage":71,"enemies":"Automaton","floor":33,"turns":6}],"seed_played":"2961169700256876057","potions_obtained":[{"floor":8,"key":"Energy Potion"},{"floor":11,"key":"DistilledChaos"},{"floor":14,"key":"SkillPotion"},{"floor":18,"key":"FearPotion"},{"floor":30,"key":"Block Potion"}],"is_trial":false,"path_per_floor":["M","?","$","M","?","E","R","E","T","?","M","?","R","M","R","B",null,"M","?","?","M","?","R","$","R","T","R","$","M","M","M","R","B"],"character_chosen":"DEFECT","items_purchased":["Ancient Tea Set","Fire Potion","Rebound","Lee\u0027s Waffle","Defragment","Ball Lightning","Compile Driver"],"campfire_rested":2,"item_purchase_floors":[3,3,3,24,28,28,28],"current_hp_per_floor":[64,64,64,64,64,19,40,17,17,17,9,9,30,36,36,22,59,56,56,56,53,53,53,78,78,78,78,78,74,60,60,60,0,0],"gold":121,"neow_bonus":"BOSS_RELIC","is_daily":false,"chose_seed":false,"campfire_upgraded":5,"win_rate":0.0,"timestamp":1609728842,"path_taken":["M","?","?","M","?","E","R","E","T","?","M","?","R","?","R","BOSS","M","?","?","M","?","R","$","R","T","R","$","?","M","M","R","BOSS"],"items_purchased_type":["Relic","Potion","Card","Relic","Card","Card","Card"],"build_version":"2020-12-22","purchased_purges":3,"victory":false,"max_hp_per_floor":[71,71,71,71,71,71,71,71,71,71,71,71,71,71,71,71,71,71,71,71,71,71,71,78,78,78,78,78,78,78,78,78,78,78],"relic_stats":{"Nunchaku":[6],"Lee\u0027s Waffle":25,"counters":[13,63],"Bronze Scales":[146],"CeramicFish":108,"Pen Nib":[3],"obtain_stats":[{"Nunchaku":6,"Lee\u0027s Waffle":24,"Bronze Scales":8,"CeramicFish":9,"Velvet Choker":0,"Pen Nib":19,"Cracked Core":0,"Ancient Tea Set":3,"Empty Cage":17,"WarpedTongs":12,"Old Coin":26},{"Nunchaku":3,"Lee\u0027s Waffle":9,"Bronze Scales":4,"CeramicFish":4,"Velvet Choker":0,"Pen Nib":8,"Cracked Core":0,"Ancient Tea Set":1,"Empty Cage":7,"WarpedTongs":5,"Old Coin":9},{"Nunchaku":16,"Lee\u0027s Waffle":43,"Bronze Scales":23,"CeramicFish":23,"Velvet Choker":0,"Pen Nib":40,"Cracked Core":0,"Ancient Tea Set":3,"Empty Cage":36,"WarpedTongs":24,"Old Coin":43}],"WarpedTongs":[37]},"card_choices":[{"not_picked":["Sweeping Beam","Steam"],"picked":"Loop","floor":1},{"not_picked":["Recycle","Storm","Aggregate"],"picked":"SKIP","floor":4},{"not_picked":["Steam Power","Redo"],"picked":"Self Repair","floor":6},{"not_picked":["Recycle","BootSequence"],"picked":"Leap","floor":8},{"not_picked":["Rebound","Conserve Battery"],"picked":"Ball Lightning","floor":11},{"not_picked":["Gash","Steam"],"picked":"Auto Shields","floor":14},{"not_picked":["Buffer","Rainbow"],"picked":"Core Surge","floor":16},{"not_picked":["Ball Lightning","Conserve Battery+1"],"picked":"Static Discharge+1","floor":18},{"not_picked":["Conserve Battery","Beam Cell"],"picked":"Cold Snap","floor":21},{"not_picked":["Storm","Turbo"],"picked":"Consume","floor":29},{"not_picked":["Compile Driver+1","Core Surge"],"picked":"Loop","floor":30},{"not_picked":["Storm","Sweeping Beam+1","Rebound"],"picked":"SKIP","floor":31}],"player_experience":1970597,"relics_obtained":[{"floor":6,"key":"Nunchaku"},{"floor":8,"key":"Bronze Scales"},{"floor":9,"key":"CeramicFish"},{"floor":26,"key":"Old Coin"}],"event_choices":[{"damage_healed":0,"gold_gain":275,"player_choice":"Desecrate","damage_taken":0,"max_hp_gain":0,"max_hp_loss":0,"event_name":"Golden Shrine","floor":2,"gold_loss":0,"cards_obtained":["Regret"]},{"damage_healed":0,"gold_gain":0,"player_choice":"Ignored","damage_taken":0,"max_hp_gain":0,"max_hp_loss":0,"event_name":"Liars Game","floor":5,"gold_loss":0},{"damage_healed":0,"gold_gain":0,"player_choice":"Ignored","damage_taken":0,"max_hp_gain":0,"max_hp_loss":0,"event_name":"Shining Light","floor":10,"gold_loss":0},{"damage_healed":0,"gold_gain":0,"player_choice":"Rummage","damage_taken":0,"relics_obtained":["WarpedTongs"],"max_hp_gain":0,"max_hp_loss":0,"event_name":"Accursed Blacksmith","floor":12,"gold_loss":0,"cards_obtained":["Pain"]},{"damage_healed":0,"gold_gain":0,"player_choice":"Obtained Relic","damage_taken":0,"relics_obtained":["Pen Nib"],"max_hp_gain":0,"max_hp_loss":0,"event_name":"Addict","floor":19,"gold_loss":85},{"damage_healed":0,"gold_gain":0,"player_choice":"Ignored","damage_taken":0,"max_hp_gain":0,"max_hp_loss":0,"event_name":"The Mausoleum","floor":20,"gold_loss":0},{"damage_healed":0,"gold_gain":0,"player_choice":"Copied","damage_taken":0,"max_hp_gain":0,"max_hp_loss":0,"event_name":"Duplicator","floor":22,"gold_loss":0,"cards_obtained":["Loop"]}],"is_beta":false,"boss_relics":[{"not_picked":["Nuclear Battery","Fusion Hammer"],"picked":"Empty Cage"}],"items_purged_floors":[3,24,28],"is_endless":false,"potions_floor_spawned":[8,11,14,18,30],"killed_by":"Automaton","ascension_level":20}}