{"host":"dntw6kil9p09eemm","time":1609774265,"event":{"mods":["AchievementEnabler","Alarm Clock","BaseMod","Become a monster €›?Œ÷","Minty Spire (QoL Compilation)","Permanent Neow","Shop Mod","StSLib"],"gold_per_floor":[199,214,214,225,47,47,47,61,71,71,48,68,81,101,135,135,236,236,247,347,358,374,67,94,129,129,129,146,71,103,103,115,115,211,211,228,245,300,300,300,300,300,300,300,236,254,254,129,142,142,142,142,142,142,177,177,177],"floor_reached":56,"playtime":2331,"items_purged":["Strike_R","Strike_R","Bash"],"score":710,"play_id":"08204e25-5a53-48ca-9b30-96ce0c7afb4e","local_time":"20210105003105","is_ascension_mode":false,"campfire_choices":[{"floor":7,"key":"RECALL"},{"data":"Immolate","floor":16,"key":"SMITH"},{"data":"The Bomb","floor":26,"key":"SMITH"},{"data":"Immolate","floor":31,"key":"SMITH"},{"data":"Iron Wave","floor":33,"key":"SMITH"},{"data":"Headbutt","floor":41,"key":"SMITH"},{"data":"Headbutt","floor":47,"key":"SMITH"},{"data":"Anger","floor":50,"key":"SMITH"},{"data":"Flame Barrier","floor":53,"key":"SMITH"}],"circlet_count":0,"master_deck":["Strike_R","Strike_R","Strike_R","Defend_R","Defend_R","Defend_R","Clash","Headbutt+1","Thunderclap","Cleave","Clash","Clash","Shrug It Off","Cleave","Flame Barrier+1","Immolate+1","Shrug It Off","The Bomb+1","Immolate+1","Headbutt+1","Reckless Charge+1","Iron Wave+1","Anger+1","Fire Breathing","Thunderclap","Iron Wave+1"],"relics":["Burning Blood","Bronze Scales","Odd Mushroom","CaptainsWheel","Sozu","MerchantsRug","Anchor","Oddly Smooth Stone","Toxic Egg 2","Runic Cube","Charon\u0027s Ashes","Thread and Needle","Magic Flower","Art of War"],"acts_visited":["Exordium","TheCity","TheBeyond","TheEnding"],"potions_floor_usage":[14,15,15,19,25],"damage_taken":[{"damage":0,"enemies":"3 Shapes","floor":2,"turns":1},{"damage":9,"enemies":"Small Slimes","floor":4,"turns":4},{"damage":6,"enemies":"Cultist","floor":8,"turns":3},{"damage":8,"enemies":"Large Slime","floor":9,"turns":3},{"damage":2,"enemies":"Blue Slaver","floor":12,"turns":2},{"damage":0,"enemies":"Looter","floor":13,"turns":1},{"damage":0,"enemies":"The Mushroom Lair","floor":14,"turns":2},{"damage":5,"enemies":"3 Sentries","floor":15,"turns":8},{"damage":25,"enemies":"Slime Boss","floor":17,"turns":9},{"damage":3,"enemies":"2 Thieves","floor":19,"turns":2},{"damage":0,"enemies":"Chosen","floor":21,"turns":2},{"damage":0,"enemies":"Centurion and Healer","floor":22,"turns":4},{"damage":17,"enemies":"Slavers","floor":25,"turns":4},{"damage":0,"enemies":"Chosen and Byrds","floor":28,"turns":3},{"damage":0,"enemies":"Gremlin Leader","floor":30,"turns":3},{"damage":11,"enemies":"Snake Plant","floor":32,"turns":2},{"damage":62,"enemies":"Collector","floor":34,"turns":7},{"damage":0,"enemies":"Orb Walker","floor":36,"turns":3},{"damage":13,"enemies":"3 Shapes","floor":37,"turns":3},{"damage":34,"enemies":"2 Orb Walkers","floor":38,"turns":3},{"damage":0,"enemies":"3 Darklings","floor":46,"turns":3},{"damage":0,"enemies":"4 Shapes","floor":49,"turns":3},{"damage":59,"enemies":"Donu and Deca","floor":51,"turns":7},{"damage":44,"enemies":"Shield and Spear","floor":55,"turns":4},{"damage":56,"enemies":"The Heart","floor":56,"turns":3}],"seed_played":"-1705518383136817444","potions_obtained":[{"floor":4,"key":"EssenceOfSteel"},{"floor":12,"key":"Block Potion"},{"floor":13,"key":"Explosive Potion"},{"floor":14,"key":"AttackPotion"},{"floor":17,"key":"AttackPotion"}],"is_trial":false,"path_per_floor":["M","M","?","M","$","?","R","M","M","T","$","M","M","?","E","R","B",null,"M","?","M","M","$","T","E","R","T","M","$","E","R","M","R","B",null,"M","M","?","?","?","R","?","T","T","$","M","R","$","M","R","B",null,"R","$","E","B"],"character_chosen":"IRONCLAD","items_purchased":["Thunderclap","Bronze Scales","Clash","MerchantsRug","The Bomb"],"campfire_rested":0,"item_purchase_floors":[5,5,11,23,23],"current_hp_per_floor":[80,80,80,77,77,82,82,82,80,80,80,84,85,85,85,85,66,85,85,85,85,85,85,85,74,74,74,80,80,85,85,80,80,24,85,85,78,50,50,50,50,50,50,50,50,59,59,59,68,68,18,81,81,81,46,0,0],"gold":177,"neow_bonus":"HUNDRED_GOLD","is_daily":false,"chose_seed":false,"campfire_upgraded":8,"win_rate":0.0,"timestamp":1609774265,"path_taken":["M","?","M","$","?","R","M","M","T","$","M","M","?","E","R","BOSS","M","?","M","M","$","?","E","R","T","M","$","E","R","M","R","BOSS","M","M","?","?","?","R","?","?","T","$","M","R","?","M","R","BOSS","R","$","E","BOSS"],"items_purchased_type":["Card","Relic","Card","Relic","Card"],"build_version":"2020-12-22","purchased_purges":3,"victory":false,"max_hp_per_floor":[80,80,80,80,80,85,85,85,85,85,85,85,85,85,85,85,85,85,85,85,85,85,85,85,85,85,85,85,85,85,85,85,85,85,85,85,85,85,85,85,85,81,81,81,81,81,81,81,81,81,81,81,81,81,81,81,81],"card_choices":[{"not_picked":["Iron Wave","Power Through"],"picked":"Clash","floor":2},{"not_picked":["Havoc","Dual Wield"],"picked":"Headbutt","floor":4},{"not_picked":["Flex","Bludgeon"],"picked":"Cleave","floor":8},{"not_picked":["Cleave","True Grit"],"picked":"Clash","floor":9},{"not_picked":["Clash","Entrench"],"picked":"Shrug It Off","floor":12},{"not_picked":["Body Slam","Dual Wield"],"picked":"Cleave","floor":13},{"not_picked":["Warcry","Shockwave"],"picked":"Flame Barrier","floor":14},{"not_picked":["Armaments","Pommel Strike"],"picked":"Immolate","floor":15},{"not_picked":["Body Slam","Wild Strike"],"picked":"Shrug It Off","floor":19},{"not_picked":["Twin Strike+1","Clothesline","Flex+1"],"picked":"SKIP","floor":21},{"not_picked":["Body Slam","Infernal Blade","Evolve"],"picked":"SKIP","floor":22},{"not_picked":["Twin Strike+1","Armaments"],"picked":"Immolate","floor":25},{"not_picked":["Havoc+1","Entrench+1"],"picked":"Headbutt","floor":28},{"not_picked":["Clothesline","Inflame"],"picked":"Reckless Charge+1","floor":30},{"not_picked":["Clothesline","Feel No Pain"],"picked":"Iron Wave","floor":32},{"not_picked":["Flame Barrier+1","Rupture"],"picked":"Anger","floor":36},{"not_picked":["Intimidate+1","Warcry+1"],"picked":"Fire Breathing","floor":37},{"not_picked":["Pommel Strike","Iron Wave"],"picked":"Thunderclap","floor":46},{"not_picked":["Pommel Strike","Sword Boomerang+1","True Grit+1"],"picked":"SKIP","floor":49},{"not_picked":["True Grit+1","Battle Trance+1"],"picked":"Iron Wave+1","floor":55}],"player_experience":169551,"relics_obtained":[{"floor":14,"key":"Odd Mushroom"},{"floor":15,"key":"CaptainsWheel"},{"floor":24,"key":"Anchor"},{"floor":25,"key":"Oddly Smooth Stone"},{"floor":27,"key":"Toxic Egg 2"},{"floor":30,"key":"PreservedInsect"},{"floor":38,"key":"Charon\u0027s Ashes"},{"floor":43,"key":"Thread and Needle"},{"floor":44,"key":"Magic Flower"},{"floor":55,"key":"Art of War"}],"event_choices":[{"damage_healed":0,"gold_gain":0,"player_choice":"Ignored","damage_taken":0,"max_hp_gain":0,"max_hp_loss":0,"event_name":"Shining Light","floor":3,"gold_loss":0},{"damage_healed":0,"gold_gain":0,"player_choice":"Donut","damage_taken":0,"max_hp_gain":5,"max_hp_loss":0,"event_name":"Big Fish","floor":6,"gold_loss":0},{"damage_healed":0,"gold_gain":0,"player_choice":"Fought Mushrooms","damage_taken":0,"max_hp_gain":0,"max_hp_loss":0,"event_name":"Mushrooms","floor":14,"gold_loss":0},{"damage_healed":0,"gold_gain":100,"player_choice":"Pray","damage_taken":0,"max_hp_gain":0,"max_hp_loss":0,"event_name":"Golden Shrine","floor":20,"gold_loss":0},{"damage_healed":0,"gold_gain":0,"player_choice":"Fight","damage_taken":0,"max_hp_gain":0,"max_hp_loss":0,"event_name":"Mysterious Sphere","floor":38,"gold_loss":0},{"cards_removed":["Defend_R"],"damage_healed":0,"gold_gain":0,"player_choice":"Removed Skill","damage_taken":0,"max_hp_gain":0,"max_hp_loss":0,"event_name":"Falling","floor":39,"gold_loss":0},{"damage_healed":0,"gold_gain":0,"player_choice":"Ignored","damage_taken":0,"max_hp_gain":0,"max_hp_loss":0,"event_name":"Tomb of Lord Red Mask","floor":40,"gold_loss":0},{"damage_healed":0,"gold_gain":0,"player_choice":"Max HP","damage_taken":0,"max_hp_gain":0,"max_hp_loss":4,"event_name":"Winding Halls","floor":42,"gold_loss":0}],"is_beta":false,"boss_relics":[{"not_picked":["Velvet Choker","Runic Pyramid"],"picked":"Sozu"},{"not_picked":["Tiny House","Calling Bell"],"picked":"Runic Cube"}],"items_purged_floors":[29,45,48],"is_endless":false,"potions_floor_spawned":[4,12,13,14,17,21,28,30,46],"killed_by":"The Heart","ascension_level":0}}