{"host":"d64axfghkv1zq619","time":1609726607,"event":{"mods":["BaseMod","Better Third Choice","Custom Start","Defuse TimeMaze Blight","Downfall","Friendly Minions","Infinite Spire","Minty Spire (QoL Compilation)","Shade Mod","Spicy Shops","StSLib","The Elementalist","The Marked"],"gold_per_floor":[114,114,91,111,61,140,166,166,193,193,212,212,239,250,250,352,352,362,375,392,492,112,112,112],"floor_reached":23,"playtime":1821,"items_purged":["Pride"],"score":224,"play_id":"f7935b7a-1cdf-44e6-b622-ebfbe7a57fb0","local_time":"20210103191647","is_ascension_mode":false,"campfire_choices":[{"data":"elementalist:Crystal_Chalk","floor":8.0,"key":"SMITH"},{"data":"elementalist:Mist","floor":10.0,"key":"SMITH"},{"data":"elementalist:Earthstrike","floor":12.0,"key":"SMITH"},{"data":"elementalist:Firestrike","floor":15.0,"key":"SMITH"}],"circlet_count":0,"master_deck":["elementalist:Water_Emblem","elementalist:Water_Emblem","elementalist:Defend_Elemblue","elementalist:Defend_Elemblue","elementalist:Defend_Elemblue","elementalist:Defend_Elemblue","elementalist:Defend_Elemblue","elementalist:Firestrike+1","elementalist:Earthstrike+1","elementalist:Waterstrike","elementalist:Airstrike","elementalist:Crystal_Chalk+1","elementalist:Mist+1","elementalist:Wards","elementalist:Mist","elementalist:Rising_Vapors","elementalist:Emberveil","elementalist:Blaze+1"],"relics":["elementalistmod:MagusStaff","elementalistmod:BlueRibbon","NeowsBlessing","elementalistmod:BlueRibbon","infinitespire:EmpoweringShard","infinitespire:Magic Flask","infinitespire:Satchel","Toy Ornithopter","Coffee Dripper","Toxic Egg 2","Tiny Chest"],"acts_visited":["Exordium","TheCity"],"potions_floor_usage":[16,16,18,23],"damage_taken":[{"damage":0.0,"enemies":"2 Louse","floor":1.0,"turns":1.0},{"damage":0.0,"enemies":"Cultist","floor":4.0,"turns":1.0},{"damage":0.0,"enemies":"3 Sentries","floor":7.0,"turns":1.0},{"damage":1.0,"enemies":"Jaw Worm","floor":11.0,"turns":3.0},{"damage":21.0,"enemies":"Gremlin Nob","floor":13.0,"turns":4.0},{"damage":0.0,"enemies":"Blue Slaver","floor":14.0,"turns":4.0},{"damage":23,"enemies":"Slime Boss","floor":16,"turns":14},{"damage":3,"enemies":"Spheric Guardian","floor":18,"turns":6},{"damage":66,"enemies":"Chosen","floor":19,"turns":11},{"damage":0,"enemies":"Shelled Parasite and Fungi","floor":20,"turns":6},{"damage":29,"enemies":"Gremlin Leader","floor":23,"turns":5}],"seed_played":"3799324292409749166","potions_obtained":[{"floor":4.0,"key":"Energy Potion"},{"floor":11.0,"key":"champ:CounterPotion"},{"floor":14.0,"key":"SteroidPotion"},{"floor":16,"key":"Weak Potion"},{"floor":20,"key":"Strength Potion"}],"is_trial":false,"path_per_floor":["M","?","$","M","?","T","E","R","T","R","M","R","E","M","R","B",null,"M","M","M","?","$","E"],"character_chosen":"THE_ELEMENTALIST","items_purchased":["elementalist:Wards","Toxic Egg 2","Tiny Chest"],"campfire_rested":0,"item_purchase_floors":[3,22,22],"current_hp_per_floor":[70,70,70,70,70,70,70,70,70,70,69,69,48,48,48,35,70,67,7,13,13,13,0,0],"gold":112,"neow_bonus":"THREE_ENEMY_KILL","is_daily":false,"chose_seed":false,"campfire_upgraded":4,"win_rate":0.0,"timestamp":1609726607,"path_taken":["M","?","?","M","?","?","E","R","T","R","M","R","E","M","R","BOSS","M","M","M","?","?","E"],"items_purchased_type":["Card","Relic","Relic"],"build_version":"2020-12-22","purchased_purges":1,"victory":false,"max_hp_per_floor":[70,70,70,70,70,70,70,70,70,70,70,70,70,70,70,70,70,70,70,70,70,70,70,70],"card_choices":[{"not_picked":["elementalist:Monument","elementalist:Cyclone"],"picked":"elementalist:Mist","floor":1.0},{"not_picked":["elementalist:Mist","elementalist:Momentum","elementalist:Pressurize"],"picked":"SKIP","floor":4.0},{"not_picked":["elementalist:Stone_to_Mud","elementalist:Spout","elementalist:Prepared_Sand"],"picked":"SKIP","floor":7.0},{"not_picked":["elementalist:Aero","elementalist:Widdershins_Conversion","elementalist:Mist"],"picked":"SKIP","floor":11.0},{"not_picked":["elementalist:Lunar_Form","elementalist:Cauterize","elementalist:Concentricity"],"picked":"SKIP","floor":13.0},{"not_picked":["elementalist:Overheat","elementalist:Cauterize"],"picked":"elementalist:Mist","floor":14.0},{"not_picked":["elementalist:Glaciate","elementalist:Astral_Form"],"picked":"elementalist:Rising_Vapors","floor":16},{"not_picked":["elementalist:Etherstrike","elementalist:Breeze"],"picked":"elementalist:Emberveil","floor":18},{"not_picked":["elementalist:Mist+1","elementalist:Overheat"],"picked":"elementalist:Blaze+1","floor":19},{"not_picked":["elementalist:Geomancy","elementalist:Spout+1","elementalist:Pressurize"],"picked":"SKIP","floor":20}],"player_experience":555803,"relics_obtained":[{"floor":6.0,"key":"infinitespire:EmpoweringShard"},{"floor":7.0,"key":"infinitespire:Magic Flask"},{"floor":9.0,"key":"infinitespire:Satchel"},{"floor":13.0,"key":"Toy Ornithopter"}],"event_choices":[{"cards_removed":["elementalist:Strike+Elemblue"],"damage_healed":0.0,"max_hp_gain":0.0,"max_hp_loss":0.0,"gold_gain":0.0,"event_name":"The Cleric","player_choice":"Card Removal","floor":5.0,"gold_loss":50.0,"damage_taken":0.0},{"damage_healed":0,"gold_gain":100,"player_choice":"Pray","damage_taken":0,"max_hp_gain":0,"max_hp_loss":0,"event_name":"Golden Shrine","floor":21,"gold_loss":0}],"is_beta":false,"boss_relics":[{"not_picked":["Sozu","infinitespire:Cupcake"],"picked":"Coffee Dripper"}],"items_purged_floors":[22],"is_endless":false,"potions_floor_spawned":[4,11,14,16,20],"killed_by":"Gremlin Leader","ascension_level":0}}