{"host":"f5n4tidiz2n5sooh","time":1609725490,"event":{"mods":["BaseMod","Bestiary","Colored Map","Minty Spire (QoL Compilation)","Relic Stats","StSLib"],"gold_per_floor":[115,14,25,25,25,25,25,25,25,55,55,90,90,102,102,102,102],"floor_reached":16,"playtime":305,"items_purged":["Strike_R"],"score":212,"play_id":"453ec179-1db4-4559-a198-3d40324d13a6","local_time":"20210103195810","is_ascension_mode":true,"campfire_choices":[{"data":"Bash","floor":6,"key":"SMITH"},{"data":"Cleave","floor":8,"key":"SMITH"},{"data":"Shrug It Off","floor":13,"key":"SMITH"},{"data":"Twin Strike","floor":15,"key":"SMITH"}],"circlet_count":0,"master_deck":["AscendersBane","Strike_R","Strike_R","Defend_R","Defend_R","Defend_R","Defend_R","Bash+1","Shrug It Off+1","Cleave+1","Twin Strike+1","Sever Soul","Entrench+1"],"relics":["Burning Blood","Toxic Egg 2","Tiny Chest","Toy Ornithopter","Ornamental Fan"],"acts_visited":["Exordium"],"potions_floor_usage":[10],"damage_taken":[{"damage":9,"enemies":"Jaw Worm","floor":1,"turns":5},{"damage":1,"enemies":"Small Slimes","floor":3,"turns":3},{"damage":4,"enemies":"Gremlin Nob","floor":10,"turns":3},{"damage":40,"enemies":"Lagavulin","floor":12,"turns":4},{"damage":2,"enemies":"2 Louse","floor":14,"turns":2},{"damage":46,"enemies":"The Guardian","floor":16,"turns":6}],"seed_played":"167954560619484175","potions_obtained":[{"floor":1,"key":"EssenceOfSteel"},{"floor":12,"key":"SpeedPotion"}],"is_trial":false,"path_per_floor":["M","$","M","?","?","R","?","R","T","E","T","E","R","M","R","B"],"character_chosen":"IRONCLAD","items_purchased":["Cleave"],"campfire_rested":0,"item_purchase_floors":[2],"current_hp_per_floor":[72,72,77,77,77,77,70,70,70,72,72,38,38,42,42,0,0],"gold":102,"neow_bonus":"TEN_PERCENT_HP_BONUS","is_daily":false,"chose_seed":false,"campfire_upgraded":4,"win_rate":0.0,"timestamp":1609725490,"path_taken":["M","$","M","?","?","R","?","R","T","E","?","E","R","M","R","BOSS"],"items_purchased_type":["Card"],"build_version":"2020-12-22","purchased_purges":1,"victory":false,"max_hp_per_floor":[82,82,82,82,82,82,82,82,82,82,82,82,82,82,82,82,82],"relic_stats":{"counters":[6,23],"Ornamental Fan":[0],"Tiny Chest":0,"obtain_stats":[{"Ornamental Fan":12,"Tiny Chest":10,"Toxic Egg 2":9,"Burning Blood":0,"Toy Ornithopter":11},{"Ornamental Fan":4,"Tiny Chest":3,"Toxic Egg 2":2,"Burning Blood":0,"Toy Ornithopter":3},{"Ornamental Fan":15,"Tiny Chest":11,"Toxic Egg 2":8,"Burning Blood":0,"Toy Ornithopter":11}],"Burning Blood":30,"Toy Ornithopter":0},"card_choices":[{"not_picked":["Entrench","Intimidate"],"picked":"Shrug It Off","floor":1},{"not_picked":["True Grit","Clothesline"],"picked":"Twin Strike","floor":3},{"not_picked":["Iron Wave","Anger","Twin Strike"],"picked":"SKIP","floor":10},{"not_picked":["Wild Strike","Reaper"],"picked":"Entrench+1","floor":12},{"not_picked":["Evolve","Fire Breathing","Clothesline"],"picked":"SKIP","floor":14}],"player_experience":1967918,"relics_obtained":[{"floor":9,"key":"Toxic Egg 2"},{"floor":10,"key":"Tiny Chest"},{"floor":11,"key":"Toy Ornithopter"},{"floor":12,"key":"Ornamental Fan"}],"event_choices":[{"damage_healed":0,"gold_gain":0,"player_choice":"Ignored","damage_taken":0,"max_hp_gain":0,"max_hp_loss":0,"event_name":"Liars Game","floor":4,"gold_loss":0},{"damage_healed":0,"gold_gain":0,"cards_transformed":["Strike_R"],"player_choice":"Change","damage_taken":0,"max_hp_gain":0,"max_hp_loss":0,"event_name":"Living Wall","floor":5,"gold_loss":0,"cards_obtained":["Sever Soul"]},{"cards_removed":["Strike_R"],"damage_healed":0,"gold_gain":0,"player_choice":"Card Removal","damage_taken":7,"max_hp_gain":0,"max_hp_loss":0,"event_name":"Golden Wing","floor":7,"gold_loss":0}],"is_beta":false,"boss_relics":[],"items_purged_floors":[2],"is_endless":false,"potions_floor_spawned":[1,12],"killed_by":"The Guardian","ascension_level":20}}