{"host":"poshtwjux72eqzmy","time":1609718798,"event":{"mods":["BaseMod","Bestiary","Block Reminder","Colored Powertips","Highlight Path","Minty Spire (QoL Compilation)","Quick Restart","Relic Stats","ojb\u0027s Info Mod"],"gold_per_floor":[109,127,138,138,206,234,234,253,276,303,31,56,56,84,84,163,163,175,188,188,207,68,93,113,139,165,185,218,218,235,269,269,348,348,365,365,24,44,44,76,93,121,121,139,158,189,200,217,217,217,217,217,217,11,41,41],"floor_reached":57,"playtime":10372,"items_purged":[],"score":3108,"play_id":"fad332c6-c66a-47e2-af7c-30f1dc3ed177","local_time":"20210104020638","is_ascension_mode":true,"campfire_choices":[{"floor":7.0,"key":"REST"},{"floor":13.0,"key":"REST"},{"data":"Meditate","floor":15.0,"key":"SMITH"},{"floor":29.0,"key":"RECALL"},{"data":"Adaptation","floor":32.0,"key":"SMITH"}],"circlet_count":0,"master_deck":["AscendersBane","Strike_P+1","Strike_P+1","Defend_P+1","Defend_P+1","Eruption+1","Vigilance+1","EmptyMind+1","LessonLearned+1","Indignation+1","Consecrate+1","TalkToTheHand+1","ClearTheMind+1","DeceiveReality+1","Meditate+1","TalkToTheHand+1","CutThroughFate+1","DevaForm+1","Scrawl+1","Omniscience+1","SandsOfTime+1","LikeWater+1","Adaptation+1","Worship+1","Halt+1","BowlingBash+1","Ragnarok+1","SashWhip+1","Omniscience+1","ThirdEye+1","TalkToTheHand+1","MasterReality","WreathOfFlame+1"],"relics":["Astrolabe","Blood Vial","Regal Pillow","Pantograph","Happy Flower","Meat on the Bone","Coffee Dripper","Matryoshka","InkBottle","Lantern","Oddly Smooth Stone","Dream Catcher","Dead Branch","Runic Pyramid","Ginger","Gambling Chip","Potion Belt","Bronze Scales","Eternal Feather","Anchor","Nunchaku"],"acts_visited":["Exordium","TheCity","TheBeyond","TheEnding"],"potions_floor_usage":[51,56],"damage_taken":[{"damage":4.0,"enemies":"Cultist","floor":1.0,"turns":4.0},{"damage":9.0,"enemies":"2 Louse","floor":2.0,"turns":3.0},{"damage":8.0,"enemies":"Jaw Worm","floor":3.0,"turns":5.0},{"damage":32.0,"enemies":"3 Sentries","floor":6.0,"turns":9.0},{"damage":7.0,"enemies":"3 Louse","floor":8.0,"turns":4.0},{"damage":4.0,"enemies":"Gremlin Nob","floor":10.0,"turns":3.0},{"damage":18.0,"enemies":"3 Sentries","floor":12.0,"turns":7.0},{"damage":2.0,"enemies":"Lagavulin","floor":14.0,"turns":6.0},{"damage":42.0,"enemies":"Slime Boss","floor":16.0,"turns":11.0},{"damage":13.0,"enemies":"Shell Parasite","floor":18.0,"turns":3.0},{"damage":0.0,"enemies":"Chosen","floor":19.0,"turns":3.0},{"damage":0.0,"enemies":"Snecko","floor":21.0,"turns":6.0},{"damage":23.0,"enemies":"Slavers","floor":23.0,"turns":4.0},{"damage":6.0,"enemies":"Cultist and Chosen","floor":24.0,"turns":3.0},{"damage":0.0,"enemies":"Gremlin Leader","floor":25.0,"turns":4.0},{"damage":10.0,"enemies":"Sentry and Sphere","floor":27.0,"turns":7.0},{"damage":8.0,"enemies":"Book of Stabbing","floor":28.0,"turns":4.0},{"damage":3.0,"enemies":"Centurion and Healer","floor":30.0,"turns":5.0},{"damage":10.0,"enemies":"Slavers","floor":31.0,"turns":6.0},{"damage":0.0,"enemies":"Collector","floor":33.0,"turns":8.0},{"damage":2.0,"enemies":"Orb Walker","floor":35.0,"turns":3.0},{"damage":0.0,"enemies":"3 Darklings","floor":38.0,"turns":4.0},{"damage":0.0,"enemies":"Reptomancer","floor":40.0,"turns":5.0},{"damage":0.0,"enemies":"Sphere and 2 Shapes","floor":41.0,"turns":4.0},{"damage":0.0,"enemies":"Nemesis","floor":42.0,"turns":6.0},{"damage":0.0,"enemies":"Spire Growth","floor":44.0,"turns":3.0},{"damage":0.0,"enemies":"Maw","floor":45.0,"turns":6.0},{"damage":4,"enemies":"Giant Head","floor":46,"turns":6},{"damage":0,"enemies":"3 Darklings","floor":47,"turns":3},{"damage":0,"enemies":"Jaw Worm Horde","floor":48,"turns":3},{"damage":2,"enemies":"Donu and Deca","floor":50,"turns":5},{"damage":48,"enemies":"Awakened One","floor":51,"turns":12},{"damage":6,"enemies":"Shield and Spear","floor":55,"turns":6},{"damage":26,"enemies":"The Heart","floor":56,"turns":8}],"seed_played":"-4662325504777888158","potions_obtained":[{"floor":3.0,"key":"SmokeBomb"},{"floor":6.0,"key":"Strength Potion"},{"floor":12.0,"key":"Weak Potion"},{"floor":16.0,"key":"BlessingOfTheForge"},{"floor":18.0,"key":"DistilledChaos"},{"floor":24.0,"key":"SpeedPotion"},{"floor":28.0,"key":"Fire Potion"},{"floor":33.0,"key":"StancePotion"},{"floor":35.0,"key":"Fruit Juice"},{"floor":40.0,"key":"BottledMiracle"},{"floor":42.0,"key":"Block Potion"},{"floor":46,"key":"PowerPotion"},{"floor":48,"key":"FairyPotion"}],"is_trial":false,"path_per_floor":["M","M","M","?","?","E","R","M","T","E","$","E","R","E","R","B",null,"M","M","?","M","$","E","M","E","T","M","E","R","M","E","R","B",null,"M","?","$","M","?","E","M","E","T","M","M","E","M","M","R","B","B",null,"R","$","E","B",null],"character_chosen":"WATCHER","items_purchased":["Pantograph","Omniscience","Swift Potion","Ginger","MasterReality","Energy Potion"],"campfire_rested":2,"item_purchase_floors":[11,22,22,37,54,54],"current_hp_per_floor":[57,48,40,40,40,8,28,23,23,21,21,5,40,40,40,37,60,49,51,51,53,53,44,40,42,42,46,40,40,39,43,43,68,68,66,66,66,68,68,73,73,73,73,73,73,69,71,73,73,71,37,64,73,73,67,47],"gold":41,"neow_bonus":"BOSS_RELIC","is_daily":false,"chose_seed":false,"campfire_upgraded":2,"win_rate":0.0,"timestamp":1609718798,"path_taken":["M","M","?","?","?","E","R","M","T","E","$","E","R","E","R","BOSS","M","M","?","M","$","E","M","E","T","M","E","R","M","E","R","BOSS","M","?","$","M","?","E","?","E","T","?","M","E","M","M","R","BOSS","BOSS","R","$","E","BOSS"],"items_purchased_type":["Relic","Card","Potion","Relic","Card","Potion"],"build_version":"2020-12-22","purchased_purges":0,"victory":true,"max_hp_per_floor":[68,68,68,68,68,68,68,68,68,68,68,68,68,68,68,68,68,68,68,68,68,68,68,68,68,68,68,68,68,68,68,68,68,68,68,68,68,68,68,73,73,73,73,73,73,73,73,73,73,73,73,73,73,73,73,73],"relic_stats":{"Regal Pillow":15,"Happy Flower":[48],"counters":[34,179],"Astrolabe":["EmptyMind","LessonLearned","Indignation"],"Dead Branch":[158],"Eternal Feather":9,"Ginger":[9],"Blood Vial":36,"Dream Catcher":0,"Nunchaku":[2],"Pantograph":58,"Gambling Chip":[28],"Bronze Scales":[251],"obtain_stats":[{"Potion Belt":42,"Regal Pillow":10,"Lantern":26,"Happy Flower":12,"Astrolabe":0,"Dead Branch":31,"Oddly Smooth Stone":26,"Eternal Feather":43,"Ginger":37,"Blood Vial":6,"Dream Catcher":28,"Anchor":46,"Nunchaku":55,"Matryoshka":23,"Pantograph":11,"Gambling Chip":40,"Bronze Scales":43,"Coffee Dripper":17,"PureWater":0,"InkBottle":25,"Meat on the Bone":14,"Runic Pyramid":34},{"Potion Belt":25,"Regal Pillow":6,"Lantern":15,"Happy Flower":7,"Astrolabe":0,"Dead Branch":19,"Oddly Smooth Stone":15,"Eternal Feather":25,"Ginger":21,"Blood Vial":4,"Dream Catcher":17,"Anchor":28,"Nunchaku":33,"Matryoshka":13,"Pantograph":6,"Gambling Chip":23,"Bronze Scales":25,"Coffee Dripper":9,"PureWater":0,"InkBottle":15,"Meat on the Bone":8,"Runic Pyramid":20},{"Potion Belt":127,"Regal Pillow":28,"Lantern":75,"Happy Flower":35,"Astrolabe":0,"Dead Branch":97,"Oddly Smooth Stone":75,"Eternal Feather":127,"Ginger":108,"Blood Vial":21,"Dream Catcher":86,"Anchor":142,"Nunchaku":171,"Matryoshka":68,"Pantograph":28,"Gambling Chip":117,"Bronze Scales":127,"Coffee Dripper":52,"PureWater":0,"InkBottle":75,"Meat on the Bone":41,"Runic Pyramid":105}],"InkBottle":[67],"Meat on the Bone":60},"card_choices":[{"not_picked":["ClearTheMind","EmptyFist"],"picked":"Consecrate","floor":1.0},{"not_picked":["EmptyBody","EmptyFist"],"picked":"TalkToTheHand","floor":2.0},{"not_picked":["Indignation","Study"],"picked":"ClearTheMind","floor":3.0},{"not_picked":["EmptyFist","CrushJoints"],"picked":"Meditate","floor":6.0},{"not_picked":["Collect","SashWhip","Crescendo"],"picked":"SKIP","floor":8.0},{"not_picked":["CutThroughFate","LikeWater"],"picked":"TalkToTheHand","floor":10.0},{"not_picked":["Perseverance","FlurryOfBlows"],"picked":"CutThroughFate","floor":12.0},{"not_picked":["Collect","Wallop"],"picked":"DevaForm","floor":14.0},{"not_picked":["Ragnarok","Blasphemy"],"picked":"Scrawl","floor":16.0},{"not_picked":["WreathOfFlame","TalkToTheHand","EmptyFist"],"picked":"SKIP","floor":18.0},{"not_picked":["EmptyMind","Nirvana","CrushJoints"],"picked":"SKIP","floor":19.0},{"not_picked":["EmptyMind","Nirvana","CrushJoints"],"picked":"SKIP","floor":19.0},{"not_picked":["Protect","EmptyBody","Evaluate"],"picked":"SKIP","floor":21.0},{"not_picked":["ClearTheMind","ConjureBlade"],"picked":"SandsOfTime","floor":23.0},{"not_picked":["Prostrate","EmptyBody+1","Study"],"picked":"SKIP","floor":24.0},{"not_picked":["FlurryOfBlows","Sanctity"],"picked":"LikeWater+1","floor":25.0},{"not_picked":["FollowUp","Protect"],"picked":"Adaptation","floor":27.0},{"not_picked":["Swivel","Worship","ReachHeaven"],"picked":"SKIP","floor":28.0},{"not_picked":["Swivel","ReachHeaven"],"picked":"Worship","floor":28.0},{"not_picked":["SashWhip+1","WreathOfFlame"],"picked":"Halt","floor":30.0},{"not_picked":["SandsOfTime","Weave"],"picked":"BowlingBash","floor":31.0},{"not_picked":["LessonLearned","Judgement"],"picked":"Ragnarok","floor":33.0},{"not_picked":["WreathOfFlame","EmptyBody"],"picked":"SashWhip+1","floor":35.0},{"not_picked":["FollowUp","SashWhip+1","Crescendo"],"picked":"SKIP","floor":38.0},{"not_picked":["Judgement","EmptyBody"],"picked":"ThirdEye","floor":40.0},{"not_picked":["WindmillStrike+1","Collect","DeceiveReality"],"picked":"SKIP","floor":41.0},{"not_picked":["Consecrate","Evaluate"],"picked":"TalkToTheHand+1","floor":42.0},{"not_picked":["BowlingBash","CrushJoints","FlurryOfBlows"],"picked":"SKIP","floor":44.0},{"not_picked":["Study","PathToVictory","JustLucky+1"],"picked":"SKIP","floor":45.0},{"not_picked":["Study","PathToVictory","JustLucky+1"],"picked":"SKIP","floor":45.0},{"not_picked":["Conclude","Scrawl","BowlingBash"],"picked":"SKIP","floor":46},{"not_picked":["Swivel","Conclude","Protect"],"picked":"SKIP","floor":47},{"not_picked":["Crescendo","FollowUp+1","EmptyFist"],"picked":"SKIP","floor":48},{"not_picked":["Pray+1","Sanctity"],"picked":"WreathOfFlame+1","floor":55}],"player_experience":1015702,"relics_obtained":[{"floor":6.0,"key":"Blood Vial"},{"floor":10.0,"key":"Regal Pillow"},{"floor":12.0,"key":"Happy Flower"},{"floor":14.0,"key":"Meat on the Bone"},{"floor":23.0,"key":"Matryoshka"},{"floor":25.0,"key":"InkBottle"},{"floor":26.0,"key":"Lantern"},{"floor":26.0,"key":"Oddly Smooth Stone"},{"floor":28.0,"key":"Dream Catcher"},{"floor":31.0,"key":"Dead Branch"},{"floor":40.0,"key":"Gambling Chip"},{"floor":42.0,"key":"Potion Belt"},{"floor":43.0,"key":"Bronze Scales"},{"floor":43.0,"key":"Eternal Feather"},{"floor":46,"key":"Anchor"},{"floor":55,"key":"Nunchaku"}],"event_choices":[{"damage_healed":0.0,"max_hp_gain":0.0,"max_hp_loss":0.0,"gold_gain":0.0,"cards_transformed":["Strike_P"],"event_name":"Living Wall","player_choice":"Change","floor":4.0,"gold_loss":0.0,"damage_taken":0.0,"cards_obtained":["DeceiveReality"]},{"damage_healed":0.0,"max_hp_gain":0.0,"max_hp_loss":0.0,"gold_gain":68.0,"event_name":"Golden Wing","player_choice":"Gained Gold","floor":5.0,"gold_loss":0.0,"damage_taken":0.0},{"damage_healed":0.0,"max_hp_gain":0.0,"max_hp_loss":0.0,"gold_gain":0.0,"event_name":"Tomb of Lord Red Mask","player_choice":"Ignored","floor":36.0,"gold_loss":0.0,"damage_taken":0.0},{"damage_healed":0.0,"max_hp_gain":0.0,"max_hp_loss":0.0,"gold_gain":0.0,"event_name":"Duplicator","player_choice":"Copied","floor":39.0,"gold_loss":0.0,"damage_taken":0.0,"cards_obtained":["Omniscience"]}],"is_beta":false,"boss_relics":[{"not_picked":["Runic Dome","Cursed Key"],"picked":"Coffee Dripper"},{"not_picked":["Pandora\u0027s Box","Velvet Choker"],"picked":"Runic Pyramid"}],"items_purged_floors":[],"is_endless":false,"potions_floor_spawned":[3,6,12,16,18,24,28,30,33,35,38,40,42,46,48],"ascension_level":20}}