{"host":"ec2wu4mdnvke243f","time":1609770493,"event":{"mods":["2.2 Compatiblity","AchievementEnabler","BaseMod","Defuse TimeMaze Blight","Downfall","Hermit","Infinite Spire","Minty Spire (QoL Compilation)","StSLib","The Cursed","The Disciple","The Jungle","The Servant 0.9.4"],"gold_per_floor":[119,119,119,129,145,161,161,171,222,222,222,248,248,266,266,362,362,372,372,372,391,391,423,423,423,423,423,423,439,439,439,439,439,439],"floor_reached":33,"playtime":1731,"items_purged":[],"score":288,"play_id":"1df084bd-7e9d-41be-bfa4-cfbd1b2d679f","local_time":"20210104152813","daily_mods":["Flight"],"is_ascension_mode":false,"campfire_choices":[{"floor":13,"key":"REST"},{"floor":15,"key":"REST"},{"floor":24,"key":"REST"},{"floor":28,"key":"REST"},{"floor":32,"key":"REST"}],"circlet_count":0,"master_deck":["hermit:Strike_Hermit","hermit:Strike_Hermit","hermit:Strike_Hermit","hermit:Strike_Hermit","hermit:Defend_Hermit","hermit:Defend_Hermit","hermit:Defend_Hermit","hermit:Defend_Hermit","hermit:Snapshot","hermit:Covet","hermit:Headshot","hermit:Glare","hermit:Gambit","hermit:Manifest","hermit:Showdown","hermit:Ricochet","hermit:FinalCanter","hermit:Glare","hermit:Covet","hermit:Misfire+1","hermit:CursedWeapon","Panacea","hermit:Quickdraw"],"relics":["hermit:Momento","hexamod:BolsterEngine","infinitespire:CheckeredPen","SlaversCollar","Regal Pillow","Bag of Preparation","Omamori"],"acts_visited":["Exordium","TheCity"],"potions_floor_usage":[16,19,23,29],"damage_taken":[{"damage":3,"enemies":"2 Louse","floor":1,"turns":2},{"damage":0,"enemies":"Small Slimes","floor":4,"turns":2},{"damage":1,"enemies":"infinitespire:Voidling","floor":5,"turns":3},{"damage":8,"enemies":"Gremlin Gang","floor":6,"turns":7},{"damage":10,"enemies":"3 Louse","floor":8,"turns":3},{"damage":25,"enemies":"3 Sentries","floor":12,"turns":10},{"damage":16,"enemies":"Lots of Slimes","floor":14,"turns":4},{"damage":44,"enemies":"Slime Boss","floor":16,"turns":14},{"damage":18,"enemies":"Spheric Guardian","floor":18,"turns":4},{"damage":0,"enemies":"Masked Bandits","floor":19,"turns":2},{"damage":16,"enemies":"2 Thieves","floor":21,"turns":4},{"damage":27,"enemies":"Gremlin Leader","floor":23,"turns":5},{"damage":41,"enemies":"Shelled Parasite and Fungi","floor":29,"turns":5},{"damage":73,"enemies":"Collector","floor":33,"turns":6}],"seed_played":"2531930149827765248","potions_obtained":[{"floor":6,"key":"SmokeBomb"},{"floor":8,"key":"SkillPotion"},{"floor":16,"key":"Swift Potion"},{"floor":21,"key":"PowerPotion"}],"is_trial":true,"path_per_floor":["M","?","?","M","M","M","?","M","T","?","?","E","R","M","R","B",null,"M","?","?","M","$","E","R","?","T","?","R","M","T","?","R","B"],"character_chosen":"HERMIT","items_purchased":[],"campfire_rested":5,"item_purchase_floors":[],"current_hp_per_floor":[72,72,65,65,64,56,61,51,51,51,51,26,48,32,54,10,75,57,57,57,41,41,14,51,51,51,39,75,34,34,34,71,0,0],"gold":439,"neow_bonus":"","is_daily":false,"chose_seed":false,"campfire_upgraded":0,"win_rate":0.0,"timestamp":1609770493,"path_taken":["M","?","?","?","?","?","?","?","T","?","?","E","R","?","R","BOSS","M","?","?","?","$","E","R","?","T","?","R","?","?","?","R","BOSS"],"items_purchased_type":[],"build_version":"2020-12-22","purchased_purges":0,"victory":false,"max_hp_per_floor":[75,75,75,75,75,75,75,75,75,75,75,75,75,75,75,75,75,75,75,75,75,75,75,75,75,75,75,75,75,75,75,75,75,75],"card_choices":[{"not_picked":["hermit:Ricochet","hermit:Desperado"],"picked":"hermit:Headshot","floor":1},{"not_picked":["hermit:Snipe","hermit:Dive"],"picked":"hermit:Glare","floor":4},{"not_picked":["hermit:Scavenge","hermit:DeadMansHand"],"picked":"hermit:CalledShot","floor":5},{"not_picked":["hermit:Misfire","hermit:Feint"],"picked":"hermit:Gambit","floor":6},{"not_picked":["hermit:PistolWhip","hermit:TrackingShot"],"picked":"hermit:Manifest","floor":8},{"not_picked":["hermit:Cheat","hermit:BodyArmor"],"picked":"hermit:Showdown","floor":12},{"not_picked":["hermit:LowProfile","hermit:Roulette"],"picked":"hermit:Ricochet","floor":14},{"not_picked":["hermit:HighNoon","hermit:OverwhelmingPower"],"picked":"hermit:FinalCanter","floor":16},{"not_picked":["hermit:Horror","hermit:LowProfile"],"picked":"hermit:Glare","floor":18},{"not_picked":["hermit:Headshot+1","hermit:LowProfile"],"picked":"hermit:Misfire+1","floor":21},{"not_picked":["hermit:Dive","hermit:Magnum"],"picked":"hermit:CursedWeapon","floor":23},{"not_picked":["hermit:BodyArmor","hermit:TakeAim+1"],"picked":"hermit:Quickdraw","floor":29}],"player_experience":553807,"relics_obtained":[{"floor":9,"key":"hexamod:BolsterEngine"},{"floor":12,"key":"infinitespire:CheckeredPen"},{"floor":23,"key":"Regal Pillow"},{"floor":26,"key":"Bag of Preparation"},{"floor":30,"key":"Omamori"}],"event_choices":[{"damage_healed":0,"gold_gain":0,"player_choice":"Damaged","damage_taken":7,"max_hp_gain":0,"max_hp_loss":0,"event_name":"Wheel of Change","floor":3,"gold_loss":0},{"cards_removed":["hermit:CalledShot"],"damage_healed":5,"gold_gain":0,"player_choice":"Offered Common","damage_taken":0,"max_hp_gain":0,"max_hp_loss":0,"event_name":"Bonfire Elementals","floor":7,"gold_loss":0},{"cards_removed":["hermit:CalledShot"],"damage_healed":5,"gold_gain":0,"player_choice":"Offered Special","damage_taken":0,"max_hp_gain":0,"max_hp_loss":0,"event_name":"Bonfire Elementals","floor":7,"gold_loss":0},{"damage_healed":0,"gold_gain":0,"player_choice":"Ignored","damage_taken":0,"max_hp_gain":0,"max_hp_loss":0,"event_name":"Shining Light","floor":10,"gold_loss":0},{"damage_healed":0,"gold_gain":0,"player_choice":"0 cards matched","damage_taken":0,"max_hp_gain":0,"max_hp_loss":0,"event_name":"Match and Keep!","floor":11,"gold_loss":0,"cards_obtained":[]},{"damage_healed":0,"gold_gain":0,"player_choice":"Fought Bandits","damage_taken":0,"max_hp_gain":0,"max_hp_loss":0,"event_name":"Masked Bandits","floor":19,"gold_loss":0},{"damage_healed":0,"gold_gain":0,"player_choice":"Copied","damage_taken":0,"max_hp_gain":0,"max_hp_loss":0,"event_name":"Duplicator","floor":20,"gold_loss":0,"cards_obtained":["hermit:Covet"]},{"damage_healed":0,"gold_gain":0,"player_choice":"CARD ","damage_taken":12,"max_hp_gain":0,"max_hp_loss":0,"event_name":"Knowing Skull","floor":27,"potions_obtained":[],"gold_loss":0,"cards_obtained":["Panacea"]},{"damage_healed":0,"gold_gain":0,"player_choice":"Ignored","damage_taken":0,"max_hp_gain":0,"max_hp_loss":0,"event_name":"Beggar","floor":31,"gold_loss":0}],"is_beta":false,"boss_relics":[{"not_picked":["Tiny House","Busted Crown"],"picked":"SlaversCollar"}],"items_purged_floors":[],"is_endless":false,"potions_floor_spawned":[6,8,16,21],"killed_by":"Collector","ascension_level":0}}