{"host":"9kuc8qxv67wkis18","time":1609795374,"event":{"mods":["2.2 Compatiblity","AchievementEnabler","Aspiration","Astrologer","Bard","BaseMod","Beaked The Cultist","Bestiary","Better Note","Better Third Choice","Block Reminder","Challenge The Spire","ChefMod","Conspire","Curses Come First","GifTheSpireLib","Glutton Mod","Halation","Hermit","Highlight Path","Hubris","Infinite Spire","Jorbs\u0027s Wanderer Trilogy","Marked Mod","Melee Mod","Minty Spire (QoL Compilation)","Permanent Neow","Potionbrewer","Random Character Button","Rare Cards Sparkle","Replay The Spire","Shade Mod","Somnambulant","Spikes Relics","StSLib","Stuff the Spire","The Accelerator","The Blue Laboratory","The Caster","The Construct","The Cursed","The Disciple","The Florist","The Forsaken","The Hierophant","The Judge","The Juggle","The Jungle","The Marked","The Necromancer","The Showman","The Wild Card","TheArtist","Thieving Mod","everything is the same but u backflip on backflip","thorton","vexMod"],"gold_per_floor":[118,118,131,206,131,159,179,192,269,169,43,13,32,52,52,52,52],"floor_reached":16,"playtime":3233,"items_purged":["Injury","Strike_G"],"score":127,"play_id":"b87b7556-398a-4c51-8d85-b43cccba1d94","local_time":"20210104162254","is_ascension_mode":false,"campfire_choices":[{"data":"StuffTheSpire:BumpUp","floor":15,"key":"SMITH"}],"circlet_count":0,"master_deck":["Strike_G","Strike_G","Strike_G","Strike_G","Defend_G","Defend_G","Defend_G","Defend_G","Defend_G","Survivor","Neutralize","StuffTheSpire:BumpUp","Eviscerate","StuffTheSpire:BumpUp+1","Prepared+1"],"relics":["Ring of the Snake","NeowsBlessing","Toxic Egg 2","StuffTheSpire:Tea","hubris:TinFlute"],"acts_visited":["Exordium"],"potions_floor_usage":[13],"damage_taken":[{"damage":0,"enemies":"Jaw Worm","floor":1,"turns":1},{"damage":0,"enemies":"2 Louse","floor":3,"turns":2},{"damage":0,"enemies":"Gremlin Nob","floor":6,"turns":1},{"damage":0,"enemies":"Cultist","floor":7,"turns":4},{"damage":0,"enemies":"3 Louse","floor":8,"turns":6},{"damage":0,"enemies":"Looter","floor":12,"turns":4},{"damage":1,"enemies":"2 Fungi Beasts","floor":13,"turns":4},{"damage":7,"enemies":"Large Slime","floor":14,"turns":10},{"damage":34,"enemies":"Slime Boss","floor":16,"turns":10}],"seed_played":"-8275202001271103264","potions_obtained":[{"floor":1,"key":"blueLaboratory:EnvenomedCoating"},{"floor":7,"key":"blueLaboratory:NullPotion"},{"floor":13,"key":"blueLaboratory:ArtistsPotion"}],"is_trial":false,"path_per_floor":["M","?","M","?","$","E","M","M","T","$","$","M","M","M","R","B"],"character_chosen":"THE_SILENT","items_purchased":["Eviscerate","StuffTheSpire:BumpUp"],"campfire_rested":0,"item_purchase_floors":[11,11],"current_hp_per_floor":[70,70,70,59,59,59,59,59,59,59,59,59,58,51,51,17,17],"gold":52,"neow_bonus":"THREE_ENEMY_KILL","is_daily":false,"chose_seed":false,"campfire_upgraded":1,"win_rate":0.0,"timestamp":1609795374,"path_taken":["M","?","M","?","?","E","?","M","T","?","$","M","M","M","R","BOSS"],"items_purchased_type":["Card","Card"],"build_version":"2020-12-22","purchased_purges":2,"victory":false,"max_hp_per_floor":[70,70,70,70,70,70,70,70,70,70,70,70,70,70,70,70,70],"card_choices":[{"not_picked":["Footwork","Fluid Movement","Reflex"],"picked":"SKIP","floor":1},{"not_picked":["StuffTheSpire:BumpUp","ReplayTheSpireMod:Exploit Weakness+1","Well Laid Plans"],"picked":"SKIP","floor":3},{"not_picked":["Riddle With Holes","Flying Knee"],"picked":"StuffTheSpire:BumpUp","floor":6},{"not_picked":["Sucker Punch","Reflex+1","PiercingWail+1"],"picked":"SKIP","floor":7},{"not_picked":["Catalyst+1","Heel Hook","Poisoned Stab"],"picked":"SKIP","floor":8},{"not_picked":["Poisoned Stab","Deadly Poison+1","Burst+1"],"picked":"SKIP","floor":12},{"not_picked":["Blade Dance+1","ReplayTheSpireMod:Speed Training+1","Dodge and Roll+1"],"picked":"SKIP","floor":13},{"not_picked":["conspire:PoisonWeapons+1","Distraction+1"],"picked":"Prepared+1","floor":14}],"player_experience":169626,"relics_obtained":[{"floor":6,"key":"StuffTheSpire:Tea"},{"floor":9,"key":"hubris:TinFlute"}],"event_choices":[{"damage_healed":0,"gold_gain":75,"player_choice":"Gold","damage_taken":11,"max_hp_gain":0,"max_hp_loss":0,"event_name":"betterThird:BetterGoop","floor":4,"gold_loss":0}],"is_beta":false,"boss_relics":[],"items_purged_floors":[5,10],"is_endless":false,"potions_floor_spawned":[1,7,13],"killed_by":"Slime Boss","ascension_level":0}}