{"host":"lpogke4cwz8zw1ju","time":1609726976,"event":{"mods":["Always Whale","BaseMod","Minty Spire (QoL Compilation)","Permanent Neow"],"gold_per_floor":[117,117,117,140,158,199,215,215,215,215,230,265,289,39,39,160,160,176,136,152,177,191,222,222,246,246,261,304,16,37,37,37,156,156,175,188,202,202,202,238,261,261,261,292,311,325,346,4,4,4],"floor_reached":51,"playtime":3121,"items_purged":["Defend_G","Strike_G"],"score":790,"play_id":"92d5fc63-e571-4174-b8a7-a505219508f6","local_time":"20210104032256","is_ascension_mode":false,"campfire_choices":[{"floor":8,"key":"REST"},{"floor":15,"key":"REST"},{"data":"Cloak And Dagger","floor":24,"key":"SMITH"},{"floor":32,"key":"REST"},{"floor":42,"key":"REST"},{"floor":49,"key":"REST"}],"circlet_count":0,"master_deck":["Strike_G","Strike_G+1","Strike_G","Defend_G","Defend_G","Defend_G","Defend_G+1","Survivor","Neutralize+1","Dagger Spray+1","Dagger Throw","Slice","Slice","Accuracy+1","Terror","Backflip","Cloak And Dagger+1","Infinite Blades+1","Panache+1","Die Die Die","Dagger Spray+1","Blade Dance","Prepared","Cloak And Dagger+1","A Thousand Cuts+1","Blade Dance+1","Prepared+1","Master of Strategy","Infinite Blades+1","Sucker Punch+1","Flash of Steel"],"relics":["Ring of the Snake","Golden Idol","Smiling Mask","InkBottle","Frozen Egg 2","Thread and Needle","Cursed Key","Blood Vial","Gambling Chip","Bottled Tornado","Fusion Hammer","Matryoshka","Paper Crane","Pen Nib"],"acts_visited":["Exordium","TheCity","TheBeyond"],"potions_floor_usage":[6,16,33,40,50,50],"damage_taken":[{"damage":4,"enemies":"Cultist","floor":1,"turns":3},{"damage":0,"enemies":"Jaw Worm","floor":4,"turns":4},{"damage":0,"enemies":"2 Louse","floor":5,"turns":2},{"damage":20,"enemies":"Gremlin Nob","floor":6,"turns":5},{"damage":0,"enemies":"Exordium Thugs","floor":7,"turns":3},{"damage":2,"enemies":"3 Louse","floor":11,"turns":3},{"damage":18,"enemies":"Lagavulin","floor":12,"turns":6},{"damage":0,"enemies":"Lots of Slimes","floor":13,"turns":4},{"damage":7,"enemies":"Slime Boss","floor":16,"turns":6},{"damage":0,"enemies":"3 Byrds","floor":18,"turns":2},{"damage":0,"enemies":"Chosen","floor":20,"turns":4},{"damage":11,"enemies":"Centurion and Healer","floor":21,"turns":5},{"damage":0,"enemies":"Snecko","floor":22,"turns":3},{"damage":0,"enemies":"Gremlin Leader","floor":23,"turns":5},{"damage":0,"enemies":"Chosen and Byrds","floor":25,"turns":4},{"damage":0,"enemies":"Cultist and Chosen","floor":27,"turns":3},{"damage":19,"enemies":"Slavers","floor":28,"turns":3},{"damage":11,"enemies":"Centurion and Healer","floor":30,"turns":4},{"damage":17,"enemies":"Automaton","floor":33,"turns":6},{"damage":0,"enemies":"3 Darklings","floor":35,"turns":2},{"damage":16,"enemies":"3 Shapes","floor":36,"turns":2},{"damage":2,"enemies":"Writhing Mass","floor":37,"turns":3},{"damage":0,"enemies":"Nemesis","floor":40,"turns":3},{"damage":0,"enemies":"Transient","floor":41,"turns":5},{"damage":26,"enemies":"Reptomancer","floor":44,"turns":3},{"damage":0,"enemies":"3 Darklings","floor":45,"turns":2},{"damage":0,"enemies":"Spire Growth","floor":46,"turns":2},{"damage":9,"enemies":"4 Shapes","floor":47,"turns":1},{"damage":38,"enemies":"Awakened One","floor":50,"turns":5}],"seed_played":"-7009291833779018059","potions_obtained":[{"floor":1,"key":"SpeedPotion"},{"floor":11,"key":"FairyPotion"},{"floor":12,"key":"BlessingOfTheForge"},{"floor":16,"key":"CunningPotion"},{"floor":18,"key":"Weak Potion"},{"floor":27,"key":"GhostInAJar"},{"floor":35,"key":"CultistPotion"},{"floor":40,"key":"Dexterity Potion"},{"floor":45,"key":"SkillPotion"}],"is_trial":false,"path_per_floor":["M","?","T","M","M","E","M","R","T","?","M","E","M","$","R","B",null,"M","?","M","M","M","E","R","M","T","M","E","$","M","$","R","B",null,"M","M","M","?","?","E","M","R","T","E","M","M","M","$","R","B",null],"character_chosen":"THE_SILENT","items_purchased":["Infinite Blades+1","Panache+1","Bottled Tornado","Pen Nib","Flash of Steel","Block Potion"],"campfire_rested":5,"item_purchase_floors":[14,14,29,48,48,48],"current_hp_per_floor":[66,49,49,49,49,29,29,50,50,36,34,16,16,16,37,30,70,70,70,70,59,59,59,59,61,61,63,46,46,37,37,58,43,70,70,54,54,54,54,56,58,70,70,44,46,48,41,41,62,26],"gold":4,"neow_bonus":"UPGRADE_CARD","is_daily":false,"chose_seed":false,"campfire_upgraded":1,"win_rate":0.0,"timestamp":1609726976,"path_taken":["M","?","?","M","M","E","M","R","T","?","M","E","?","$","R","BOSS","M","?","M","M","M","E","R","M","T","M","E","$","?","$","R","BOSS","M","M","M","?","?","E","?","R","T","E","M","M","?","$","R","BOSS"],"items_purchased_type":["Card","Card","Relic","Relic","Card","Potion"],"build_version":"2020-12-22","purchased_purges":2,"victory":true,"max_hp_per_floor":[70,70,70,70,70,70,70,70,70,70,70,70,70,70,70,70,70,70,70,70,70,70,70,70,70,70,70,70,70,70,70,70,70,70,70,70,70,70,70,70,70,70,70,70,70,70,70,70,70,70],"card_choices":[{"not_picked":["Concentrate","Flying Knee"],"picked":"Dagger Spray","floor":1},{"not_picked":["Sucker Punch","Acrobatics"],"picked":"Dagger Throw","floor":4},{"not_picked":["All Out Attack","Underhanded Strike"],"picked":"Slice","floor":5},{"not_picked":["Glass Knife","Calculated Gamble"],"picked":"Slice","floor":6},{"not_picked":["Deadly Poison","All Out Attack"],"picked":"Accuracy","floor":7},{"not_picked":["Dodge and Roll","Leg Sweep"],"picked":"Terror","floor":11},{"not_picked":["Underhanded Strike","Flying Knee"],"picked":"Backflip","floor":12},{"not_picked":["Reflex","Finisher"],"picked":"Cloak And Dagger","floor":13},{"not_picked":["Night Terror","Malaise"],"picked":"Die Die Die","floor":16},{"not_picked":["Underhanded Strike","Deadly Poison"],"picked":"Dagger Spray+1","floor":18},{"not_picked":["Crippling Poison","Expertise+1"],"picked":"Blade Dance","floor":20},{"not_picked":["Acrobatics","Dodge and Roll","Outmaneuver"],"picked":"SKIP","floor":21},{"not_picked":["Acrobatics","Dagger Throw+1"],"picked":"Prepared","floor":22},{"not_picked":["Endless Agony","Reflex","Sucker Punch"],"picked":"SKIP","floor":23},{"not_picked":["Tactician","Outmaneuver","Setup"],"picked":"SKIP","floor":25},{"not_picked":["Noxious Fumes+1","Quick Slash"],"picked":"Cloak And Dagger+1","floor":27},{"not_picked":["Grand Finale","Crippling Poison","Sucker Punch"],"picked":"SKIP","floor":28},{"not_picked":["Distraction+1","Quick Slash","Well Laid Plans+1"],"picked":"SKIP","floor":30},{"not_picked":["Wraith Form v2+1","Tools of the Trade+1"],"picked":"A Thousand Cuts+1","floor":33},{"not_picked":["Crippling Poison","Endless Agony"],"picked":"Blade Dance+1","floor":35},{"not_picked":["Outmaneuver","Underhanded Strike"],"picked":"Prepared+1","floor":36},{"not_picked":["Bouncing Flask+1","PiercingWail+1","Deadly Poison+1"],"picked":"SKIP","floor":37},{"not_picked":["Sadistic Nature+1","Metamorphosis"],"picked":"Master of Strategy","floor":38},{"not_picked":["PiercingWail+1","Bane+1","Crippling Poison"],"picked":"SKIP","floor":40},{"not_picked":["Choke","Dagger Spray+1"],"picked":"Infinite Blades+1","floor":41},{"not_picked":["Underhanded Strike","Flying Knee","Dash"],"picked":"SKIP","floor":44},{"not_picked":["Endless Agony","Crippling Poison","Leg Sweep+1"],"picked":"SKIP","floor":45},{"not_picked":["Sucker Punch","Noxious Fumes+1","Tactician+1"],"picked":"SKIP","floor":46},{"not_picked":["A Thousand Cuts+1","Eviscerate+1"],"picked":"Sucker Punch+1","floor":47}],"player_experience":147534,"relics_obtained":[{"floor":3,"key":"Smiling Mask"},{"floor":6,"key":"InkBottle"},{"floor":9,"key":"Frozen Egg 2"},{"floor":12,"key":"Thread and Needle"},{"floor":23,"key":"Blood Vial"},{"floor":28,"key":"Gambling Chip"},{"floor":40,"key":"Matryoshka"},{"floor":44,"key":"Paper Crane"}],"event_choices":[{"damage_healed":0,"gold_gain":0,"player_choice":"Take Damage","damage_taken":17,"relics_obtained":["Golden Idol"],"max_hp_gain":0,"max_hp_loss":0,"event_name":"Golden Idol","floor":2,"gold_loss":0},{"damage_healed":0,"gold_gain":0,"player_choice":"Entered Light","damage_taken":14,"max_hp_gain":0,"max_hp_loss":0,"event_name":"Shining Light","floor":10,"gold_loss":0,"cards_upgraded":["Dagger Spray","Strike_G"]},{"damage_healed":0,"gold_gain":0,"player_choice":"Upgraded Two","damage_taken":0,"max_hp_gain":0,"max_hp_loss":0,"event_name":"Designer","floor":19,"gold_loss":40,"cards_upgraded":["Defend_G","Accuracy"]},{"damage_healed":0,"gold_gain":0,"player_choice":"Memory 1","damage_taken":0,"max_hp_gain":0,"max_hp_loss":0,"event_name":"SensoryStone","floor":38,"gold_loss":0},{"cards_removed":["Strike_G"],"damage_healed":0,"gold_gain":0,"player_choice":"Offered Basic","damage_taken":0,"max_hp_gain":0,"max_hp_loss":0,"event_name":"Bonfire Elementals","floor":39,"gold_loss":0}],"is_beta":false,"boss_relics":[{"not_picked":["Ectoplasm","Snecko Eye"],"picked":"Cursed Key"},{"not_picked":["HoveringKite","Astrolabe"],"picked":"Fusion Hammer"}],"items_purged_floors":[29,48],"is_endless":false,"potions_floor_spawned":[1,11,12,16,18,21,23,27,28,33,35,40,45],"ascension_level":0}}