{"host":"armnliea5o2aqs4b","time":1609729167,"event":{"mods":["BaseMod","Hubris","Infinite Spire","Minty Spire (QoL Compilation)","Quick Restart","StSLib"],"gold_per_floor":[111,111,111,111,111,111,124,124,124,141,157,157,167,200,200,200,200],"floor_reached":16,"playtime":339,"items_purged":[],"score":100,"play_id":"0f65eefa-e46c-477b-ab31-97695da168a4","local_time":"20210104135927","is_ascension_mode":false,"campfire_choices":[{"data":"Choke","floor":6.0,"key":"SMITH"},{"data":"Catalyst","floor":8.0,"key":"SMITH"},{"data":"Poisoned Stab","floor":12,"key":"SMITH"},{"data":"Burst","floor":15,"key":"SMITH"}],"circlet_count":0,"master_deck":["Strike_G","Strike_G","Strike_G","Strike_G","Strike_G","Defend_G","Defend_G","Defend_G","Defend_G","Defend_G","Survivor","Neutralize","Poisoned Stab+1","Choke+1","Catalyst+1","Bane","Poisoned Stab+1","Burst+1"],"relics":["Ring of the Snake","NeowsBlessing","hubris:Towel","Eternal Feather","infinitespire:PuzzleCube"],"acts_visited":["Exordium"],"potions_floor_usage":[],"damage_taken":[{"damage":0.0,"enemies":"Cultist","floor":1.0,"turns":1.0},{"damage":0.0,"enemies":"Small Slimes","floor":7.0,"turns":1.0},{"damage":0.0,"enemies":"2 Louse","floor":10.0,"turns":1.0},{"damage":15,"enemies":"Exordium Wildlife","floor":11,"turns":4},{"damage":7,"enemies":"Blue Slaver","floor":13,"turns":4},{"damage":27,"enemies":"3 Sentries","floor":14,"turns":8},{"damage":39,"enemies":"Slime Boss","floor":16,"turns":6}],"seed_played":"5730336346547283193","potions_obtained":[{"floor":7.0,"key":"CunningPotion"},{"floor":11,"key":"Strength Potion"},{"floor":13,"key":"LiquidBronze"}],"is_trial":false,"path_per_floor":["M","?","?","?","$","R","M","R","T","M","M","R","M","E","R","B"],"character_chosen":"THE_SILENT","items_purchased":[],"campfire_rested":0,"item_purchase_floors":[],"current_hp_per_floor":[70,70,70,70,70,70,70,70,70,70,55,64,57,30,39,0,0],"gold":200,"neow_bonus":"THREE_ENEMY_KILL","is_daily":false,"chose_seed":false,"campfire_upgraded":4,"win_rate":0.0,"timestamp":1609729167,"path_taken":["M","?","?","?","$","R","M","R","T","M","M","R","M","E","R","BOSS"],"items_purchased_type":[],"build_version":"2020-12-22","purchased_purges":0,"victory":false,"max_hp_per_floor":[70,70,70,70,70,70,70,70,70,70,70,70,70,70,70,70,70],"card_choices":[{"not_picked":["Backflip","Eviscerate"],"picked":"Poisoned Stab","floor":1.0},{"not_picked":["Crippling Poison","Predator"],"picked":"Catalyst","floor":7.0},{"not_picked":["Riddle With Holes","Calculated Gamble"],"picked":"Bane","floor":10.0},{"not_picked":["hubris:SlightOfHand","Backflip"],"picked":"Poisoned Stab","floor":11},{"not_picked":["Backflip","Expertise","Masterful Stab"],"picked":"SKIP","floor":13},{"not_picked":["Calculated Gamble","Quick Slash"],"picked":"Burst","floor":14}],"player_experience":178719,"relics_obtained":[{"floor":9.0,"key":"Eternal Feather"},{"floor":14,"key":"infinitespire:PuzzleCube"}],"event_choices":[{"damage_healed":0.0,"max_hp_gain":0.0,"max_hp_loss":0.0,"gold_gain":0.0,"event_name":"Living Wall","player_choice":"Grow","floor":2.0,"gold_loss":0.0,"damage_taken":0.0,"cards_upgraded":["Poisoned Stab"]}],"is_beta":false,"boss_relics":[],"items_purged_floors":[],"is_endless":false,"potions_floor_spawned":[7,11,13],"killed_by":"Slime Boss","ascension_level":0}}