{"host":"bydnmyvf669xu6ab","time":1609788087,"event":{"mods":["Aspiration","BaseMod","Better Note","BetterRewards","Colored Map","Colored Powertips","Minty Spire (QoL Compilation)","Rare Cards Sparkle","Relic Stats","Shop Mod","StSLib","SuperFastMode","Virulent Crown"],"gold_per_floor":[115,115,80,80,91,91,119,138,138,157,185,185,211,227,227,326,326,338,132,148,159,159,159,174,174,197,224,239,272,272,306,306,404,454,468,468,480,69,81,81,81,81,81,81,152,167,177,177,177,177,177,177,17,48,48,48],"floor_reached":55,"playtime":8103,"items_purged":[],"score":1049,"play_id":"cccfa4d4-1120-4b6b-a0e4-5c8eb15c8a3a","local_time":"20210104112127","is_ascension_mode":true,"campfire_choices":[{"data":"Apotheosis","floor":6,"key":"SMITH"},{"data":"Inflame","floor":12,"key":"SMITH"},{"data":"The Bomb","floor":15,"key":"SMITH"},{"floor":23,"key":"RECALL"},{"data":"Barricade","floor":25,"key":"SMITH"},{"floor":30,"key":"REST"},{"floor":32,"key":"REST"},{"data":"Metallicize","floor":40,"key":"SMITH"},{"data":"Entrench","floor":42,"key":"SMITH"},{"data":"Barricade","floor":44,"key":"SMITH"},{"floor":49,"key":"REST"},{"data":"Magnetism","floor":52,"key":"SMITH"}],"circlet_count":0,"master_deck":["Strike_R","Strike_R","Strike_R","Strike_R","Defend_R","Defend_R+1","Defend_R","Defend_R+1","Bash","Apotheosis+1","Entrench+1","The Bomb+1","Pommel Strike","True Grit+1","Clothesline","Inflame+1","Body Slam","Rupture","Battle Trance+1","Flex+1","Barricade+1","Wild Strike+1","Shrug It Off+1","True Grit+1","Feel No Pain+1","Spot Weakness+1","Double Tap+1","Cleave","Heavy Blade","Barricade+1","Dropkick","Shrug It Off+1","Heavy Blade+1","Metallicize+1","Limit Break+1","Rage+1","Warcry+1","Exhume+1","Magnetism+1","Inflame","Limit Break+1"],"relics":["Burning Blood","Tiny Chest","Pantograph","Anchor","Omamori","Boot","Toxic Egg 2","Smiling Mask","Philosopher\u0027s Stone","ClockworkSouvenir","aspiration:ChemicalBlood","War Paint","Pen Nib","Darkstone Periapt","Gremlin Horn","Tiny House","aspiration:FrozenJewel","aspiration:FetidBarrel","aspiration:SeaSaltIceCream","Burning Blood","Bag of Marbles"],"acts_visited":["Exordium","TheCity","TheBeyond","TheEnding"],"potions_floor_usage":[7,11,16,16,27,28,28,29,29,31,33,33,33,33,41,41,46,46,46,47,50,54,54,54,54,54,55,55],"damage_taken":[{"damage":0,"enemies":"Cultist","floor":1,"turns":5},{"damage":3,"enemies":"2 Louse","floor":5,"turns":3},{"damage":17,"enemies":"Lagavulin","floor":7,"turns":6},{"damage":10,"enemies":"Small Slimes","floor":8,"turns":4},{"damage":7,"enemies":"Gremlin Gang","floor":10,"turns":7},{"damage":4,"enemies":"Gremlin Nob","floor":11,"turns":3},{"damage":13,"enemies":"3 Sentries","floor":13,"turns":3},{"damage":2,"enemies":"Blue Slaver","floor":14,"turns":3},{"damage":9,"enemies":"Slime Boss","floor":16,"turns":7},{"damage":0,"enemies":"Spheric Guardian","floor":18,"turns":3},{"damage":20,"enemies":"Chosen","floor":20,"turns":5},{"damage":17,"enemies":"Snake Plant","floor":21,"turns":3},{"damage":10,"enemies":"Centurion and Healer","floor":24,"turns":4},{"damage":17,"enemies":"Book of Stabbing","floor":27,"turns":7},{"damage":19,"enemies":"Cultist and Chosen","floor":28,"turns":7},{"damage":0,"enemies":"Gremlin Leader","floor":29,"turns":5},{"damage":42,"enemies":"Book of Stabbing","floor":31,"turns":6},{"damage":22,"enemies":"Collector","floor":33,"turns":8},{"damage":11,"enemies":"3 Shapes","floor":35,"turns":4},{"damage":10,"enemies":"3 Darklings","floor":37,"turns":3},{"damage":24,"enemies":"Sphere and 2 Shapes","floor":39,"turns":6},{"damage":5,"enemies":"Nemesis","floor":41,"turns":6},{"damage":41,"enemies":"Spire Growth","floor":46,"turns":6},{"damage":6,"enemies":"Writhing Mass","floor":47,"turns":3},{"damage":32,"enemies":"Donu and Deca","floor":50,"turns":12},{"damage":70,"enemies":"Shield and Spear","floor":54,"turns":8},{"damage":83,"enemies":"The Heart","floor":55,"turns":3}],"seed_played":"7968679954028822601","potions_obtained":[{"floor":5,"key":"HeartOfIron"},{"floor":8,"key":"Energy Potion"},{"floor":11,"key":"SpeedPotion"},{"floor":14,"key":"PowerPotion"},{"floor":18,"key":"CultistPotion"},{"floor":21,"key":"Swift Potion"},{"floor":24,"key":"DuplicationPotion"},{"floor":28,"key":"Weak Potion"},{"floor":29,"key":"Explosive Potion"},{"floor":34,"key":"SkillPotion"},{"floor":46,"key":"Energy Potion"},{"floor":54,"key":"ColorlessPotion"},{"floor":54,"key":"Strength Potion"}],"is_trial":false,"path_per_floor":["M","T","?","?","M","R","E","M","T","M","E","R","E","M","R","B",null,"M","$","M","M","T","R","M","R","T","E","M","E","R","E","R","B",null,"M","?","M","$","M","R","E","R","T","R","T","M","M","?","R","B",null,"R","$","E","B"],"character_chosen":"IRONCLAD","items_purchased":["Apotheosis","Entrench","Tiny Chest","Pantograph","Anchor","The Bomb","Pommel Strike","ClockworkSouvenir","Shrug It Off+1","Metallicize","Limit Break+1","aspiration:FrozenJewel","Block Potion","LiquidBronze","Inflame"],"campfire_rested":3,"item_purchase_floors":[0,0,0,0,0,0,0,19,19,38,38,38,53,53,53],"current_hp_per_floor":[45,45,65,65,68,68,57,53,53,52,54,54,47,51,51,73,80,80,80,66,55,55,55,51,51,51,40,27,33,57,21,45,54,85,80,80,76,76,58,58,59,59,59,59,59,30,36,36,61,65,85,85,85,27,0,0],"gold":48,"neow_bonus":"","is_daily":false,"chose_seed":false,"campfire_upgraded":8,"win_rate":0.0,"timestamp":1609788087,"path_taken":["M","?","?","?","M","R","E","M","T","M","E","R","E","M","R","BOSS","M","$","M","M","?","R","M","R","T","E","?","E","R","E","R","BOSS","M","?","M","$","?","R","E","R","T","R","?","M","M","?","R","BOSS","R","$","E","BOSS"],"items_purchased_type":["Card","Card","Relic","Relic","Relic","Card","Card","Relic","Card","Card","Card","Relic","Potion","Potion","Card"],"build_version":"2020-12-22","purchased_purges":0,"victory":false,"max_hp_per_floor":[80,80,80,80,80,80,80,80,80,80,80,80,80,80,80,80,80,80,80,80,80,80,80,80,80,80,80,80,80,80,80,80,80,85,85,85,85,85,85,85,85,85,85,85,85,85,85,85,85,85,85,85,85,85,85,85],"relic_stats":{"Darkstone Periapt":0,"Gremlin Horn":[9,10],"counters":[1308,6638],"Pantograph":99,"Tiny Chest":2,"Pen Nib":[10],"War Paint":["True Grit","Defend_R"],"Boot":[18],"Smiling Mask":0,"obtain_stats":[{"Whetstone":19,"Ginger":24,"Bottled Tornado":13,"Boot":9,"Sling":0,"Old Coin":43,"Blood Vial":4,"MealTicket":19,"Fusion Hammer":17,"Kunai":31,"aspiration:DSix":10,"Runic Cube":34,"MerchantsRug":20,"Pear":7,"Blue Candle":44,"Velvet Choker":17,"Eternal Feather":44,"Pen Nib":9,"aspiration:FrozenJewel":38,"SlaversCollar":17,"Bird Faced Urn":22,"MutagenicStrength":30,"aspiration:SilentSkillbook":17,"Mark of Pain":34,"Unceasing Top":5,"Regal Pillow":0,"Lantern":24,"aspiration:Lifesprig":13,"Singing Bowl":26,"Magic Flower":0,"Bag of Preparation":38,"Cursed Key":17,"Ancient Tea Set":26,"Smiling Mask":9,"Burning Blood":0,"Shovel":38,"Matryoshka":7,"aspiration:AnachronicSnailShell":12,"Toolbox":0,"WingedGreaves":36,"InkBottle":11,"Paper Frog":45,"aspiration:ChemicalBlood":0,"Ring of the Snake":0,"Potion Belt":38,"Self Forming Clay":26,"Golden Idol":3,"The Courier":12,"PreservedInsect":0,"Omamori":0,"Frozen Egg 2":22,"MawBank":8,"Busted Crown":17,"Orrery":0,"Turnip":38,"Art of War":26,"Champion Belt":24,"Bottled Lightning":14,"Ice Cream":49,"Calipers":10,"Tiny House":34,"Gremlin Horn":29,"Vajra":30,"Sozu":17,"HornCleat":10,"DollysMirror":0,"Strawberry":10,"Philosopher\u0027s Stone":17,"Prayer Wheel":24,"aspiration:ArtOfWarUpgrade":32,"Toxic Egg 2":19,"Happy Flower":22,"aspiration:Nostalgia":0,"Oddly Smooth Stone":10,"Charon\u0027s Ashes":37,"aspiration:SeaSaltIceCream":25,"Letter Opener":40,"War Paint":26,"aspiration:HiddenCompartment":9,"Question Card":19,"Du-Vu Doll":27,"Bottled Flame":24,"Shuriken":30,"Bronze Scales":28,"Black Star":17,"Nloth\u0027s Gift":20,"aspiration:HatOfInfinitePower":12,"Meat on the Bone":24,"Pocketwatch":29,"Darkstone Periapt":29,"SacredBark":34,"Enchiridion":19,"Black Blood":17,"Mango":45,"Incense Burner":38,"Juzu Bracelet":40,"PrismaticShard":22,"ClockworkSouvenir":19,"SsserpentHead":31,"Frozen Eye":0,"Nunchaku":0,"Dream Catcher":9,"aspiration:DefectSkillbook":34,"Mummified Hand":31,"Pantograph":26,"Gambling Chip":17,"Tiny Chest":0,"Red Skull":0,"aspiration:FetidBarrel":43,"aspiration:HummingbirdHeart":9,"aspiration:SecretTechniqueScroll":17,"Odd Mushroom":10,"Orichalcum":2,"Calling Bell":17,"Strange Spoon":0,"Anchor":0,"CaptainsWheel":0,"Bag of Marbles":20,"Coffee Dripper":17,"Membership Card":38,"aspiration:RitualDagger":17,"TungstenRod":42,"FossilizedHelix":10},{"Whetstone":964,"Ginger":1051,"Bottled Tornado":1144,"Boot":983,"Sling":1121,"Old Coin":975,"Blood Vial":1032,"MealTicket":1003,"Fusion Hammer":1049,"Kunai":970,"aspiration:DSix":1067,"Runic Cube":1182,"MerchantsRug":1148,"Pear":983,"Blue Candle":976,"Velvet Choker":1175,"Eternal Feather":976,"Pen Nib":936,"aspiration:FrozenJewel":1301,"SlaversCollar":985,"Bird Faced Urn":951,"MutagenicStrength":1087,"aspiration:SilentSkillbook":1198,"Mark of Pain":971,"Unceasing Top":945,"Regal Pillow":956,"Lantern":1051,"aspiration:Lifesprig":1094,"Singing Bowl":1017,"Magic Flower":1073,"Bag of Preparation":973,"Cursed Key":941,"Ancient Tea Set":953,"Smiling Mask":1143,"Burning Blood":0,"Shovel":973,"Matryoshka":1235,"aspiration:AnachronicSnailShell":949,"Toolbox":943,"WingedGreaves":1022,"InkBottle":1067,"Paper Frog":976,"aspiration:ChemicalBlood":1257,"Ring of the Snake":1257,"Potion Belt":1022,"Self Forming Clay":966,"Golden Idol":1192,"The Courier":961,"PreservedInsect":1043,"Omamori":979,"Frozen Egg 2":1217,"MawBank":960,"Busted Crown":1081,"Orrery":1007,"Turnip":973,"Art of War":1137,"Champion Belt":952,"Bottled Lightning":1048,"Ice Cream":978,"Calipers":937,"Tiny House":1020,"Gremlin Horn":968,"Vajra":1138,"Sozu":1131,"HornCleat":983,"DollysMirror":979,"Strawberry":983,"Philosopher\u0027s Stone":1013,"Prayer Wheel":1203,"aspiration:ArtOfWarUpgrade":1247,"Toxic Egg 2":942,"Happy Flower":1051,"aspiration:Nostalgia":1257,"Oddly Smooth Stone":1010,"Charon\u0027s Ashes":1056,"aspiration:SeaSaltIceCream":1017,"Letter Opener":1058,"War Paint":1070,"aspiration:HiddenCompartment":1009,"Question Card":1014,"Du-Vu Doll":1270,"Bottled Flame":1100,"Shuriken":1019,"Bronze Scales":1017,"Black Star":963,"Nloth\u0027s Gift":986,"aspiration:HatOfInfinitePower":1011,"Meat on the Bone":966,"Pocketwatch":1119,"Darkstone Periapt":1297,"SacredBark":1157,"Enchiridion":951,"Black Blood":1002,"Mango":1060,"Incense Burner":973,"Juzu Bracelet":974,"PrismaticShard":1116,"ClockworkSouvenir":964,"SsserpentHead":1221,"Frozen Eye":1257,"Nunchaku":979,"Dream Catcher":1033,"aspiration:DefectSkillbook":1274,"Mummified Hand":970,"Pantograph":1051,"Gambling Chip":1096,"Tiny Chest":1167,"Red Skull":1029,"aspiration:FetidBarrel":1303,"aspiration:HummingbirdHeart":960,"aspiration:SecretTechniqueScroll":950,"Odd Mushroom":1127,"Orichalcum":1140,"Calling Bell":1096,"Strange Spoon":956,"Anchor":992,"CaptainsWheel":1231,"Bag of Marbles":1097,"Coffee Dripper":1146,"Membership Card":973,"aspiration:RitualDagger":1068,"TungstenRod":975,"FossilizedHelix":999},{"Whetstone":4842,"Ginger":5310,"Bottled Tornado":5813,"Boot":4940,"Sling":5699,"Old Coin":4895,"Blood Vial":5197,"MealTicket":5053,"Fusion Hammer":5300,"Kunai":4872,"aspiration:DSix":5389,"Runic Cube":5990,"MerchantsRug":5828,"Pear":4940,"Blue Candle":4903,"Velvet Choker":5952,"Eternal Feather":4903,"Pen Nib":4716,"aspiration:FrozenJewel":6594,"SlaversCollar":4957,"Bird Faced Urn":4777,"MutagenicStrength":5515,"aspiration:SilentSkillbook":6077,"Mark of Pain":4879,"Unceasing Top":4749,"Regal Pillow":4807,"Lantern":5310,"aspiration:Lifesprig":5548,"Singing Bowl":5129,"Magic Flower":5436,"Bag of Preparation":4886,"Cursed Key":4734,"Ancient Tea Set":4790,"Smiling Mask":5810,"Burning Blood":0,"Shovel":4886,"Matryoshka":6237,"aspiration:AnachronicSnailShell":4761,"Toolbox":4741,"WingedGreaves":5152,"InkBottle":5389,"Paper Frog":4903,"aspiration:ChemicalBlood":6398,"Ring of the Snake":6398,"Potion Belt":5152,"Self Forming Clay":4851,"Golden Idol":6042,"The Courier":4824,"PreservedInsect":5276,"Omamori":4922,"Frozen Egg 2":6167,"MawBank":4819,"Busted Crown":5473,"Orrery":5076,"Turnip":4886,"Art of War":5783,"Champion Belt":4786,"Bottled Lightning":5292,"Ice Cream":4914,"Calipers":4722,"Tiny House":5142,"Gremlin Horn":4863,"Vajra":5790,"Sozu":5752,"HornCleat":4940,"DollysMirror":4922,"Strawberry":4940,"Philosopher\u0027s Stone":5111,"Prayer Wheel":6104,"aspiration:ArtOfWarUpgrade":6316,"Toxic Egg 2":4738,"Happy Flower":5310,"aspiration:Nostalgia":6398,"Oddly Smooth Stone":5090,"Charon\u0027s Ashes":5339,"aspiration:SeaSaltIceCream":5129,"Letter Opener":5349,"War Paint":5411,"aspiration:HiddenCompartment":5083,"Question Card":5113,"Du-Vu Doll":6446,"Bottled Flame":5588,"Shuriken":5135,"Bronze Scales":5129,"Black Star":4835,"Nloth\u0027s Gift":4962,"aspiration:HatOfInfinitePower":5094,"Meat on the Bone":4851,"Pocketwatch":5689,"Darkstone Periapt":6573,"SacredBark":5867,"Enchiridion":4777,"Black Blood":5048,"Mango":5360,"Incense Burner":4886,"Juzu Bracelet":4891,"PrismaticShard":5672,"ClockworkSouvenir":4842,"SsserpentHead":6180,"Frozen Eye":6398,"Nunchaku":4922,"Dream Catcher":5203,"aspiration:DefectSkillbook":6466,"Mummified Hand":4872,"Pantograph":5310,"Gambling Chip":5565,"Tiny Chest":5921,"Red Skull":5186,"aspiration:FetidBarrel":6606,"aspiration:HummingbirdHeart":4819,"aspiration:SecretTechniqueScroll":4773,"Odd Mushroom":5724,"Orichalcum":5801,"Calling Bell":5565,"Strange Spoon":4807,"Anchor":5001,"CaptainsWheel":6214,"Bag of Marbles":5570,"Coffee Dripper":5822,"Membership Card":4886,"aspiration:RitualDagger":5400,"TungstenRod":4895,"FossilizedHelix":5030}],"Burning Blood":1255},"card_choices":[{"not_picked":["Wild Strike","Burning Pact"],"picked":"True Grit","floor":1},{"not_picked":["Wild Strike","Pommel Strike"],"picked":"Clothesline","floor":5},{"not_picked":["Reckless Charge","Clash","Wild Strike"],"picked":"SKIP","floor":7},{"not_picked":["Entrench","Carnage"],"picked":"Inflame","floor":8},{"not_picked":["Warcry","Twin Strike"],"picked":"Body Slam","floor":10},{"not_picked":["Clothesline","Disarm+1"],"picked":"Rupture","floor":11},{"not_picked":["Thunderclap","Seeing Red+1"],"picked":"Battle Trance+1","floor":13},{"not_picked":["Combust","Warcry+1"],"picked":"Flex+1","floor":14},{"not_picked":["Brutality","Fiend Fire"],"picked":"Barricade","floor":16},{"not_picked":["Anger","Pommel Strike"],"picked":"Wild Strike+1","floor":18},{"not_picked":["Pommel Strike+1","Havoc+1"],"picked":"True Grit+1","floor":20},{"not_picked":["Armaments+1","Blood for Blood"],"picked":"Feel No Pain+1","floor":21},{"not_picked":["Wild Strike","Armaments+1","Rupture"],"picked":"SKIP","floor":24},{"not_picked":["Clothesline+1","Wild Strike"],"picked":"Spot Weakness+1","floor":27},{"not_picked":["Battle Trance+1","Fire Breathing"],"picked":"Double Tap+1","floor":28},{"not_picked":["Anger+1","Body Slam"],"picked":"Cleave","floor":29},{"not_picked":["Thunderclap+1","Wild Strike"],"picked":"Heavy Blade","floor":31},{"not_picked":["Brutality","Corruption"],"picked":"Barricade","floor":33},{"not_picked":["Anger","Second Wind+1"],"picked":"Dropkick","floor":34},{"not_picked":["Dropkick","Anger+1"],"picked":"Shrug It Off+1","floor":35},{"not_picked":["Sword Boomerang","Combust"],"picked":"Heavy Blade+1","floor":37},{"not_picked":["Flex+1","Bloodletting+1"],"picked":"Rage+1","floor":39},{"not_picked":["Armaments+1","Evolve"],"picked":"Warcry+1","floor":46},{"not_picked":["Evolve","Combust+1"],"picked":"Exhume+1","floor":47},{"not_picked":["Transmutation+1","Trip+1"],"picked":"Magnetism","floor":48},{"not_picked":["Thunderclap","Uppercut"],"picked":"Limit Break+1","floor":54}],"player_experience":2108761,"relics_obtained":[{"floor":2,"key":"Omamori"},{"floor":7,"key":"Boot"},{"floor":11,"key":"Toxic Egg 2"},{"floor":13,"key":"Smiling Mask"},{"floor":22,"key":"aspiration:ChemicalBlood"},{"floor":26,"key":"War Paint"},{"floor":27,"key":"Pen Nib"},{"floor":29,"key":"Darkstone Periapt"},{"floor":31,"key":"Gremlin Horn"},{"floor":43,"key":"aspiration:FetidBarrel"},{"floor":45,"key":"aspiration:SeaSaltIceCream"},{"floor":54,"key":"Bag of Marbles"}],"event_choices":[{"damage_healed":20,"gold_gain":0,"player_choice":"Healed","damage_taken":0,"max_hp_gain":0,"max_hp_loss":0,"event_name":"The Cleric","floor":3,"gold_loss":35},{"cards_removed":["Strike_R"],"damage_healed":0,"gold_gain":0,"player_choice":"Purged","damage_taken":0,"max_hp_gain":0,"max_hp_loss":0,"event_name":"Purifier","floor":4,"gold_loss":0},{"damage_healed":0,"gold_gain":0,"player_choice":"Ignored","damage_taken":0,"max_hp_gain":0,"max_hp_loss":0,"event_name":"SecretPortal","floor":36,"gold_loss":0},{"damage_healed":0,"gold_gain":0,"player_choice":"Memory 1","damage_taken":0,"max_hp_gain":0,"max_hp_loss":0,"event_name":"SensoryStone","floor":48,"gold_loss":0}],"is_beta":false,"boss_relics":[{"not_picked":["Empty Cage","Fusion Hammer"],"picked":"Philosopher\u0027s Stone"},{"not_picked":["aspiration:RunicSpoon","aspiration:PoetsPen_weak"],"picked":"Tiny House"}],"items_purged_floors":[],"is_endless":false,"potions_floor_spawned":[5,8,11,14,18,21,24,28,29,41,46],"killed_by":"The Heart","ascension_level":1}}