{"host":"nmxkoih8gpfa0ew7","time":1609732304,"event":{"mods":["AchievementEnabler","BaseMod","Better Third Choice","Colored Map","Colored Powertips","Minty Spire (QoL Compilation)","Slay-I","StSLib"],"gold_per_floor":[110,123,123,39,39,68,68,83,83,111,180,197,217,246,246,346,346,363,377,395,395,395,421,421,449,474,474,493,593,670,681,681,785,785,804,854,873,883,69,69,83,97,146,146,175,175,209,221,221,221,221],"floor_reached":50,"playtime":3278,"items_purged":[],"score":762,"play_id":"5e153fe9-c7d2-4845-b32e-551ac9778332","local_time":"20210103195144","is_ascension_mode":false,"campfire_choices":[{"data":"Dualcast","floor":7,"key":"SMITH"},{"data":"Undo","floor":15,"key":"SMITH"},{"data":"Zap","floor":24,"key":"SMITH"},{"floor":27,"key":"REST"},{"data":"Fusion","floor":32,"key":"SMITH"},{"floor":40,"key":"DIG"},{"floor":46,"key":"RECALL"},{"floor":49,"key":"DIG"}],"circlet_count":0,"master_deck":["Strike_B","Strike_B","Strike_B","Strike_B","Defend_B","Defend_B","Defend_B","Defend_B","Zap+1","Dualcast+1","Defragment+1","Self Repair","Blind","Undo+1","All For One","Fusion+1","Gash+1","Meteor Strike+1","Sunder+1","Hyperbeam+1","Gash+1","Gash+1","FTL+1","FTL+1","Beam Cell+1","Gash+1","Self Repair","Leap+1","Electrodynamics","Doom and Gloom+1","Go for the Eyes+1","FTL+1","Doom and Gloom+1","Enlightenment+1","Auto Shields+1","Auto Shields+1","Doom and Gloom+1","Capacitor","Ball Lightning+1"],"relics":["Cracked Core","Eternal Feather","Toy Ornithopter","White Beast Statue","Molten Egg 2","Mango","Black Star","Bottled Flame","Tiny Chest","Turnip","Shuriken","Sundial","CaptainsWheel","Happy Flower","Peace Pipe","Cables","Toxic Egg 2","Nuclear Battery","Akabeko","Shovel","StrikeDummy","Strange Spoon","WingedGreaves","StoneCalendar","Dream Catcher","Bag of Preparation","Omamori","Ornamental Fan","PreservedInsect"],"acts_visited":["Exordium","TheCity","TheBeyond"],"potions_floor_usage":[14,16,16,18,20,23,25,28,33,33,38,41,45,47,47,47,50,50],"damage_taken":[{"damage":1,"enemies":"Jaw Worm","floor":1,"turns":3},{"damage":1,"enemies":"Cultist","floor":2,"turns":4},{"damage":21,"enemies":"Lagavulin","floor":6,"turns":7},{"damage":7,"enemies":"Small Slimes","floor":8,"turns":3},{"damage":23,"enemies":"Gremlin Nob","floor":10,"turns":4},{"damage":0,"enemies":"Blue Slaver","floor":12,"turns":3},{"damage":0,"enemies":"Exordium Wildlife","floor":13,"turns":3},{"damage":8,"enemies":"Lagavulin","floor":14,"turns":5},{"damage":34,"enemies":"The Guardian","floor":16,"turns":9},{"damage":12,"enemies":"2 Thieves","floor":18,"turns":3},{"damage":25,"enemies":"Chosen","floor":19,"turns":7},{"damage":10,"enemies":"Snecko","floor":20,"turns":4},{"damage":18,"enemies":"Book of Stabbing","floor":23,"turns":6},{"damage":79,"enemies":"Gremlin Leader","floor":25,"turns":7},{"damage":10,"enemies":"Cultist and Chosen","floor":28,"turns":3},{"damage":11,"enemies":"Colosseum Slavers","floor":29,"turns":4},{"damage":23,"enemies":"Colosseum Nobs","floor":29,"turns":3},{"damage":10,"enemies":"Snake Plant","floor":31,"turns":3},{"damage":0,"enemies":"Champ","floor":33,"turns":7},{"damage":0,"enemies":"3 Shapes","floor":35,"turns":1},{"damage":10,"enemies":"Orb Walker","floor":37,"turns":2},{"damage":15,"enemies":"4 Shapes","floor":38,"turns":4},{"damage":8,"enemies":"3 Darklings","floor":41,"turns":2},{"damage":0,"enemies":"Jaw Worm Horde","floor":42,"turns":2},{"damage":66,"enemies":"Reptomancer","floor":45,"turns":7},{"damage":1,"enemies":"Nemesis","floor":47,"turns":3},{"damage":11,"enemies":"Writhing Mass","floor":48,"turns":5},{"damage":104,"enemies":"Awakened One","floor":50,"turns":8}],"seed_played":"6032752242648335813","potions_obtained":[{"floor":10,"key":"Block Potion"},{"floor":12,"key":"FocusPotion"},{"floor":13,"key":"SmokeBomb"},{"floor":14,"key":"FearPotion"},{"floor":16,"key":"DistilledChaos"},{"floor":18,"key":"Dexterity Potion"},{"floor":19,"key":"Swift Potion"},{"floor":20,"key":"BlessingOfTheForge"},{"floor":23,"key":"SpeedPotion"},{"floor":25,"key":"Strength Potion"},{"floor":28,"key":"PotionOfCapacity"},{"floor":29,"key":"LiquidBronze"},{"floor":31,"key":"SteroidPotion"},{"floor":33,"key":"LiquidBronze"},{"floor":35,"key":"FearPotion"},{"floor":38,"key":"GamblersBrew"},{"floor":41,"key":"FocusPotion"},{"floor":45,"key":"Strength Potion"},{"floor":47,"key":"FearPotion"},{"floor":48,"key":"Weak Potion"}],"is_trial":false,"path_per_floor":["M","M","?","$","?","E","R","M","T","E","T","M","M","E","R","B",null,"M","M","M","T","?","E","R","E","T","R","M","?","T","M","R","B",null,"M","T","M","M","$","R","M","M","T","T","E","R","E","M","R","B"],"character_chosen":"DEFECT","items_purchased":["Blind","Shovel","StrikeDummy","Strange Spoon","Doom and Gloom+1","Enlightenment+1"],"campfire_rested":1,"item_purchase_floors":[4,39,39,39,39,39],"current_hp_per_floor":[81,80,80,80,80,66,72,72,72,56,56,63,70,88,96,74,96,91,73,75,75,75,69,81,14,14,57,59,32,32,29,44,68,96,96,96,93,88,88,96,95,95,95,95,44,65,93,96,96,0,0],"gold":221,"neow_bonus":"TEN_PERCENT_HP_BONUS","is_daily":false,"chose_seed":false,"campfire_upgraded":4,"win_rate":0.0,"timestamp":1609732304,"path_taken":["M","M","?","$","?","E","R","M","T","E","?","M","M","E","R","BOSS","M","M","M","?","?","E","R","E","T","R","?","?","?","M","R","BOSS","M","?","?","M","$","R","?","?","T","?","E","R","E","M","R","BOSS"],"items_purchased_type":["Card","Relic","Relic","Relic","Card","Card"],"build_version":"2020-12-22","purchased_purges":0,"victory":false,"max_hp_per_floor":[82,82,82,82,82,82,82,82,82,82,82,82,82,96,96,96,96,96,96,96,96,96,96,96,96,96,96,96,96,96,96,96,96,96,96,96,96,96,96,96,96,96,96,96,96,96,96,96,96,96,96],"card_choices":[{"not_picked":["Barrage","Scrape"],"picked":"Defragment","floor":1},{"not_picked":["Stack","Leap"],"picked":"Self Repair","floor":2},{"not_picked":["Sweeping Beam","Turbo"],"picked":"Undo","floor":6},{"not_picked":["Redo","Barrage"],"picked":"All For One","floor":8},{"not_picked":["Steam Power","Steam"],"picked":"Fusion","floor":10},{"not_picked":["Sweeping Beam+1","Darkness"],"picked":"Gash+1","floor":12},{"not_picked":["Redo","Capacitor"],"picked":"Meteor Strike+1","floor":13},{"not_picked":["Beam Cell+1","Compile Driver+1"],"picked":"Sunder+1","floor":14},{"not_picked":["Amplify","Seek"],"picked":"Hyperbeam+1","floor":16},{"not_picked":["Reprogram","Steam Power"],"picked":"Gash+1","floor":18},{"not_picked":["Heatsinks+1","Beam Cell+1"],"picked":"Gash+1","floor":19},{"not_picked":["Blizzard+1","Ball Lightning+1"],"picked":"FTL+1","floor":20},{"not_picked":["Reinforced Body","Compile Driver+1"],"picked":"FTL+1","floor":23},{"not_picked":["Tempest","Turbo"],"picked":"Beam Cell+1","floor":25},{"not_picked":["Rebound+1","Turbo"],"picked":"Gash+1","floor":28},{"not_picked":["Coolheaded+1","Glacier"],"picked":"Self Repair","floor":29},{"not_picked":["Ball Lightning+1","BootSequence+1"],"picked":"Leap+1","floor":31},{"not_picked":["Machine Learning","Fission+1"],"picked":"Electrodynamics","floor":33},{"not_picked":["Sweeping Beam+1","Hologram+1"],"picked":"Doom and Gloom+1","floor":35},{"not_picked":["Cold Snap+1","Fusion+1"],"picked":"Go for the Eyes+1","floor":37},{"not_picked":["BootSequence+1","Sweeping Beam+1"],"picked":"FTL+1","floor":38},{"not_picked":["Beam Cell+1","Scrape+1"],"picked":"Auto Shields+1","floor":41},{"not_picked":["Streamline+1","Hello World+1"],"picked":"Auto Shields+1","floor":42},{"not_picked":["Tempest+1","Steam+1"],"picked":"Doom and Gloom+1","floor":45},{"not_picked":["Doom and Gloom+1","Conserve Battery+1"],"picked":"Capacitor","floor":47},{"not_picked":["Steam+1","Rebound+1"],"picked":"Ball Lightning+1","floor":48}],"player_experience":503243,"relics_obtained":[{"floor":6,"key":"Eternal Feather"},{"floor":9,"key":"Toy Ornithopter"},{"floor":10,"key":"White Beast Statue"},{"floor":11,"key":"Molten Egg 2"},{"floor":14,"key":"Mango"},{"floor":21,"key":"Bottled Flame"},{"floor":23,"key":"Turnip"},{"floor":23,"key":"Shuriken"},{"floor":25,"key":"Sundial"},{"floor":25,"key":"CaptainsWheel"},{"floor":26,"key":"Happy Flower"},{"floor":29,"key":"Peace Pipe"},{"floor":29,"key":"Cables"},{"floor":30,"key":"Toxic Egg 2"},{"floor":36,"key":"Akabeko"},{"floor":40,"key":"WingedGreaves"},{"floor":44,"key":"StoneCalendar"},{"floor":45,"key":"Dream Catcher"},{"floor":45,"key":"Bag of Preparation"},{"floor":47,"key":"Omamori"},{"floor":47,"key":"Ornamental Fan"},{"floor":49,"key":"PreservedInsect"}],"event_choices":[{"damage_healed":0,"gold_gain":0,"player_choice":"Leave","damage_taken":0,"max_hp_gain":0,"max_hp_loss":0,"event_name":"The Cleric","floor":3,"gold_loss":0},{"damage_healed":0,"gold_gain":0,"player_choice":"Grow","damage_taken":0,"max_hp_gain":0,"max_hp_loss":0,"event_name":"Living Wall","floor":5,"gold_loss":0,"cards_upgraded":["Defragment"]},{"damage_healed":0,"gold_gain":0,"player_choice":"Gave Potion","damage_taken":0,"relics_obtained":["Tiny Chest"],"max_hp_gain":0,"max_hp_loss":0,"event_name":"WeMeetAgain","floor":22,"gold_loss":0},{"damage_healed":0,"gold_gain":0,"player_choice":"Fight","damage_taken":0,"max_hp_gain":0,"max_hp_loss":0,"event_name":"Colosseum","floor":29,"gold_loss":0},{"damage_healed":0,"gold_gain":0,"player_choice":"Fought Nobs","damage_taken":0,"max_hp_gain":0,"max_hp_loss":0,"event_name":"Colosseum","floor":29,"gold_loss":0}],"is_beta":false,"boss_relics":[{"not_picked":["Philosopher\u0027s Stone","Ectoplasm"],"picked":"Black Star"},{"not_picked":["SacredBark","Runic Dome"],"picked":"Nuclear Battery"}],"items_purged_floors":[],"is_endless":false,"potions_floor_spawned":[10,12,13,14,16,18,19,20,23,25,28,29,29,31,33,35,37,38,41,42,45,47,48],"killed_by":"Awakened One","ascension_level":0}}