{"host":"egwexuw5uvnxf11j","time":1609734751,"event":{"mods":["2.2 Compatiblity","Aspiration","BaseMod","Better Altar","Better Note","Better Sensory Stone","Better Third Choice","Displayed Cursed Tome","Downfall","Hermit","Key Reminder","Koishi","Marisa????????","Minty Spire (QoL Compilation)","Quick Restart","Shade Mod","Spicy Shops","StSLib","The Construct","The Cursed","The Hierophant","The Runesmith","The Senshi","The Servant 0.9.4","Transform Curses"],"gold_per_floor":[117,127,36,36,53,53,66,92,92,70,70,70,96,112,112,214,214,229,229,229,243,253,253,253],"floor_reached":23,"playtime":1100,"items_purged":[],"score":231,"play_id":"f3f04e82-5ec3-4517-a821-214e39ca5e42","local_time":"20210103233231","is_ascension_mode":true,"campfire_choices":[{"floor":6,"key":"REST"},{"floor":15,"key":"REST"}],"circlet_count":0,"master_deck":["Strike_B","Strike_B","Strike_B","Defend_B","Defend_B","Defend_B","Defend_B","Zap","Dualcast","Doom and Gloom","Leap","Static Discharge","Darkness","Glacier","aspiration:Polymerization","Redo","Hello World+1","Electrodynamics+1","Loop+1","Echo Form+1","Sweeping Beam+1","aspiration:Polymerization","Beam Cell+1","Electrodynamics+1"],"relics":["Cracked Core","Frozen Egg 2","Molten Egg 2","FossilizedHelix","Kunai","keyreminder:keyreminder","aspiration:SecretTechniqueScroll","PrismaticShard"],"acts_visited":["Exordium","TheCity"],"potions_floor_usage":[8,16],"damage_taken":[{"damage":1,"enemies":"Cultist","floor":1,"turns":3},{"damage":11,"enemies":"2 Louse","floor":2,"turns":2},{"damage":2,"enemies":"Jaw Worm","floor":5,"turns":4},{"damage":12,"enemies":"Blue Slaver","floor":7,"turns":3},{"damage":19,"enemies":"3 Sentries","floor":8,"turns":6},{"damage":18,"enemies":"Gremlin Nob","floor":13,"turns":4},{"damage":4,"enemies":"Exordium Thugs","floor":14,"turns":4},{"damage":32,"enemies":"Hexaghost","floor":16,"turns":6},{"damage":10,"enemies":"Spheric Guardian","floor":18,"turns":4},{"damage":23,"enemies":"Shell Parasite","floor":21,"turns":4},{"damage":0,"enemies":"3 Cultists","floor":22,"turns":3},{"damage":49,"enemies":"Book of Stabbing","floor":23,"turns":3}],"seed_played":"7623334231573834324","potions_obtained":[{"floor":1,"key":"ColorlessPotion"},{"floor":5,"key":"hexamod:EctoCoolerPotion"},{"floor":8,"key":"FearPotion"},{"floor":14,"key":"Strength Potion"},{"floor":18,"key":"BlessingOfTheForge"}],"is_trial":false,"path_per_floor":["M","M","$","?","M","R","M","E","T","$","?","?","E","M","R","B",null,"M","?","?","M","M","E"],"character_chosen":"DEFECT","items_purchased":["Static Discharge","Redo"],"campfire_rested":2,"item_purchase_floors":[3,10],"current_hp_per_floor":[81,70,70,70,68,82,70,51,51,51,51,59,41,37,61,29,82,72,64,64,41,41,0,0],"gold":253,"neow_bonus":"TEN_PERCENT_HP_BONUS","is_daily":false,"chose_seed":false,"campfire_upgraded":0,"win_rate":0.0,"timestamp":1609734751,"path_taken":["M","?","$","?","M","R","M","E","T","$","?","?","E","M","R","BOSS","M","?","?","?","M","E"],"items_purchased_type":["Card","Card"],"build_version":"2020-12-22","purchased_purges":0,"victory":false,"max_hp_per_floor":[82,82,82,82,82,82,82,82,82,82,82,82,82,82,82,82,82,82,82,82,82,82,82,82],"card_choices":[{"not_picked":["White Noise","Sweeping Beam"],"picked":"Doom and Gloom","floor":1},{"not_picked":["Coolheaded","BootSequence"],"picked":"Leap","floor":2},{"not_picked":["Turbo","Blizzard"],"picked":"Darkness","floor":5},{"not_picked":["Steam","Cold Snap"],"picked":"Glacier","floor":7},{"not_picked":["Compile Driver+1","Cold Snap+1"],"picked":"aspiration:Polymerization","floor":8},{"not_picked":["Leap","Reinforced Body"],"picked":"Electrodynamics+1","floor":13},{"not_picked":["Rebound+1","Redo"],"picked":"Loop+1","floor":14},{"not_picked":["Machine Learning+1","Thunder Strike+1"],"picked":"Echo Form+1","floor":16},{"not_picked":["Conserve Battery","Glacier"],"picked":"Sweeping Beam+1","floor":18},{"not_picked":["Hologram+1","Sweeping Beam+1"],"picked":"aspiration:Polymerization","floor":19},{"not_picked":["hierophant:Doubloon","Guardian:Reroute+1"],"picked":"Beam Cell+1","floor":21},{"not_picked":["construct:Zapper+1","GrandCross+1"],"picked":"Electrodynamics+1","floor":22}],"player_experience":2136612,"relics_obtained":[{"floor":8,"key":"Molten Egg 2"},{"floor":9,"key":"FossilizedHelix"},{"floor":13,"key":"Kunai"},{"floor":19,"key":"PrismaticShard"}],"event_choices":[{"damage_healed":0,"gold_gain":0,"cards_transformed":["Injury"],"player_choice":"Change","damage_taken":0,"max_hp_gain":0,"max_hp_loss":0,"event_name":"Living Wall","floor":11,"gold_loss":0,"cards_obtained":["Hello World"]},{"cards_removed":["Strike_B"],"damage_healed":0,"gold_gain":0,"player_choice":"Purged","damage_taken":0,"max_hp_gain":0,"max_hp_loss":0,"event_name":"Purifier","floor":20,"gold_loss":0}],"is_beta":false,"boss_relics":[{"not_picked":["Philosopher\u0027s Stone","aspiration:RunicSpoon"],"picked":"aspiration:SecretTechniqueScroll"}],"items_purged_floors":[],"is_endless":false,"potions_floor_spawned":[1,5,8,14,18],"killed_by":"Book of Stabbing","ascension_level":3}}