{"host":"lxgv1wbl12oya7hr","time":1609725968,"event":{"mods":["BaseMod","Minty Spire (QoL Compilation)","Permanent Neow","StSLib"],"gold_per_floor":[19,19,19,34,34,34,57,20,44,68,108,208,14,48,48,177,177,198,198,214,241,256,299,20,58,58,58,58],"floor_reached":27,"playtime":1009,"items_purged":["Strike_B"],"score":272,"play_id":"eab8e276-faf7-4e82-a5d8-f3d410738042","local_time":"20210103180608","is_ascension_mode":true,"campfire_choices":[{"data":"Ball Lightning","floor":6,"key":"SMITH"},{"data":"Reinforced Body","floor":15,"key":"SMITH"}],"circlet_count":0,"master_deck":["Strike_B","Strike_B+1","Defend_B","Defend_B","Defend_B","Defend_B","Zap","Dualcast","Metamorphosis+1","Ball Lightning+1","Reinforced Body+1","Streamline+1","Defragment","Storm","Conserve Battery","Storm","Leap","Machine Learning","Redo","Conserve Battery","Ball Lightning","Capacitor+1","Heatsinks","Turbo","Streamline+1"],"relics":["Cracked Core","Golden Idol","Whetstone","DataDisk","Symbiotic Virus","Coffee Dripper","CaptainsWheel","Chemical X","Omamori","Ornamental Fan"],"acts_visited":["Exordium","TheCity"],"potions_floor_usage":[11,14,20,20,25,27],"damage_taken":[{"damage":7,"enemies":"Small Slimes","floor":1,"turns":4},{"damage":7,"enemies":"2 Louse","floor":4,"turns":2},{"damage":0,"enemies":"Jaw Worm","floor":7,"turns":2},{"damage":0,"enemies":"Looter","floor":10,"turns":3},{"damage":23,"enemies":"3 Sentries","floor":11,"turns":5},{"damage":4,"enemies":"Gremlin Nob","floor":14,"turns":4},{"damage":1,"enemies":"Slime Boss","floor":16,"turns":7},{"damage":2,"enemies":"Spheric Guardian","floor":18,"turns":4},{"damage":3,"enemies":"3 Byrds","floor":20,"turns":3},{"damage":7,"enemies":"Cultist and Chosen","floor":22,"turns":5},{"damage":12,"enemies":"Book of Stabbing","floor":23,"turns":4},{"damage":28,"enemies":"Slavers","floor":25,"turns":5},{"damage":20,"enemies":"Gremlin Leader","floor":27,"turns":1}],"seed_played":"2697180330136203733","potions_obtained":[{"floor":7,"key":"Weak Potion"},{"floor":11,"key":"SpeedPotion"},{"floor":16,"key":"Dexterity Potion"},{"floor":18,"key":"SpeedPotion"},{"floor":20,"key":"Strength Potion"},{"floor":22,"key":"SneckoOil"},{"floor":25,"key":"Energy Potion"}],"is_trial":false,"path_per_floor":["M","?","?","M","?","R","M","$","T","M","E","?","$","E","R","B",null,"M","?","M","T","M","E","$","E","T","E"],"character_chosen":"DEFECT","items_purchased":["Defragment","Storm","Leap","Chemical X","Heatsinks","Turbo"],"campfire_rested":0,"item_purchase_floors":[8,13,13,24,24,24],"current_hp_per_floor":[68,68,61,54,54,54,54,54,54,54,31,31,31,27,27,26,69,67,67,64,64,57,45,45,17,17,0,0],"gold":58,"neow_bonus":"RANDOM_COLORLESS_2","is_daily":false,"chose_seed":false,"campfire_upgraded":2,"win_rate":0.0,"timestamp":1609725968,"path_taken":["M","?","?","M","?","R","M","$","T","?","E","?","?","E","R","BOSS","M","?","?","?","M","E","$","E","T","E"],"items_purchased_type":["Card","Card","Card","Relic","Card","Card"],"build_version":"2020-12-22","purchased_purges":1,"victory":false,"max_hp_per_floor":[75,75,75,75,69,69,69,69,69,69,69,69,69,69,69,69,69,69,69,69,69,69,69,69,69,69,69,69],"card_choices":[{"not_picked":["Transmutation","Chrysalis"],"picked":"Metamorphosis","floor":0},{"not_picked":["Self Repair","Steam"],"picked":"Ball Lightning","floor":1},{"not_picked":["Sweeping Beam","Barrage"],"picked":"Reinforced Body","floor":4},{"not_picked":["Compile Driver","Sweeping Beam"],"picked":"Streamline","floor":7},{"not_picked":["Hologram","Melter"],"picked":"Storm","floor":10},{"not_picked":["Streamline","Beam Cell"],"picked":"Conserve Battery","floor":11},{"not_picked":["Compile Driver","Chill","Hello World"],"picked":"SKIP","floor":14},{"not_picked":["Multi-Cast","Reboot"],"picked":"Machine Learning","floor":16},{"not_picked":["Coolheaded","Chill"],"picked":"Redo","floor":18},{"not_picked":["Compile Driver","Lockon"],"picked":"Conserve Battery","floor":20},{"not_picked":["Barrage","Fusion"],"picked":"Ball Lightning","floor":22},{"not_picked":["Reprogram","Leap"],"picked":"Capacitor+1","floor":23},{"not_picked":["Ball Lightning","Tempest+1"],"picked":"Streamline+1","floor":25}],"player_experience":2241307,"relics_obtained":[{"floor":9,"key":"Whetstone"},{"floor":11,"key":"DataDisk"},{"floor":14,"key":"Symbiotic Virus"},{"floor":23,"key":"CaptainsWheel"},{"floor":25,"key":"Omamori"},{"floor":26,"key":"Ornamental Fan"}],"event_choices":[{"damage_healed":0,"gold_gain":0,"player_choice":"Grow","damage_taken":0,"max_hp_gain":0,"max_hp_loss":0,"event_name":"Living Wall","floor":2,"gold_loss":0,"cards_upgraded":["Metamorphosis"]},{"cards_removed":["Strike_B"],"damage_healed":0,"gold_gain":0,"player_choice":"Card Removal","damage_taken":7,"max_hp_gain":0,"max_hp_loss":0,"event_name":"Golden Wing","floor":3,"gold_loss":0},{"damage_healed":0,"gold_gain":0,"player_choice":"Lose Max HP","damage_taken":0,"relics_obtained":["Golden Idol"],"max_hp_gain":0,"max_hp_loss":6,"event_name":"Golden Idol","floor":5,"gold_loss":0},{"damage_healed":0,"gold_gain":100,"player_choice":"Pray","damage_taken":0,"max_hp_gain":0,"max_hp_loss":0,"event_name":"Golden Shrine","floor":12,"gold_loss":0},{"damage_healed":0,"gold_gain":0,"player_choice":"Bought 0 Potions","damage_taken":0,"max_hp_gain":0,"max_hp_loss":0,"event_name":"The Woman in Blue","floor":19,"gold_loss":0}],"is_beta":false,"boss_relics":[{"not_picked":["Tiny House","FrozenCore"],"picked":"Coffee Dripper"}],"items_purged_floors":[13],"is_endless":false,"potions_floor_spawned":[7,11,16,18,20,22,25],"killed_by":"Gremlin Leader","ascension_level":1}}