{"host":"67d7yvf7wgk1klfn","time":1609730474,"event":{"mods":["BaseMod","Colored Powertips","Filter the Spire","Minty Spire (QoL Compilation)","Relic Stats","Slay the Relics Exporter","StSLib","ojb\u0027s Better Paths Mod","ojb\u0027s Info Mod"],"gold_per_floor":[111,111,111,36,47,47,47,47,47,76,89,103,103,136,136,213,213,226,246,246,265,265,265,297,307,307,9,9,9,44,62,62,136,136,154,164,181,181,106,106,134,134,134,166,180,211,26,37,37,37,37,37,37,37,37,37],"floor_reached":55,"playtime":4530,"items_purged":["Blade Dance","Storm of Steel"],"score":2531,"play_id":"bd77e63a-0ebf-4ded-a76a-4cf4e975c709","local_time":"20210103222114","is_ascension_mode":true,"campfire_choices":[{"data":"Crippling Poison","floor":6.0,"key":"SMITH"},{"data":"Catalyst","floor":8.0,"key":"SMITH"},{"data":"Adrenaline","floor":15.0,"key":"SMITH"},{"data":"Well Laid Plans","floor":23,"key":"SMITH"},{"floor":32,"key":"REST"},{"data":"Crippling Poison","floor":40,"key":"SMITH"},{"floor":49,"key":"RECALL"},{"data":"Footwork","floor":53,"key":"SMITH"}],"circlet_count":0,"master_deck":["AscendersBane","Survivor","Predator+1","Adrenaline+1","Night Terror","Flying Knee","Eviscerate","Catalyst+1","Backflip","Blur","Leg Sweep","Crippling Poison+1","Crippling Poison+1","Poisoned Stab","PiercingWail","Underhanded Strike","Blur","After Image","Catalyst+1","Noxious Fumes","Well Laid Plans+1","PiercingWail+1","PiercingWail+1","Night Terror+1","Leg Sweep+1","Footwork+1","PiercingWail+1","Backflip+1"],"relics":["Pandora\u0027s Box","NlothsMask","Regal Pillow","Pocketwatch","SacredBark","PreservedInsect","Toxic Egg 2","Bag of Preparation","Boot","Velvet Choker","Lantern","Bronze Scales","Gremlin Horn"],"acts_visited":["Exordium","TheCity","TheBeyond","TheEnding"],"potions_floor_usage":[21,21,24,24,31,44,51,51],"damage_taken":[{"damage":4.0,"enemies":"Small Slimes","floor":1.0,"turns":3.0},{"damage":0.0,"enemies":"Cultist","floor":5.0,"turns":3.0},{"damage":10.0,"enemies":"Gremlin Nob","floor":10.0,"turns":3.0},{"damage":9.0,"enemies":"Jaw Worm","floor":11.0,"turns":3.0},{"damage":1.0,"enemies":"Gremlin Gang","floor":12.0,"turns":3.0},{"damage":7.0,"enemies":"3 Sentries","floor":14.0,"turns":6.0},{"damage":19.0,"enemies":"The Guardian","floor":16.0,"turns":3.0},{"damage":6,"enemies":"Shell Parasite","floor":18,"turns":6},{"damage":0,"enemies":"Chosen","floor":19,"turns":5},{"damage":16,"enemies":"Shelled Parasite and Fungi","floor":21,"turns":7},{"damage":13,"enemies":"Book of Stabbing","floor":24,"turns":3},{"damage":20,"enemies":"Snake Plant","floor":25,"turns":4},{"damage":4,"enemies":"Gremlin Leader","floor":30,"turns":4},{"damage":12,"enemies":"Centurion and Healer","floor":31,"turns":7},{"damage":6,"enemies":"Champ","floor":33,"turns":4},{"damage":14,"enemies":"Orb Walker","floor":35,"turns":4},{"damage":4,"enemies":"3 Darklings","floor":36,"turns":5},{"damage":28,"enemies":"Spire Growth","floor":37,"turns":4},{"damage":0,"enemies":"Nemesis","floor":41,"turns":4},{"damage":11,"enemies":"Reptomancer","floor":44,"turns":4},{"damage":2,"enemies":"Sphere and 2 Shapes","floor":45,"turns":3},{"damage":5,"enemies":"Giant Head","floor":46,"turns":5},{"damage":8,"enemies":"Jaw Worm Horde","floor":48,"turns":5},{"damage":24,"enemies":"Donu and Deca","floor":50,"turns":6},{"damage":16,"enemies":"Awakened One","floor":51,"turns":13},{"damage":52,"enemies":"Shield and Spear","floor":55,"turns":5}],"seed_played":"-8487675059309261091","potions_obtained":[{"floor":1.0,"key":"EntropicBrew"},{"floor":11.0,"key":"PowerPotion"},{"floor":18,"key":"Regen Potion"},{"floor":30,"key":"Fire Potion"},{"floor":33,"key":"GhostInAJar"},{"floor":44,"key":"ColorlessPotion"}],"is_trial":false,"path_per_floor":["M","?","?","$","M","R","?","R","T","E","M","M","?","E","R","B",null,"M","M","?","M","?","R","E","M","T","$","?","$","E","M","R","B",null,"M","M","M","?","$","R","E","?","T","E","M","E","$","M","R","B","B",null,"R","$","E"],"character_chosen":"THE_SILENT","items_purchased":["Crippling Poison","DistilledChaos","Bag of Preparation","PiercingWail+1","Regen Potion"],"campfire_rested":1,"item_purchase_floors":[4,27,27,27,47],"current_hp_per_floor":[55,55,55,55,55,55,55,55,55,45,36,35,35,28,28,9,52,46,46,46,66,66,66,53,33,33,33,33,33,29,17,51,45,61,47,43,15,54,54,54,54,54,54,43,41,36,36,28,28,4,43,51,51,51,0,0],"gold":37,"neow_bonus":"BOSS_RELIC","is_daily":false,"chose_seed":false,"campfire_upgraded":6,"win_rate":0.0,"timestamp":1609730474,"path_taken":["M","?","?","$","?","R","?","R","T","E","?","M","?","E","R","BOSS","M","?","?","M","?","R","E","M","T","$","?","?","E","M","R","BOSS","M","M","M","?","$","R","E","?","T","E","M","E","?","M","R","BOSS","BOSS","R","$","E"],"items_purchased_type":["Card","Potion","Relic","Card","Potion"],"build_version":"2020-12-22","purchased_purges":2,"victory":false,"max_hp_per_floor":[66,66,66,66,66,66,66,66,66,66,66,66,66,66,66,66,66,66,66,66,66,66,66,66,66,66,66,66,66,66,66,66,66,66,66,66,66,54,54,54,54,54,54,54,54,54,54,54,54,54,54,54,54,54,54,54],"relic_stats":{"Regal Pillow":15,"Gremlin Horn":[5,5],"counters":[26,122],"Bronze Scales":[162],"Pandora\u0027s Box":["Predator","Adrenaline","Night Terror","Quick Slash","Flying Knee","Storm of Steel","Eviscerate","Catalyst","Backflip","Blur"],"PreservedInsect":366,"Bag of Preparation":[28],"Boot":[33],"obtain_stats":[{"Regal Pillow":10,"Lantern":41,"Gremlin Horn":46,"SacredBark":17,"Velvet Choker":34,"PreservedInsect":24,"Bag of Preparation":27,"Boot":30,"Bronze Scales":44,"Pandora\u0027s Box":0,"Toxic Egg 2":26,"Ring of the Snake":0,"NlothsMask":3,"Pocketwatch":14},{"Regal Pillow":3,"Lantern":19,"Gremlin Horn":22,"SacredBark":7,"Velvet Choker":15,"PreservedInsect":11,"Bag of Preparation":12,"Boot":13,"Bronze Scales":20,"Pandora\u0027s Box":0,"Toxic Egg 2":12,"Ring of the Snake":0,"NlothsMask":1,"Pocketwatch":6},{"Regal Pillow":9,"Lantern":81,"Gremlin Horn":93,"SacredBark":24,"Velvet Choker":64,"PreservedInsect":45,"Bag of Preparation":49,"Boot":53,"Bronze Scales":85,"Pandora\u0027s Box":0,"Toxic Egg 2":49,"Ring of the Snake":0,"NlothsMask":3,"Pocketwatch":21}],"Pocketwatch":[126]},"card_choices":[{"not_picked":["Prepared","Tactician"],"picked":"Leg Sweep","floor":1.0},{"not_picked":["Acrobatics","Backflip"],"picked":"Blade Dance","floor":5.0},{"not_picked":["Terror","Dagger Throw"],"picked":"Crippling Poison","floor":10.0},{"not_picked":["Skewer","Underhanded Strike"],"picked":"Poisoned Stab","floor":11.0},{"not_picked":["Choke","Calculated Gamble"],"picked":"PiercingWail","floor":12.0},{"not_picked":["Reflex","Prepared"],"picked":"Blur","floor":14.0},{"not_picked":["Phantasmal Killer","Doppelganger"],"picked":"After Image","floor":16.0},{"not_picked":["Concentrate","Masterful Stab"],"picked":"Catalyst+1","floor":18},{"not_picked":["Endless Agony","Prepared","Dagger Spray"],"picked":"SKIP","floor":19},{"not_picked":["Sucker Punch","Dagger Spray"],"picked":"Noxious Fumes","floor":21},{"not_picked":["Slice","Poisoned Stab","Blade Dance"],"picked":"SKIP","floor":24},{"not_picked":["Backflip","Flying Knee","Dodge and Roll"],"picked":"SKIP","floor":25},{"not_picked":["Blade Dance+1","Outmaneuver+1"],"picked":"PiercingWail+1","floor":30},{"not_picked":["Deadly Poison+1","Expertise+1","Underhanded Strike"],"picked":"SKIP","floor":31},{"not_picked":["Tools of the Trade","Venomology+1"],"picked":"Night Terror+1","floor":33},{"not_picked":["Skewer+1","Slice+1","Blade Dance+1"],"picked":"SKIP","floor":35},{"not_picked":["Quick Slash","Underhanded Strike","Dagger Throw+1"],"picked":"SKIP","floor":36},{"not_picked":["Finisher","Outmaneuver+1"],"picked":"Leg Sweep+1","floor":37},{"not_picked":["Poisoned Stab","Backstab"],"picked":"Footwork","floor":41},{"not_picked":["Leg Sweep+1","Endless Agony"],"picked":"PiercingWail+1","floor":44},{"not_picked":["All Out Attack+1","Blade Dance+1"],"picked":"Backflip+1","floor":45},{"not_picked":["Concentrate+1","All Out Attack","Deadly Poison+1"],"picked":"SKIP","floor":46},{"not_picked":["Reflex+1","Dagger Spray+1","Slice"],"picked":"SKIP","floor":48}],"player_experience":646616,"relics_obtained":[{"floor":10.0,"key":"Regal Pillow"},{"floor":14.0,"key":"Pocketwatch"},{"floor":24,"key":"PreservedInsect"},{"floor":26,"key":"Toxic Egg 2"},{"floor":30,"key":"Boot"},{"floor":41,"key":"Lantern"},{"floor":44,"key":"Bronze Scales"},{"floor":46,"key":"Gremlin Horn"}],"event_choices":[{"damage_healed":0.0,"max_hp_gain":0.0,"max_hp_loss":0.0,"gold_gain":0.0,"event_name":"Living Wall","player_choice":"Grow","floor":2.0,"gold_loss":0.0,"damage_taken":0.0,"cards_upgraded":["Predator"]},{"damage_healed":0.0,"max_hp_gain":0.0,"max_hp_loss":0.0,"gold_gain":0.0,"event_name":"FaceTrader","player_choice":"Trade","floor":3.0,"gold_loss":0.0,"damage_taken":0.0,"relics_obtained":["NlothsMask"]},{"damage_healed":0.0,"max_hp_gain":0.0,"max_hp_loss":0.0,"gold_gain":0.0,"event_name":"Match and Keep!","player_choice":"0 cards matched","floor":7.0,"gold_loss":0.0,"damage_taken":0.0,"cards_obtained":[]},{"damage_healed":0.0,"max_hp_gain":0.0,"max_hp_loss":0.0,"gold_gain":0.0,"cards_transformed":["Neutralize"],"event_name":"Transmorgrifier","player_choice":"Transformed","floor":13.0,"gold_loss":0.0,"damage_taken":0.0,"cards_obtained":["Underhanded Strike"]},{"damage_healed":0,"gold_gain":0,"player_choice":"Ignored","damage_taken":0,"max_hp_gain":0,"max_hp_loss":0,"event_name":"Vampires","floor":20,"gold_loss":0},{"damage_healed":0,"gold_gain":0,"player_choice":"Read","damage_taken":0,"max_hp_gain":0,"max_hp_loss":0,"event_name":"The Library","floor":22,"gold_loss":0,"cards_obtained":["Well Laid Plans"]},{"cards_removed":["Quick Slash"],"damage_healed":0,"gold_gain":0,"player_choice":"Elegance","damage_taken":0,"max_hp_gain":0,"max_hp_loss":0,"event_name":"Back to Basics","floor":28,"gold_loss":0},{"damage_healed":54,"gold_gain":0,"player_choice":"Heal","damage_taken":0,"max_hp_gain":0,"max_hp_loss":12,"event_name":"The Moai Head","floor":38,"gold_loss":0},{"damage_healed":0,"gold_gain":0,"player_choice":"Memory 1","damage_taken":0,"max_hp_gain":0,"max_hp_loss":0,"event_name":"SensoryStone","floor":42,"gold_loss":0}],"is_beta":false,"boss_relics":[{"not_picked":["Runic Dome","HoveringKite"],"picked":"SacredBark"},{"not_picked":["Black Star","Astrolabe"],"picked":"Velvet Choker"}],"items_purged_floors":[39,47],"is_endless":false,"potions_floor_spawned":[1,11,18,30,33,35,36,44,48],"killed_by":"Shield and Spear","ascension_level":20}}