{"host":"02uosbn8hju1jzqf","time":1609746263,"event":{"mods":["Act Like it!","Arknights The Spire","BaseMod","Colored Powertips","Defective Defect","GifTheSpireLib","Marisa????????","Minty Spire (QoL Compilation)","Reimu??????","StSLib","The Awakened One except there are too many feathers","The Poker Player","Yakumo Yukari mod","everything is the same but u backflip on backflip","??????REMEMod"],"gold_per_floor":[116,76,28,28,28,43,43,43],"floor_reached":7,"playtime":367,"items_purged":[],"score":39,"play_id":"e992ca71-7598-4f6f-873f-8e759f95618b","local_time":"20210103234423","is_ascension_mode":false,"campfire_choices":[],"circlet_count":0,"master_deck":["Strike_Lin:ReiMu","Strike_Lin:ReiMu","Strike_Lin:ReiMu","Strike_Lin:ReiMu","Defend_Lin:ReiMu","Defend_Lin:ReiMu","Defend_Lin:ReiMu","Defend_Lin:ReiMu","NB:ReiMu","Stagnation:ReiMu","Intuition:ReiMu","SafetyPray:ReiMu+1","Gathering:ReiMu"],"relics":["REME_ComplimentaryCards","Philosopher\u0027s Stone"],"acts_visited":["Exordium"],"potions_floor_usage":[7,7],"damage_taken":[{"damage":0,"enemies":"2 Louse","floor":1,"turns":4},{"damage":6,"enemies":"Cultist","floor":6,"turns":6},{"damage":65,"enemies":"Gremlin Nob","floor":7,"turns":6}],"seed_played":"6858869009655571148","potions_obtained":[{"floor":2,"key":"Block Potion"},{"floor":2,"key":"FearPotion"},{"floor":2,"key":"Energy Potion"}],"is_trial":false,"path_per_floor":["M","?","$","?","$","M","E"],"character_chosen":"REIMU","items_purchased":["SafetyPray:ReiMu"],"campfire_rested":0,"item_purchase_floors":[3],"current_hp_per_floor":[65,65,65,65,65,59,0,0],"gold":43,"neow_bonus":"BOSS_RELIC","is_daily":false,"chose_seed":false,"campfire_upgraded":0,"win_rate":0.0,"timestamp":1609746263,"path_taken":["M","?","?","?","$","?","E"],"items_purchased_type":["Card"],"build_version":"2020-12-22","purchased_purges":0,"victory":false,"max_hp_per_floor":[65,65,65,65,65,65,65,65],"card_choices":[{"not_picked":["PassingAway:ReiMu","Enchanting:ReiMu"],"picked":"Intuition:ReiMu","floor":1},{"not_picked":["FantasyMoon:ReiMu","CareerPray:ReiMu"],"picked":"Gathering:ReiMu","floor":6}],"player_experience":122015,"relics_obtained":[],"event_choices":[{"damage_healed":0,"gold_gain":0,"player_choice":"Bought 3 Potions","damage_taken":0,"max_hp_gain":0,"max_hp_loss":0,"event_name":"The Woman in Blue","floor":2,"gold_loss":0},{"damage_healed":0,"gold_gain":0,"player_choice":"Grow","damage_taken":0,"max_hp_gain":0,"max_hp_loss":0,"event_name":"Living Wall","floor":4,"gold_loss":0,"cards_upgraded":["SafetyPray:ReiMu"]}],"is_beta":false,"boss_relics":[],"items_purged_floors":[],"is_endless":false,"potions_floor_spawned":[],"killed_by":"Gremlin Nob","ascension_level":0}}