{"host":"54vghy6hfkyy1r39","time":1609724756,"event":{"mods":["AchievementEnabler","BaseMod","Minty Spire (QoL Compilation)","StSLib","SuperFastMode","everything is the same but u backflip on backflip"],"gold_per_floor":[114,114,39,57,67,96,96,106,106,122,122,155,330,353,353,353,353],"floor_reached":16,"playtime":489,"items_purged":["Strike_P"],"score":121,"play_id":"c18a2add-fa91-449e-ac81-792241c57242","local_time":"20210104104556","is_ascension_mode":true,"campfire_choices":[{"floor":7,"key":"REST"},{"data":"Scrawl","floor":11,"key":"SMITH"},{"floor":15,"key":"REST"}],"circlet_count":0,"master_deck":["Strike_P","Strike_P","Strike_P","Defend_P","Defend_P","Defend_P","Defend_P+1","Eruption+1","Vigilance","Decay","Scrawl+1","Halt","EmptyBody","CutThroughFate","MentalFortress","Doubt"],"relics":["PureWater","Sundial","Thread and Needle","Gambling Chip","Centennial Puzzle"],"acts_visited":["Exordium"],"potions_floor_usage":[16,16],"damage_taken":[{"damage":8.0,"enemies":"Small Slimes","floor":1.0,"turns":5.0},{"damage":6,"enemies":"Jaw Worm","floor":4,"turns":2},{"damage":2,"enemies":"2 Louse","floor":5,"turns":3},{"damage":15,"enemies":"3 Sentries","floor":6,"turns":12},{"damage":1,"enemies":"Red Slaver","floor":8,"turns":4},{"damage":0,"enemies":"Looter","floor":10,"turns":3},{"damage":43,"enemies":"Gremlin Nob","floor":12,"turns":4},{"damage":34,"enemies":"Slime Boss","floor":16,"turns":7}],"seed_played":"5884681904509027884","potions_obtained":[{"floor":4,"key":"DuplicationPotion"},{"floor":5,"key":"BlessingOfTheForge"},{"floor":6,"key":"FearPotion"},{"floor":12,"key":"StancePotion"}],"is_trial":false,"path_per_floor":["M","?","$","M","M","E","R","M","T","M","R","E","?","T","R","B"],"character_chosen":"WATCHER","items_purchased":[],"campfire_rested":2,"item_purchase_floors":[],"current_hp_per_floor":[64,50,50,44,42,27,48,47,47,47,47,4,4,4,25,0,0],"gold":353,"neow_bonus":"THREE_RARE_CARDS","is_daily":false,"chose_seed":false,"campfire_upgraded":1,"win_rate":0.0,"timestamp":1609724756,"path_taken":["M","?","$","M","M","E","R","M","T","M","R","E","?","?","R","BOSS"],"items_purchased_type":[],"build_version":"2020-12-22","purchased_purges":1,"victory":false,"max_hp_per_floor":[72,72,72,72,72,72,72,72,72,72,72,72,72,72,72,72,72],"card_choices":[{"not_picked":["Alpha","Brilliance"],"picked":"Scrawl","floor":0.0},{"not_picked":["ClearTheMind","FollowUp"],"picked":"Halt","floor":1},{"not_picked":["JustLucky","Protect"],"picked":"EmptyBody","floor":4},{"not_picked":["PathToVictory","BowlingBash","Brilliance"],"picked":"SKIP","floor":5},{"not_picked":["CutThroughFate","Vengeance","EmptyBody"],"picked":"SKIP","floor":6},{"not_picked":["CutThroughFate","Weave","BowlingBash"],"picked":"SKIP","floor":8},{"not_picked":["Weave","BowlingBash"],"picked":"CutThroughFate","floor":8},{"not_picked":["CrushJoints","ThirdEye"],"picked":"MentalFortress","floor":10},{"not_picked":["Nirvana","ReachHeaven","BowlingBash"],"picked":"SKIP","floor":12}],"player_experience":180755,"relics_obtained":[{"floor":6,"key":"Sundial"},{"floor":9,"key":"Thread and Needle"},{"floor":12,"key":"Gambling Chip"},{"floor":14,"key":"Centennial Puzzle"}],"event_choices":[{"damage_healed":0,"gold_gain":0,"player_choice":"Entered Light","damage_taken":14,"max_hp_gain":0,"max_hp_loss":0,"event_name":"Shining Light","floor":2,"gold_loss":0,"cards_upgraded":["Eruption","Defend_P"]},{"damage_healed":0,"gold_gain":175,"player_choice":"AGREE","damage_taken":0,"max_hp_gain":0,"max_hp_loss":0,"event_name":"Liars Game","floor":13,"gold_loss":0,"cards_obtained":["Doubt"]}],"is_beta":false,"boss_relics":[],"items_purged_floors":[3],"is_endless":false,"potions_floor_spawned":[4,5,6,12],"killed_by":"Slime Boss","ascension_level":2}}