{"host":"n3pcl7mteoua0i12","time":1609735921,"event":{"mods":["BaseMod","Bestiary","Curses Come First","Googly Eyes","Minty Spire (QoL Compilation)","StSLib","The Factory","The Jungle","The Necromancer"],"gold_per_floor":[109,38,113,133,133,165,182,213,213,233,252,252,352,381,381,486,486,499,91,44,55,70,105,105,105,132,166,181,181,197,297,297,401,401,415,315,330,330,349,383,397,397,443,20,20,33,33,44,44,44,44],"floor_reached":50,"playtime":2591,"items_purged":["Reap_The_Weak","Parasite","Pain"],"score":557,"play_id":"bf256d8a-1bf0-44d6-9ea5-f29dcd0be8b7","local_time":"20210103205201","is_ascension_mode":false,"campfire_choices":[{"data":"Bone_Prison","floor":15.0,"key":"SMITH"},{"data":"Negative_Energy_Mist","floor":25.0,"key":"SMITH"},{"data":"Summon_Undead_Army","floor":29.0,"key":"SMITH"},{"data":"Bones_to_Steel","floor":32.0,"key":"SMITH"},{"data":"Blood_Is_Power","floor":47,"key":"SMITH"},{"data":"Master of Strategy","floor":49,"key":"SMITH"}],"circlet_count":0,"master_deck":["Strike_W+1","Strike_W+1","Strike_W+1","Strike_W+1","Defend_W+1","Defend_W+1","Defend_W+1","Defend_W+1","Negative_Energy_Arrows","Bone_Wall","Summon_Lich","Necrotic_Claws","Bone_Bullets+1","Deaths_Shadow","Bone_Prison+1","Bone_Armor","Bones_to_Steel+1","Summon_Vampire_Lady","Negative_Energy_Mist+1","Life_Drain","Negative_Energy_Sphere","Summon_Undead_Army+1","Negative_Energy_Shield+1","Siphon_Strength+1","Blood_Curse+1","Grasp_Heart","Blood_Is_Power+1","Bone_Shift+1","Shade_Step+1","Shame","Master of Strategy+1","Bone_Armor"],"relics":["Vampire_Amulet","Art of War","Pantograph","Eternal Feather","StrikeDummy","Philosopher\u0027s Stone","Bottled Lightning","Boot","Akabeko","Bag of Preparation","Ice Cream","Mercury Hourglass","Cursed Key","Centennial Puzzle","MealTicket","Pen Nib","Vajra","Anchor"],"acts_visited":["Exordium","TheCity","TheBeyond"],"potions_floor_usage":[50],"damage_taken":[{"damage":11.0,"enemies":"Cultist","floor":1.0,"turns":5.0},{"damage":4.0,"enemies":"Jaw Worm","floor":4.0,"turns":3.0},{"damage":27.0,"enemies":"Gremlin Nob","floor":6.0,"turns":4.0},{"damage":0.0,"enemies":"Small Slimes","floor":7.0,"turns":3.0},{"damage":16.0,"enemies":"Lagavulin","floor":8.0,"turns":5.0},{"damage":0.0,"enemies":"2 Fungi Beasts","floor":10.0,"turns":3.0},{"damage":1.0,"enemies":"Exordium Thugs","floor":11.0,"turns":4.0},{"damage":12.0,"enemies":"Gremlin Nob","floor":14.0,"turns":4.0},{"damage":47.0,"enemies":"Hexaghost","floor":16.0,"turns":11.0},{"damage":25.0,"enemies":"2 Thieves","floor":18.0,"turns":3.0},{"damage":9.0,"enemies":"3 Byrds","floor":21.0,"turns":5.0},{"damage":44.0,"enemies":"Centurion and Healer","floor":22.0,"turns":9.0},{"damage":69.0,"enemies":"Slavers","floor":23.0,"turns":8.0},{"damage":15.0,"enemies":"Book of Stabbing","floor":27.0,"turns":4.0},{"damage":15.0,"enemies":"Sentry and Sphere","floor":28.0,"turns":4.0},{"damage":18.0,"enemies":"Snake Plant","floor":30.0,"turns":4.0},{"damage":7.0,"enemies":"Colosseum Slavers","floor":31.0,"turns":3.0},{"damage":0.0,"enemies":"Colosseum Nobs","floor":31.0,"turns":8.0},{"damage":49.0,"enemies":"Collector","floor":33.0,"turns":8.0},{"damage":5.0,"enemies":"Orb Walker","floor":35.0,"turns":3.0},{"damage":2.0,"enemies":"3 Darklings","floor":37.0,"turns":3.0},{"damage":16.0,"enemies":"Writhing Mass","floor":39.0,"turns":5.0},{"damage":22.0,"enemies":"Giant Head","floor":40.0,"turns":8.0},{"damage":5.0,"enemies":"Spire Growth","floor":41.0,"turns":3.0},{"damage":3,"enemies":"Maw","floor":46,"turns":6},{"damage":5,"enemies":"4 Shapes","floor":48,"turns":3},{"damage":94,"enemies":"Donu and Deca","floor":50,"turns":7}],"seed_played":"-5485677988280477378","potions_obtained":[{"floor":1.0,"key":"EntropicBrew"},{"floor":10.0,"key":"Dexterity Potion"},{"floor":28.0,"key":"Fire Potion"},{"floor":33.0,"key":"PowerPotion"},{"floor":41.0,"key":"SteroidPotion"}],"is_trial":false,"path_per_floor":["M","$","?","M","?","E","M","E","T","M","M","?","?","E","R","B",null,"M","$","$","M","M","E","?","R","T","E","M","R","M","?","R","B",null,"M","$","M","?","M","E","M","T","T","$","?","M","R","M","R","B"],"character_chosen":"NECROMANCER","items_purchased":["Necrotic_Claws","Bottled Lightning","Life_Drain","Negative_Energy_Sphere","Vajra","Anchor"],"campfire_rested":0,"item_purchase_floors":[2,19,19,20,44,44],"current_hp_per_floor":[66,66,55,53,53,28,32,18,18,22,25,43,43,33,45,25,75,60,60,60,72,69,33,33,45,45,38,39,54,53,75,75,38,75,75,72,72,72,61,64,67,67,67,72,72,72,72,72,72,0,0],"gold":44,"neow_bonus":"ONE_RANDOM_RARE_CARD","is_daily":false,"chose_seed":false,"campfire_upgraded":6,"win_rate":0.0,"timestamp":1609735921,"path_taken":["M","$","?","M","?","E","M","E","T","M","M","?","?","E","R","BOSS","M","?","$","M","M","E","?","R","T","E","M","R","M","?","R","BOSS","M","$","M","?","M","E","M","?","T","$","?","M","R","M","R","BOSS"],"items_purchased_type":["Card","Relic","Card","Card","Relic","Relic"],"build_version":"2020-12-22","purchased_purges":3,"victory":false,"max_hp_per_floor":[75,75,75,75,75,75,75,75,75,75,75,75,75,75,75,75,75,75,75,75,75,75,75,75,75,75,75,75,75,75,75,75,75,75,75,72,72,72,72,72,72,72,72,72,72,72,72,72,72,72,72],"card_choices":[{"not_picked":["Shackles_Of_Pain","Bone_Bullets"],"picked":"Summon_Lich","floor":1.0},{"not_picked":["Shackles_Of_Pain","Death_Coil"],"picked":"Bone_Bullets","floor":4.0},{"not_picked":["Strike_from_Beyond","Violent_Necrosis"],"picked":"Deaths_Shadow","floor":6.0},{"not_picked":["Death_Coil","Bone_Spikes"],"picked":"Blood_Curse","floor":7.0},{"not_picked":["Blood_Shield","Flesh_Made_Foul"],"picked":"Bone_Prison","floor":8.0},{"not_picked":["Violent_Necrosis","Scare","Negative_Energy_Bomb"],"picked":"SKIP","floor":10.0},{"not_picked":["Blood_Shield","Bone_Bullets"],"picked":"Bone_Armor","floor":11.0},{"not_picked":["Death_Knell","Necromantic_Selection"],"picked":"Bones_to_Steel","floor":14.0},{"not_picked":["Reap_The_Weak","Cloudkill"],"picked":"Summon_Vampire_Lady","floor":16.0},{"not_picked":["Chill_Blood+1","Epidemic"],"picked":"Negative_Energy_Mist","floor":18.0},{"not_picked":["Toxic_Smoke_Screen","Life_Tap"],"picked":"Summon_Undead_Army","floor":21.0},{"not_picked":["Violent_Necrosis","Consume_Illness+1","Life_Tap+1"],"picked":"SKIP","floor":22.0},{"not_picked":["Blood_Shield","Blood_Is_Power","Death_Knell+1"],"picked":"SKIP","floor":23.0},{"not_picked":["Chill_Blood","Negative_Energy_Bomb"],"picked":"Negative_Energy_Shield+1","floor":27.0},{"not_picked":["Bone_Shift","Life_Tap"],"picked":"Siphon_Strength+1","floor":28.0},{"not_picked":["Death_March_Dance","Shackles_Of_Pain"],"picked":"Blood_Curse+1","floor":30.0},{"not_picked":["Cloudkill","Blood_Wake"],"picked":"Grasp_Heart","floor":33.0},{"not_picked":["Violent_Necrosis","Whirlwind_of_Bones+1"],"picked":"Blood_Is_Power","floor":35.0},{"not_picked":["Bone_Bullets","Consume_Illness"],"picked":"Bone_Shift+1","floor":37.0},{"not_picked":["Negative_Energy_Javelin","Negative_Energy_Sphere","Acid_Javelin+1"],"picked":"SKIP","floor":39.0},{"not_picked":["Blood_for_Blood+1","Summon_Undead","Finger_Of_Death"],"picked":"SKIP","floor":40.0},{"not_picked":["Bone_Bullets+1","Bones_to_Steel+1"],"picked":"Shade_Step+1","floor":41.0},{"not_picked":["Discovery","Metamorphosis"],"picked":"Master of Strategy","floor":45},{"not_picked":["Vampiric_Strike+1","Negative_Energy_Javelin","Death_Coil"],"picked":"SKIP","floor":46},{"not_picked":["Death_Coil","Blood_Whip"],"picked":"Bone_Armor","floor":48}],"player_experience":415073,"relics_obtained":[{"floor":6.0,"key":"Art of War"},{"floor":8.0,"key":"Pantograph"},{"floor":9.0,"key":"Eternal Feather"},{"floor":14.0,"key":"StrikeDummy"},{"floor":23.0,"key":"Boot"},{"floor":26.0,"key":"Akabeko"},{"floor":27.0,"key":"Bag of Preparation"},{"floor":31.0,"key":"Ice Cream"},{"floor":31.0,"key":"Mercury Hourglass"},{"floor":40.0,"key":"Centennial Puzzle"},{"floor":42.0,"key":"MealTicket"},{"floor":43.0,"key":"Pen Nib"}],"event_choices":[{"damage_healed":0.0,"max_hp_gain":0.0,"max_hp_loss":0.0,"gold_gain":75.0,"event_name":"World of Goop","player_choice":"Gather Gold","floor":3.0,"gold_loss":0.0,"damage_taken":11.0},{"damage_healed":0.0,"max_hp_gain":0.0,"max_hp_loss":0.0,"gold_gain":0.0,"event_name":"Living Wall","player_choice":"Grow","floor":5.0,"gold_loss":0.0,"damage_taken":0.0,"cards_upgraded":["Bone_Bullets"]},{"damage_healed":18.0,"max_hp_gain":0.0,"max_hp_loss":0.0,"gold_gain":0.0,"event_name":"Mushrooms","player_choice":"Healed and dodged fight","floor":12.0,"gold_loss":0.0,"damage_taken":0.0,"cards_obtained":["Parasite"]},{"damage_healed":0.0,"max_hp_gain":0.0,"max_hp_loss":0.0,"gold_gain":100.0,"event_name":"Golden Shrine","player_choice":"Pray","floor":13.0,"gold_loss":0.0,"damage_taken":0.0},{"damage_healed":0.0,"max_hp_gain":0.0,"max_hp_loss":0.0,"gold_gain":0.0,"event_name":"Back to Basics","player_choice":"Simplicity","floor":24.0,"gold_loss":0.0,"damage_taken":0.0,"cards_upgraded":["Strike_W","Strike_W","Strike_W","Strike_W","Defend_W","Defend_W","Defend_W","Defend_W"]},{"damage_healed":0.0,"max_hp_gain":0.0,"max_hp_loss":0.0,"gold_gain":0.0,"event_name":"Colosseum","player_choice":"Fight","floor":31.0,"gold_loss":0.0,"damage_taken":0.0},{"damage_healed":0.0,"max_hp_gain":0.0,"max_hp_loss":0.0,"gold_gain":0.0,"event_name":"Colosseum","player_choice":"Fought Nobs","floor":31.0,"gold_loss":0.0,"damage_taken":0.0},{"cards_removed":["Blood_Curse"],"damage_healed":0.0,"max_hp_gain":0.0,"max_hp_loss":0.0,"gold_gain":0.0,"event_name":"Falling","player_choice":"Removed Attack","floor":38.0,"gold_loss":0.0,"damage_taken":0.0},{"damage_healed":0,"gold_gain":0,"player_choice":"Memory 1","damage_taken":0,"max_hp_gain":0,"max_hp_loss":0,"event_name":"SensoryStone","floor":45,"gold_loss":0}],"is_beta":false,"boss_relics":[{"not_picked":["Astrolabe","SlaversCollar"],"picked":"Philosopher\u0027s Stone"},{"not_picked":["Runic Dome","Empty Cage"],"picked":"Cursed Key"}],"items_purged_floors":[19,36,44],"is_endless":false,"potions_floor_spawned":[1,10,14,21,28,30,31,33,40,41],"killed_by":"Donu and Deca","ascension_level":0}}