{"host":"p7j7o00jacnw7qzt","time":1609737267,"event":{"mods":["BaseMod","Colored Map","Colored Powertips","DeckTracker","Highlight Path","Minty Spire (QoL Compilation)","Relic Stats"],"gold_per_floor":[111,111,111,127,52,52,85,85,85,119,119,119,119,5,5,77,77,89,89,89,89],"floor_reached":20,"playtime":535,"items_purged":["Strike_R","Strike_R"],"score":402,"play_id":"2606e4fc-d7ef-4f74-a862-0b917cda73b5","local_time":"20210104001427","is_ascension_mode":true,"campfire_choices":[{"data":"Inflame","floor":6.0,"key":"SMITH"},{"data":"Second Wind","floor":8.0,"key":"SMITH"},{"data":"Whirlwind","floor":15.0,"key":"SMITH"}],"circlet_count":0,"master_deck":["AscendersBane","Strike_R","Strike_R","Defend_R","Defend_R","Defend_R","Defend_R+1","Bash","Second Wind+1","Inflame+1","Power Through+1","Whirlwind+1"],"relics":["Burning Blood","NeowsBlessing","Kunai","The Courier","Omamori","Blood Vial","Runic Dome"],"acts_visited":["Exordium","TheCity"],"potions_floor_usage":[16,16],"damage_taken":[{"damage":0.0,"enemies":"Cultist","floor":1.0,"turns":1.0},{"damage":0.0,"enemies":"Small Slimes","floor":4.0,"turns":1.0},{"damage":0.0,"enemies":"Gremlin Nob","floor":7.0,"turns":1.0},{"damage":20.0,"enemies":"Lagavulin","floor":10.0,"turns":10.0},{"damage":32,"enemies":"Hexaghost","floor":16,"turns":12},{"damage":28,"enemies":"Chosen","floor":18,"turns":4},{"damage":41,"enemies":"Spheric Guardian","floor":20,"turns":5}],"seed_played":"1085580954914000496","potions_obtained":[{"floor":1.0,"key":"Strength Potion"},{"floor":7.0,"key":"GamblersBrew"}],"is_trial":false,"path_per_floor":["M","?","$","M","$","R","E","R","T","E","?","?","?","$","R","B",null,"M","?","M"],"character_chosen":"IRONCLAD","items_purchased":["Whirlwind"],"campfire_rested":0,"item_purchase_floors":[14],"current_hp_per_floor":[74,67,67,73,73,73,75,75,75,61,61,56,33,33,33,9,59,39,39,0,0],"gold":89,"neow_bonus":"THREE_ENEMY_KILL","is_daily":false,"chose_seed":false,"campfire_upgraded":3,"win_rate":0.0,"timestamp":1609737267,"path_taken":["M","?","$","M","$","R","E","R","T","E","?","?","?","?","R","BOSS","M","?","M"],"items_purchased_type":["Card"],"build_version":"2020-12-22","purchased_purges":2,"victory":false,"max_hp_per_floor":[75,75,75,75,75,75,75,75,75,75,75,75,75,75,75,75,75,75,75,75,75],"relic_stats":{"Blood Vial":6,"counters":[7,34],"Kunai":[3],"obtain_stats":[{"Blood Vial":12,"Runic Dome":17,"NeowsBlessing":0,"The Courier":9,"Omamori":10,"Kunai":7,"Burning Blood":0},{"Blood Vial":4,"Runic Dome":5,"NeowsBlessing":0,"The Courier":3,"Omamori":4,"Kunai":3,"Burning Blood":0},{"Blood Vial":13,"Runic Dome":25,"NeowsBlessing":0,"The Courier":3,"Omamori":13,"Kunai":3,"Burning Blood":0}],"Burning Blood":32},"card_choices":[{"not_picked":["Hemokinesis","Body Slam"],"picked":"Second Wind","floor":1.0},{"not_picked":["Clothesline","Clash"],"picked":"Inflame","floor":4.0},{"not_picked":["Iron Wave","Shrug It Off"],"picked":"Power Through","floor":7.0},{"not_picked":["Armaments","Warcry","True Grit"],"picked":"SKIP","floor":10.0},{"not_picked":["Anger","Dropkick","Reckless Charge+1"],"picked":"SKIP","floor":18}],"player_experience":990915,"relics_obtained":[{"floor":7.0,"key":"Kunai"},{"floor":9.0,"key":"The Courier"},{"floor":10.0,"key":"Omamori"}],"event_choices":[{"cards_removed":["Strike_R"],"damage_healed":0.0,"max_hp_gain":0.0,"max_hp_loss":0.0,"gold_gain":0.0,"event_name":"Golden Wing","player_choice":"Card Removal","floor":2.0,"gold_loss":0.0,"damage_taken":7.0},{"damage_healed":0.0,"max_hp_gain":0.0,"max_hp_loss":0.0,"gold_gain":0.0,"event_name":"Liars Game","player_choice":"Ignored","floor":11.0,"gold_loss":0.0,"damage_taken":0.0},{"damage_healed":0.0,"max_hp_gain":0.0,"max_hp_loss":0.0,"gold_gain":0.0,"event_name":"Scrap Ooze","player_choice":"Success","floor":12.0,"gold_loss":0.0,"damage_taken":5.0,"relics_obtained":["Blood Vial"]},{"damage_healed":0.0,"max_hp_gain":0.0,"max_hp_loss":0.0,"gold_gain":0.0,"event_name":"Shining Light","player_choice":"Entered Light","floor":13.0,"gold_loss":0.0,"damage_taken":23.0,"cards_upgraded":["Power Through","Defend_R"]},{"damage_healed":0,"gold_gain":0,"player_choice":"Ignored","damage_taken":0,"max_hp_gain":0,"max_hp_loss":0,"event_name":"Vampires","floor":19,"gold_loss":0}],"is_beta":false,"boss_relics":[{"not_picked":["SacredBark","Runic Cube"],"picked":"Runic Dome"}],"items_purged_floors":[5,14],"is_endless":false,"potions_floor_spawned":[1,7],"killed_by":"Spheric Guardian","ascension_level":20}}