{"host":"kta213tp32cz47du","time":1609772888,"event":{"mods":["BaseMod","Better Altar","Better Match","Better Note","Better Sensory Stone","Better Skull","Better Third Choice","Better Vampires","Colored Map","Colored Powertips","Conspire","Curses Come First","Displayed Cursed Tome","Downfall","Force Act Four","Hubris","Infinite Spire","JesterMod","Magitek Elite","Marisa????????","Minty Spire (QoL Compilation)","Permanent Neow","Potion Indicator Mod","QueenMod","Quick Restart","Rare Cards Sparkle","Replay The Spire","Shade Mod","Shop Mod","Spikes Relics","StSLib","The Animator","The Blue Laboratory","The Bug Knight","The Cursed","The Marked","The Servant 0.9.4","TheSwordswoman","TheVelvet","TheWitcher","vexMod"],"gold_per_floor":[115,0,11,11,11,29,29,57,57,57,8,8,8,0,0,102,102,121,121,121,121,121,121,153,163,163,177,177,177,192,208,208,308,308,318,318,318,318,335,368,368,399,452,463,479,479,494,510,510,510,510],"floor_reached":50,"playtime":3988,"items_purged":["Defend_B"],"score":543,"play_id":"12c41b40-98f3-47c0-ba29-86e793033366","local_time":"20210104150808","is_ascension_mode":false,"campfire_choices":[{"data":"Beam Cell","floor":7,"key":"SMITH"},{"data":"Double Energy","floor":10,"key":"SMITH"},{"data":"Rip and Tear","floor":12,"key":"SMITH"},{"data":"Enlightenment","floor":15,"key":"SMITH"},{"data":"Consume","floor":23,"key":"SMITH"},{"data":"Loop","floor":29,"key":"SMITH"},{"data":"Biased Cognition","floor":32,"key":"SMITH"},{"data":"Hyperbeam","floor":41,"key":"SMITH"},{"floor":46,"key":"REST"},{"data":"Capacitor","floor":49,"key":"SMITH"}],"circlet_count":0,"master_deck":["Strike_B","Strike_B","Defend_B","Defend_B","Defend_B","Zap","Dualcast","Auto Shields","Rip and Tear+1","Beam Cell+1","Sickly","Ball Lightning","Double Energy+1","Enlightenment+1","Rainbow","Consume+1","hubris:Fate","Skim","Redo+1","Loop+1","Biased Cognition+1","Leap+1","Loop+1","Hyperbeam+1","Redo","ReplayTheSpireMod:??????????????????????","infinitespire:Starlight","Echo Form","White Noise+1","Streamline+1","Capacitor+1","Defragment+1"],"relics":["Cracked Core","RollingBoulder","ReplayTheSpireMod:Ring of Exchange","Ring of Shattering","infinitespire:Freezer","Iron Hammer","Replay:Grab Bag","hubris:RunicObelisk","ChewingGum","Inserter","MealTicket","Toy Ornithopter","infinitespire:Golems Mask","jesterMod:MachoBrace","Chemical X","conspire:SpecialSausage","Gremlin Food","Prayer Wheel","Snack Pack","SpikesRelics:DaevaFist"],"acts_visited":["Exordium","TheCity","TheBeyond"],"potions_floor_usage":[16,16,30,33,33,42,50,50],"damage_taken":[{"damage":1,"enemies":"Cultist","floor":1,"turns":3},{"damage":3,"enemies":"Small Slimes","floor":3,"turns":3},{"damage":9,"enemies":"Jaw Worm","floor":6,"turns":2},{"damage":5,"enemies":"Gremlin Nob","floor":8,"turns":3},{"damage":24,"enemies":"The Guardian","floor":16,"turns":9},{"damage":0,"enemies":"Shell Parasite","floor":18,"turns":4},{"damage":25,"enemies":"Nightmare","floor":24,"turns":6},{"damage":0,"enemies":"Chosen","floor":25,"turns":3},{"damage":0,"enemies":"Centurion and Healer","floor":27,"turns":4},{"damage":0,"enemies":"Chosen and Byrds","floor":30,"turns":4},{"damage":0,"enemies":"conspire:HollyBat","floor":31,"turns":6},{"damage":12,"enemies":"Collector","floor":33,"turns":6},{"damage":8,"enemies":"Orb Walker","floor":35,"turns":3},{"damage":1,"enemies":"3 Darklings","floor":39,"turns":2},{"damage":10,"enemies":"R_Hoarder","floor":40,"turns":5},{"damage":63,"enemies":"Nightmare","floor":42,"turns":6},{"damage":0,"enemies":"Writhing Mass","floor":44,"turns":4},{"damage":3,"enemies":"4 Shapes","floor":45,"turns":2},{"damage":0,"enemies":"Sphere and 2 Shapes","floor":47,"turns":5},{"damage":0,"enemies":"Maw","floor":48,"turns":5},{"damage":121,"enemies":"conspire:OrnateMirror","floor":50,"turns":10}],"seed_played":"-6375995608251447298","potions_obtained":[{"floor":6,"key":"blueLaboratory:EnragingPotion"},{"floor":25,"key":"LiquidBronze"},{"floor":27,"key":"ColorlessPotion"},{"floor":31,"key":"blueLaboratory:FruitPunch"},{"floor":35,"key":"Reflective Coating"},{"floor":42,"key":"PotionOfCapacity"},{"floor":47,"key":"Swift Potion"}],"is_trial":false,"path_per_floor":["M","$","M","$","?","M","R","E","T","R","$","R","?","?","R","B",null,"M","?","?","AVR","?","R","NM","M","T","M","?","R","M","M","R","B",null,"M","?","?","AVR","M","E","R","NM","T","M","M","R","M","M","R","B"],"character_chosen":"DEFECT","items_purchased":["Rip and Tear","PowerPotion"],"campfire_rested":1,"item_purchase_floors":[2,11],"current_hp_per_floor":[74,74,71,71,71,62,62,57,57,57,57,57,50,56,56,32,81,81,81,81,81,81,81,56,56,56,56,56,56,61,61,61,61,83,75,75,75,75,74,64,64,16,16,26,23,46,66,76,76,0,0],"gold":510,"neow_bonus":"RANDOM_COMMON_RELIC","is_daily":false,"chose_seed":false,"campfire_upgraded":9,"win_rate":0.0,"timestamp":1609772888,"path_taken":["M","?","M","$","?","M","R","E","T","R","$","R","?","?","R","BOSS","M","?","?","AVR","?","R","NM","?","T","M","?","R","M","?","R","BOSS","M","?","?","AVR","M","E","R","NM","T","M","M","R","?","?","R","BOSS"],"items_purchased_type":["Card","Potion"],"build_version":"2020-12-22","purchased_purges":1,"victory":false,"max_hp_per_floor":[75,75,75,75,75,75,75,75,75,75,75,75,75,81,81,81,81,81,81,81,81,81,81,81,81,81,81,81,81,81,81,81,83,83,83,79,79,79,79,79,79,79,79,79,79,79,79,79,79,79,79],"card_choices":[{"not_picked":["Rebound","Steam"],"picked":"Auto Shields","floor":1},{"not_picked":["Compile Driver","Leap"],"picked":"Beam Cell","floor":3},{"not_picked":["Undo","Gash"],"picked":"Ball Lightning","floor":6},{"not_picked":["Ball Lightning","Redo"],"picked":"Double Energy","floor":8},{"not_picked":["ReplayRNGCard","hubris:SpecializedCircuitry"],"picked":"Rainbow","floor":16},{"not_picked":["hubris:PowerSurge+1","Fusion+1"],"picked":"Consume","floor":18},{"not_picked":["Rebound","Steam"],"picked":"Skim","floor":24},{"not_picked":["Hologram+1","hubris:PowerSurge"],"picked":"Redo+1","floor":25},{"not_picked":["Stack+1","Sweeping Beam"],"picked":"Loop","floor":27},{"not_picked":["Reprogram+1","Cold Snap"],"picked":"Leap+1","floor":30},{"not_picked":["Chill","ReplaySolidLightProjector+1"],"picked":"Loop+1","floor":31},{"not_picked":["hubris:DoWhile","ReplayTheSpireMod:Omega Cannon"],"picked":"Hyperbeam","floor":33},{"not_picked":["Leap","Steam+1"],"picked":"Redo","floor":35},{"not_picked":["Crystallizer","ReplayTheSpireMod:GoodbyeWorld+1","Meteor Strike"],"picked":"SKIP","floor":39},{"not_picked":["Coolheaded+1","BasicCrystalCard"],"picked":"ReplayTheSpireMod:Fabricate Wheel","floor":40},{"not_picked":["BasicCrystalCard+1","Sweeping Beam+1"],"picked":"White Noise","floor":42},{"not_picked":["Force Field+1","Beam Cell","Steam+1"],"picked":"SKIP","floor":44},{"not_picked":["Cold Snap","Aggregate","Reprogram"],"picked":"SKIP","floor":44},{"not_picked":["Rebound","Leap"],"picked":"Streamline+1","floor":45},{"not_picked":["ReplayTheSpireMod:Dual Polarity","DiskWipe+1","Go for the Eyes"],"picked":"SKIP","floor":45},{"not_picked":["Beam Cell+1","Cold Snap"],"picked":"Capacitor","floor":47},{"not_picked":["Turbo","Leap+1","ReplayTheSpireMod:Dual Polarity"],"picked":"SKIP","floor":47},{"not_picked":["Leap","FTL+1"],"picked":"Defragment+1","floor":48},{"not_picked":["Sweeping Beam","Panic Button+1","Force Field"],"picked":"SKIP","floor":48}],"player_experience":310219,"relics_obtained":[{"floor":5,"key":"ReplayTheSpireMod:Ring of Exchange"},{"floor":5,"key":"Ring of Shattering"},{"floor":8,"key":"infinitespire:Freezer"},{"floor":9,"key":"Iron Hammer"},{"floor":24,"key":"Toy Ornithopter"},{"floor":26,"key":"infinitespire:Golems Mask"},{"floor":40,"key":"Gremlin Food"},{"floor":42,"key":"Snack Pack"},{"floor":43,"key":"SpikesRelics:DaevaFist"}],"event_choices":[{"cards_removed":["Strike_B"],"damage_healed":0,"gold_gain":0,"player_choice":"Card Removal","damage_taken":7,"max_hp_gain":0,"max_hp_loss":0,"event_name":"Golden Wing","floor":13,"gold_loss":0},{"damage_healed":0,"gold_gain":0,"player_choice":"RENOUNCE","damage_taken":8,"max_hp_gain":0,"max_hp_loss":0,"event_name":"betterThird:BetterSerpent","floor":14,"gold_loss":8,"cards_obtained":["Enlightenment"]},{"cards_removed":["Strike_B"],"damage_healed":0,"gold_gain":0,"player_choice":"Give","damage_taken":0,"max_hp_gain":0,"max_hp_loss":0,"event_name":"betterNote:BetterNote","floor":19,"gold_loss":0,"cards_obtained":["champ:Defend"]},{"damage_healed":0,"gold_gain":0,"player_choice":"Adaptability","damage_taken":0,"max_hp_gain":0,"max_hp_loss":0,"event_name":"betterThird:BetterWriting","floor":20,"gold_loss":0},{"damage_healed":0,"gold_gain":0,"player_choice":"Serpent","damage_taken":0,"max_hp_gain":0,"max_hp_loss":0,"event_name":"BanditSerpent","floor":22,"gold_loss":0},{"damage_healed":0,"gold_gain":0,"cards_transformed":["Strike_B"],"player_choice":"Transformed","damage_taken":0,"max_hp_gain":0,"max_hp_loss":0,"event_name":"Transmorgrifier","floor":28,"gold_loss":0,"cards_obtained":["Biased Cognition"]},{"damage_healed":0,"gold_gain":0,"player_choice":"Max HP","damage_taken":0,"max_hp_gain":0,"max_hp_loss":4,"event_name":"Winding Halls","floor":36,"gold_loss":0},{"damage_healed":0,"gold_gain":0,"player_choice":"Ignored","damage_taken":0,"max_hp_gain":0,"max_hp_loss":0,"event_name":"Transmorgrifier","floor":37,"gold_loss":0}],"is_beta":false,"boss_relics":[{"not_picked":["hubris:BlackHole","ReplayTheSpireMod:ShopPack"],"picked":"Replay:Grab Bag"},{"not_picked":["Replay:Bronze Core","vexMod:RockOfEvil"],"picked":"hubris:RunicObelisk"},{"not_picked":["vexMod:TanglingVine","Painkiller Herb"],"picked":"ChewingGum"},{"not_picked":["Astrolabe","vexMod:BigBerry"],"picked":"Inserter"},{"not_picked":["Frozen Eye","Strange Spoon"],"picked":"jesterMod:MachoBrace"}],"items_purged_floors":[2],"is_endless":true,"potions_floor_spawned":[6,25,27,31,35,42,47],"killed_by":"conspire:OrnateMirror","ascension_level":0}}