{"host":"j25kpsdysct9h495","time":1609722784,"event":{"mods":["BaseMod","Bestiary","Minty Spire (QoL Compilation)"],"gold_per_floor":[114,114,114,189,189,189,212,212,239,313,328,367,421,441,441,441,441],"floor_reached":16,"playtime":545,"items_purged":[],"score":98,"play_id":"85b3b5e6-b9b8-4f18-b502-0d6e4e996281","local_time":"20210103231304","is_ascension_mode":false,"campfire_choices":[{"floor":6,"key":"REST"},{"data":"Zap","floor":8,"key":"SMITH"},{"floor":15,"key":"REST"}],"circlet_count":0,"master_deck":["Strike_B","Strike_B","Strike_B","Strike_B","Defend_B","Defend_B","Defend_B","Defend_B","Zap+1","Dualcast","Defragment","Injury","Rip and Tear","Echo Form","Rip and Tear","Hologram"],"relics":["Cracked Core","Golden Idol","Anchor","Toy Ornithopter","White Beast Statue","Ancient Tea Set"],"acts_visited":["Exordium"],"potions_floor_usage":[10,10,10,16,16],"damage_taken":[{"damage":5,"enemies":"Jaw Worm","floor":1,"turns":5},{"damage":0,"enemies":"Small Slimes","floor":7,"turns":3},{"damage":34,"enemies":"Lagavulin Event","floor":10,"turns":6},{"damage":0,"enemies":"2 Louse","floor":11,"turns":2},{"damage":26,"enemies":"Gremlin Nob","floor":12,"turns":4},{"damage":15,"enemies":"Exordium Thugs","floor":14,"turns":4},{"damage":48,"enemies":"Slime Boss","floor":16,"turns":5}],"seed_played":"7697310072354581924","potions_obtained":[{"floor":0,"key":"Energy Potion"},{"floor":0,"key":"Regen Potion"},{"floor":0,"key":"Ancient Potion"},{"floor":1,"key":"EssenceOfDarkness"},{"floor":11,"key":"SpeedPotion"},{"floor":12,"key":"SpeedPotion"},{"floor":14,"key":"LiquidBronze"}],"is_trial":false,"path_per_floor":["M","?","?","?","?","R","M","R","T","?","M","E","T","M","R","B"],"character_chosen":"DEFECT","items_purchased":[],"campfire_rested":2,"item_purchase_floors":[],"current_hp_per_floor":[70,70,70,59,47,69,69,69,69,50,50,24,24,9,31,0,0],"gold":441,"neow_bonus":"THREE_SMALL_POTIONS","is_daily":false,"chose_seed":true,"campfire_upgraded":1,"win_rate":0.0,"timestamp":1609722784,"path_taken":["M","?","?","?","?","R","M","R","T","?","?","E","?","M","R","BOSS"],"items_purchased_type":[],"build_version":"2020-12-22","purchased_purges":0,"victory":false,"max_hp_per_floor":[75,75,75,75,75,75,75,75,75,75,75,75,75,75,75,75,75],"card_choices":[{"not_picked":["Melter","Lockon"],"picked":"Defragment","floor":1},{"not_picked":["Static Discharge","Skim","Conserve Battery"],"picked":"SKIP","floor":7},{"not_picked":["Steam","Redo"],"picked":"Rip and Tear","floor":10},{"not_picked":["Heatsinks","Reinforced Body"],"picked":"Echo Form","floor":11},{"not_picked":["Fusion","Darkness"],"picked":"Rip and Tear","floor":12},{"not_picked":["Scrape","Rip and Tear"],"picked":"Hologram","floor":14}],"player_experience":6529,"relics_obtained":[{"floor":9,"key":"Toy Ornithopter"},{"floor":12,"key":"White Beast Statue"},{"floor":13,"key":"Ancient Tea Set"}],"event_choices":[{"damage_healed":0,"gold_gain":0,"player_choice":"Ignored","damage_taken":0,"max_hp_gain":0,"max_hp_loss":0,"event_name":"Shining Light","floor":2,"gold_loss":0},{"damage_healed":0,"gold_gain":0,"player_choice":"Take Wound","damage_taken":0,"relics_obtained":["Golden Idol"],"max_hp_gain":0,"max_hp_loss":0,"event_name":"Golden Idol","floor":3,"gold_loss":0,"cards_obtained":["Injury"]},{"damage_healed":0,"gold_gain":75,"player_choice":"Gather Gold","damage_taken":11,"max_hp_gain":0,"max_hp_loss":0,"event_name":"World of Goop","floor":4,"gold_loss":0},{"damage_healed":0,"gold_gain":0,"player_choice":"Success","damage_taken":12,"relics_obtained":["Anchor"],"max_hp_gain":0,"max_hp_loss":0,"event_name":"Scrap Ooze","floor":5,"gold_loss":0},{"damage_healed":0,"gold_gain":0,"player_choice":"Searched \u00271\u0027 times","damage_taken":0,"max_hp_gain":0,"max_hp_loss":0,"event_name":"Dead Adventurer","floor":10,"gold_loss":0}],"is_beta":false,"boss_relics":[],"items_purged_floors":[],"is_endless":false,"potions_floor_spawned":[1,11,12,14],"killed_by":"Slime Boss","ascension_level":0}}