{"host":"Koishi","time":1609791656,"event":{"mods":["100% Spire Juice","2.2 Compatiblity","AchievementEnabler","Act Like it!","BaseMod","Better Match","Better Note","Better Sensory Stone","Better Third Choice","Colored Powertips","Downfall","Minty Spire (QoL Compilation)","Quick Restart","Relic Stats","Robot Space Explorer","StSLib","everything is the same but u backflip on backflip","slay the spire mod where everything is the same but ironclad has a cowboy hat"],"gold_per_floor":[79,90,180,198,254,254,278,177,102,119,133,157,194,221,221,221,221],"floor_reached":16,"playtime":533,"items_purged":[],"score":106,"play_id":"4bc37fa1-a458-4505-a3c2-8cbf0249ecc4","local_time":"20210104152056","is_ascension_mode":false,"campfire_choices":[{"floor":1.0,"key":"RECALL"},{"data":"Moonworks:Ambush","floor":9.0,"key":"SMITH"}],"circlet_count":0,"master_deck":["Moonworks:Strike","Moonworks:Strike","Moonworks:Strike","Moonworks:Strike","Moonworks:Defend","Moonworks:Defend","Moonworks:Defend","Moonworks:Defend","Moonworks:Ambush+1","Moonworks:LongDistanceShot","Moonworks:ImOnFire","Slimebound:Icky","Slimebound:Icky","Slimebound:Icky","Moonworks:LulusLuckyEgg","Moonworks:ShieldCounter","expansioncontent:BronzeBeam","Moonworks:ReproductionOfRecords","Moonworks:DeployBits","Moonworks:Wanted","Moonworks:TacticalRetreat"],"relics":["Moonworks:BrokenBomb","Moonworks:Homemark","Strawberry","CeramicFish","downfall:HeartBlessingRed","Girya"],"acts_visited":["Exordium"],"potions_floor_usage":[16],"damage_taken":[{"damage":4.0,"enemies":"Small Slimes","floor":2.0,"turns":3.0},{"damage":2.0,"enemies":"2 Louse","floor":4.0,"turns":2.0},{"damage":11.0,"enemies":"Gremlin Nob","floor":5.0,"turns":4.0},{"damage":4.0,"enemies":"Jaw Worm","floor":8.0,"turns":3.0},{"damage":1.0,"enemies":"Red Slaver","floor":10.0,"turns":3.0},{"damage":25.0,"enemies":"Exordium Wildlife","floor":11.0,"turns":4.0},{"damage":7.0,"enemies":"3 Louse","floor":12.0,"turns":2.0},{"damage":6.0,"enemies":"Lagavulin","floor":13.0,"turns":7.0},{"damage":0.0,"enemies":"Blue Slaver","floor":14.0,"turns":4.0},{"damage":0.0,"enemies":"Large Slime","floor":15.0,"turns":1.0},{"damage":8,"enemies":"downfall:Silent","floor":16,"turns":6}],"seed_played":"1902873335053071848","potions_obtained":[{"floor":5.0,"key":"Swift Potion"},{"floor":10.0,"key":"SpeedPotion"},{"floor":12.0,"key":"SmokeBomb"},{"floor":13.0,"key":"DistilledChaos"}],"is_trial":false,"path_per_floor":["R","M","?","M","?","?","T","M","R","M","M","M","E","M","M","B"],"character_chosen":"THE_STARBREAKER","items_purchased":[],"campfire_rested":0,"item_purchase_floors":[],"current_hp_per_floor":[60,56,56,54,50,50,50,46,46,45,20,13,7,7,7,0,0],"gold":221,"neow_bonus":"HUNDRED_GOLD","is_daily":false,"chose_seed":false,"campfire_upgraded":1,"win_rate":0.0,"timestamp":1609791656,"path_taken":["R","M","?","M","?","?","T","M","R","M","M","M","E","?","M","BOSS"],"items_purchased_type":[],"build_version":"2020-12-18","purchased_purges":0,"victory":false,"max_hp_per_floor":[60,60,60,60,67,67,67,67,67,67,67,67,67,67,67,67,67],"relic_stats":{"counters":[11,39],"CeramicFish":36,"obtain_stats":[{"Girya":13,"downfall:HeartBlessingRed":9,"Moonworks:Homemark":0,"Strawberry":5,"CeramicFish":7,"Moonworks:BrokenBomb":0},{"Girya":8,"downfall:HeartBlessingRed":4,"Moonworks:Homemark":0,"Strawberry":3,"CeramicFish":3,"Moonworks:BrokenBomb":0},{"Girya":28,"downfall:HeartBlessingRed":12,"Moonworks:Homemark":0,"Strawberry":9,"CeramicFish":9,"Moonworks:BrokenBomb":0}]},"card_choices":[{"not_picked":["Moonworks:UnluckyCharm","Moonworks:BackdoorTrade"],"picked":"Moonworks:ImOnFire","floor":2.0},{"not_picked":["Moonworks:NicePresent","Moonworks:EvilSpyWorkPreparation"],"picked":"Moonworks:LulusLuckyEgg","floor":4.0},{"not_picked":["Moonworks:EvilSpyWorkPreparation","Moonworks:FullSpeedAlicianrone"],"picked":"Moonworks:ShieldCounter","floor":5.0},{"not_picked":["Moonworks:JonathanRush","Moonworks:ForcedRevival"],"picked":"Moonworks:ReproductionOfRecords","floor":8.0},{"not_picked":["Moonworks:NicePresent","Moonworks:WindyEnchantment","Moonworks:CloudOfSeagulls"],"picked":"SKIP","floor":10.0},{"not_picked":["Moonworks:TreasureThief","Moonworks:UnluckyCharm","Moonworks:LulusLuckyEgg"],"picked":"SKIP","floor":11.0},{"not_picked":["Moonworks:CloudOfSeagulls","Moonworks:Assault"],"picked":"Moonworks:DeployBits","floor":12.0},{"not_picked":["Moonworks:LulusLuckyEgg","Moonworks:WindyEnchantment"],"picked":"Moonworks:Wanted","floor":13.0},{"not_picked":["Moonworks:JonathanRush","Moonworks:BigMagnum"],"picked":"Moonworks:TacticalRetreat","floor":14.0}],"player_experience":160822,"relics_obtained":[{"floor":5.0,"key":"Strawberry"},{"floor":7.0,"key":"CeramicFish"},{"floor":13.0,"key":"Girya"}],"event_choices":[],"is_beta":true,"boss_relics":[],"items_purged_floors":[],"is_endless":false,"potions_floor_spawned":[5,10,12,13],"killed_by":"downfall:Silent","ascension_level":0}}