{"host":"b995t17pt6d05w8c","time":1609763151,"event":{"mods":["AchievementEnabler","BaseMod","Colored Map","Minty Spire (QoL Compilation)","SuperFastMode"],"gold_per_floor":[111,111,111,121,140,175,193,193,193,208,208,228,228,49,49,150,150,165,165,165,183,218,218,229,229,229,229,229,328,339,359,359,459,459,478,478,492,241,256,256,284,284,284,299,97,97,97,97],"floor_reached":47,"playtime":1350,"items_purged":["Strike_B","Defend_B","Doom and Gloom"],"score":455,"play_id":"5ebadb76-c083-4661-9c23-7e222ff36479","local_time":"20210104212551","is_ascension_mode":false,"campfire_choices":[{"data":"White Noise","floor":8.0,"key":"SMITH"},{"data":"Chaos","floor":13.0,"key":"SMITH"},{"floor":15.0,"key":"REST"},{"floor":23.0,"key":"REST"},{"data":"Defragment","floor":25.0,"key":"SMITH"},{"data":"Consume","floor":28,"key":"SMITH"},{"data":"Amplify","floor":32,"key":"SMITH"},{"data":"Zap","floor":40,"key":"SMITH"},{"data":"Creative AI","floor":46,"key":"SMITH"}],"circlet_count":0,"master_deck":["Defend_B","Zap+1","Dualcast","Amplify+1","White Noise","Glacier","BootSequence","White Noise+1","Capacitor","Chaos+1","Defragment+1","Coolheaded","Biased Cognition","Chill+1","Consume+1","Compile Driver","Skim","Skim","Creative AI+1","Compile Driver+1","Thunder Strike+1","All For One+1","Madness","Madness","FTL+1","Blizzard","Doubt","Defragment+1","Loop"],"relics":["FrozenCore","NeowsBlessing","Bronze Scales","Pantograph","InkBottle","Red Mask","Matryoshka","Astrolabe","Bag of Preparation","Meat on the Bone","Gremlin Horn","Pen Nib"],"acts_visited":["Exordium","TheCity","TheBeyond"],"potions_floor_usage":[33,33,33,41],"damage_taken":[{"damage":0.0,"enemies":"Jaw Worm","floor":1.0,"turns":1.0},{"damage":0.0,"enemies":"Cultist","floor":4.0,"turns":1.0},{"damage":0.0,"enemies":"Small Slimes","floor":5.0,"turns":1.0},{"damage":37.0,"enemies":"Gremlin Nob","floor":6.0,"turns":5.0},{"damage":9.0,"enemies":"Blue Slaver","floor":7.0,"turns":4.0},{"damage":2.0,"enemies":"2 Fungi Beasts","floor":10.0,"turns":3.0},{"damage":0.0,"enemies":"3 Louse","floor":12.0,"turns":3.0},{"damage":3.0,"enemies":"Slime Boss","floor":16.0,"turns":6.0},{"damage":1.0,"enemies":"Chosen","floor":18.0,"turns":6.0},{"damage":8.0,"enemies":"Shell Parasite","floor":21.0,"turns":6.0},{"damage":47.0,"enemies":"Masked Bandits","floor":22.0,"turns":5.0},{"damage":0.0,"enemies":"Snecko","floor":24.0,"turns":6.0},{"damage":0,"enemies":"Shelled Parasite and Fungi","floor":30,"turns":7},{"damage":2,"enemies":"Chosen and Byrds","floor":31,"turns":6},{"damage":20,"enemies":"Collector","floor":33,"turns":15},{"damage":0,"enemies":"3 Darklings","floor":35,"turns":7},{"damage":0,"enemies":"3 Shapes","floor":37,"turns":4},{"damage":0,"enemies":"Sphere and 2 Shapes","floor":39,"turns":3},{"damage":66,"enemies":"Giant Head","floor":41,"turns":10},{"damage":9,"enemies":"Writhing Mass","floor":44,"turns":10},{"damage":83,"enemies":"Transient","floor":47,"turns":5}],"seed_played":"-2456873090968753194","potions_obtained":[{"floor":1.0,"key":"Regen Potion"},{"floor":4.0,"key":"AttackPotion"},{"floor":5.0,"key":"Dexterity Potion"},{"floor":10.0,"key":"LiquidBronze"},{"floor":16.0,"key":"Fruit Juice"},{"floor":21.0,"key":"Strength Potion"},{"floor":24.0,"key":"Fire Potion"},{"floor":37,"key":"Energy Potion"},{"floor":41,"key":"SteroidPotion"},{"floor":44,"key":"FocusPotion"}],"is_trial":false,"path_per_floor":["M","?","?","M","M","E","M","R","T","M","T","M","R","$","R","B",null,"M","?","?","M","?","R","M","R","T","?","R","?","M","M","R","B",null,"M","?","M","$","M","R","E","?","T","M","$","R","M"],"character_chosen":"DEFECT","items_purchased":["Defragment","Coolheaded","Bag of Preparation","Loop"],"campfire_rested":2,"item_purchase_floors":[14,14,38,45],"current_hp_per_floor":[75,75,75,75,75,38,29,29,29,27,27,27,27,27,49,76,80,79,79,64,56,9,34,34,34,34,34,34,34,34,32,32,37,85,85,74,74,74,74,74,8,85,85,76,76,76,0,0],"gold":97,"neow_bonus":"THREE_ENEMY_KILL","is_daily":false,"chose_seed":false,"campfire_upgraded":7,"win_rate":0.0,"timestamp":1609763151,"path_taken":["M","?","?","M","?","E","M","R","T","M","?","M","R","$","R","BOSS","M","?","?","M","?","R","M","R","T","?","R","?","M","M","R","BOSS","M","?","M","$","M","R","E","?","T","M","?","R","M"],"items_purchased_type":["Card","Card","Relic","Card"],"build_version":"2020-12-22","purchased_purges":3,"victory":false,"max_hp_per_floor":[75,75,75,75,75,75,75,75,75,75,75,75,75,75,75,80,80,80,80,85,85,85,85,85,85,85,85,85,85,85,85,85,85,85,85,85,85,85,85,85,85,85,85,85,85,85,85,85],"card_choices":[{"not_picked":["Self Repair","Steam Power"],"picked":"Doom and Gloom","floor":1.0},{"not_picked":["Go for the Eyes","FTL"],"picked":"White Noise","floor":4.0},{"not_picked":["BootSequence","Capacitor"],"picked":"Glacier","floor":5.0},{"not_picked":["Gash","Blizzard"],"picked":"BootSequence","floor":6.0},{"not_picked":["Cold Snap","Streamline"],"picked":"White Noise","floor":7.0},{"not_picked":["Sweeping Beam","Reprogram"],"picked":"Capacitor","floor":10.0},{"not_picked":["Sweeping Beam","Doom and Gloom"],"picked":"Chaos","floor":12.0},{"not_picked":["Machine Learning","Fission"],"picked":"Biased Cognition","floor":16.0},{"not_picked":["Blizzard","Scrape+1"],"picked":"Chill+1","floor":18.0},{"not_picked":["Self Repair+1","Doom and Gloom+1"],"picked":"Consume","floor":21.0},{"not_picked":["Cold Snap","Ball Lightning"],"picked":"Compile Driver","floor":24.0},{"not_picked":["Machine Learning","White Noise"],"picked":"Skim","floor":30},{"not_picked":["Consume","FTL"],"picked":"Skim","floor":31},{"not_picked":["All For One","Seek"],"picked":"Creative AI","floor":33},{"not_picked":["Genetic Algorithm+1","Conserve Battery","Steam"],"picked":"SKIP","floor":35},{"not_picked":["Tempest","Barrage"],"picked":"FTL+1","floor":37},{"not_picked":["Fusion","Aggregate","Ball Lightning"],"picked":"SKIP","floor":39},{"not_picked":["Genetic Algorithm+1","Lockon+1"],"picked":"Blizzard","floor":41},{"not_picked":["Cold Snap+1","Compile Driver"],"picked":"Defragment+1","floor":44}],"player_experience":2690,"relics_obtained":[{"floor":6.0,"key":"Bronze Scales"},{"floor":9.0,"key":"Pantograph"},{"floor":11.0,"key":"InkBottle"},{"floor":22.0,"key":"Red Mask"},{"floor":26.0,"key":"Matryoshka"},{"floor":41,"key":"Meat on the Bone"},{"floor":43,"key":"Gremlin Horn"},{"floor":43,"key":"Pen Nib"}],"event_choices":[{"damage_healed":0.0,"max_hp_gain":0.0,"max_hp_loss":0.0,"gold_gain":0.0,"cards_transformed":["Strike_B"],"event_name":"Living Wall","player_choice":"Change","floor":2.0,"gold_loss":0.0,"damage_taken":0.0,"cards_obtained":["Amplify"]},{"cards_removed":["Strike_B"],"damage_healed":0.0,"max_hp_gain":0.0,"max_hp_loss":0.0,"gold_gain":0.0,"event_name":"Purifier","player_choice":"Purged","floor":3.0,"gold_loss":0.0,"damage_taken":0.0},{"damage_healed":0.0,"max_hp_gain":0.0,"max_hp_loss":0.0,"gold_gain":0.0,"event_name":"Vampires","player_choice":"Ignored","floor":19.0,"gold_loss":0.0,"damage_taken":0.0},{"damage_healed":0.0,"max_hp_gain":5.0,"max_hp_loss":0.0,"gold_gain":0.0,"event_name":"Forgotten Altar","player_choice":"Shed Blood","floor":20.0,"gold_loss":0.0,"damage_taken":20.0},{"damage_healed":0.0,"max_hp_gain":0.0,"max_hp_loss":0.0,"gold_gain":0.0,"event_name":"Masked Bandits","player_choice":"Fought Bandits","floor":22.0,"gold_loss":0.0,"damage_taken":0.0},{"damage_healed":0,"gold_gain":0,"player_choice":"Ignored","damage_taken":0,"max_hp_gain":0,"max_hp_loss":0,"event_name":"The Mausoleum","floor":27,"gold_loss":0},{"damage_healed":0,"gold_gain":99,"player_choice":"Stole From Cult","damage_taken":0,"max_hp_gain":0,"max_hp_loss":0,"event_name":"Nest","floor":29,"gold_loss":0},{"damage_healed":0,"gold_gain":0,"player_choice":"Embrace Madness","damage_taken":11,"max_hp_gain":0,"max_hp_loss":0,"event_name":"Winding Halls","floor":36,"gold_loss":0,"cards_obtained":["Madness","Madness"]},{"damage_healed":77,"gold_gain":0,"player_choice":"Heal","damage_taken":0,"max_hp_gain":0,"max_hp_loss":0,"event_name":"MindBloom","floor":42,"gold_loss":0,"cards_obtained":["Doubt"]}],"is_beta":false,"boss_relics":[{"not_picked":["Ectoplasm","Tiny House"],"picked":"FrozenCore"},{"not_picked":["Black Star","Cursed Key"],"picked":"Astrolabe"}],"items_purged_floors":[14,38,45],"is_endless":false,"potions_floor_spawned":[1,4,5,10,16,21,24,31,37,41,44],"killed_by":"Transient","ascension_level":0}}