{"host":"soyfmymeou4emntr","time":1609741761,"event":{"mods":["BaseMod","Minty Spire (QoL Compilation)","Relic Sorter","Relic Stats","StSLib"],"gold_per_floor":[114,114,134,57,68,68,97,97,97,97,113,131,164,189,189,263,263,275,286,40,130,143,143,172,172,198,214,230,230,230],"floor_reached":29,"playtime":1859,"items_purged":["Strike_G"],"score":560,"play_id":"20963631-6e4a-4435-af22-c7878a0af2d8","local_time":"20210103232921","is_ascension_mode":true,"campfire_choices":[{"data":"Noxious Fumes","floor":6.0,"key":"SMITH"},{"data":"Blade Dance","floor":10.0,"key":"SMITH"},{"floor":15.0,"key":"REST"},{"floor":23.0,"key":"REST"},{"floor":25.0,"key":"REST"}],"circlet_count":0,"master_deck":["AscendersBane","Strike_G","Strike_G","Strike_G","Strike_G","Defend_G","Defend_G","Defend_G","Defend_G","Defend_G","Survivor","Neutralize","Blade Dance+1","Flying Knee","Noxious Fumes+1","Leg Sweep","Adrenaline","Terror","Bane","Corpse Explosion","Malaise","Noxious Fumes","Dash","Noxious Fumes","Outmaneuver+1"],"relics":["Ring of the Snake","Pen Nib","Incense Burner","CultistMask","Bottled Flame","Omamori","Toy Ornithopter","Calling Bell","Bronze Scales","Ornamental Fan","Lizard Tail","Chemical X","Snake Skull","Happy Flower"],"acts_visited":["Exordium","TheCity"],"potions_floor_usage":[28],"damage_taken":[{"damage":3.0,"enemies":"Small Slimes","floor":1.0,"turns":4.0},{"damage":0.0,"enemies":"Cultist","floor":3.0,"turns":3.0},{"damage":7.0,"enemies":"Jaw Worm","floor":5.0,"turns":4.0},{"damage":7.0,"enemies":"3 Sentries","floor":7.0,"turns":7.0},{"damage":18.0,"enemies":"Gremlin Gang","floor":11.0,"turns":4.0},{"damage":6.0,"enemies":"Exordium Thugs","floor":12.0,"turns":6.0},{"damage":0.0,"enemies":"Gremlin Nob","floor":13.0,"turns":3.0},{"damage":20.0,"enemies":"Hexaghost","floor":16.0,"turns":7.0},{"damage":19.0,"enemies":"2 Thieves","floor":18.0,"turns":3.0},{"damage":15.0,"enemies":"Chosen","floor":19.0,"turns":4.0},{"damage":2.0,"enemies":"Shelled Parasite and Fungi","floor":22.0,"turns":5.0},{"damage":63.0,"enemies":"Slavers","floor":24.0,"turns":4.0},{"damage":15.0,"enemies":"Centurion and Healer","floor":27.0,"turns":3.0},{"damage":6,"enemies":"Chosen and Byrds","floor":28,"turns":6},{"damage":18,"enemies":"Shelled Parasite and Fungi","floor":29,"turns":4}],"seed_played":"5910838946612008999","potions_obtained":[{"floor":5.0,"key":"CunningPotion"},{"floor":11.0,"key":"SpeedPotion"},{"floor":12.0,"key":"ColorlessPotion"},{"floor":13.0,"key":"EssenceOfSteel"},{"floor":18.0,"key":"CunningPotion"},{"floor":24.0,"key":"Strength Potion"}],"is_trial":false,"path_per_floor":["M","?","M","$","M","R","E","?","T","R","M","M","E","T","R","B",null,"M","M","$","?","M","R","E","R","T","M","M","M"],"character_chosen":"THE_SILENT","items_purchased":["Noxious Fumes","Chemical X"],"campfire_rested":3,"item_purchase_floors":[4,20],"current_hp_per_floor":[56,56,56,56,49,49,42,42,42,42,24,18,18,18,37,22,55,36,26,26,14,17,36,12,31,31,16,15,0,0],"gold":230,"neow_bonus":"RANDOM_COMMON_RELIC","is_daily":false,"chose_seed":false,"campfire_upgraded":2,"win_rate":0.0,"timestamp":1609741761,"path_taken":["M","?","M","?","M","R","E","?","T","R","?","M","E","?","R","BOSS","M","M","$","?","M","R","E","R","T","M","M","M"],"items_purchased_type":["Card","Relic"],"build_version":"2020-12-22","purchased_purges":1,"victory":false,"max_hp_per_floor":[66,66,66,66,66,66,66,66,66,66,66,66,66,66,66,66,66,66,66,66,66,66,66,66,66,66,66,66,66,66],"relic_stats":{"Lizard Tail":33,"Happy Flower":[4],"counters":[15,67],"Ornamental Fan":[40],"Bronze Scales":[105],"Pen Nib":[14],"Snake Skull":[10],"Chemical X":[6],"obtain_stats":[{"Happy Flower":26,"Pen Nib":0,"Snake Skull":24,"Incense Burner":7,"Omamori":13,"Calling Bell":17,"Bottled Flame":9,"Lizard Tail":17,"Ornamental Fan":17,"Bronze Scales":17,"CultistMask":8,"Chemical X":20,"Toy Ornithopter":14,"Ring of the Snake":0},{"Happy Flower":12,"Pen Nib":0,"Snake Skull":12,"Incense Burner":4,"Omamori":7,"Calling Bell":8,"Bottled Flame":4,"Lizard Tail":8,"Ornamental Fan":8,"Bronze Scales":8,"CultistMask":4,"Chemical X":10,"Toy Ornithopter":7,"Ring of the Snake":0},{"Happy Flower":54,"Pen Nib":0,"Snake Skull":54,"Incense Burner":18,"Omamori":31,"Calling Bell":38,"Bottled Flame":18,"Lizard Tail":38,"Ornamental Fan":38,"Bronze Scales":38,"CultistMask":18,"Chemical X":45,"Toy Ornithopter":31,"Ring of the Snake":0}],"Toy Ornithopter":20,"Ring of the Snake":[30]},"card_choices":[{"not_picked":["Dodge and Roll","Well Laid Plans"],"picked":"Blade Dance","floor":1.0},{"not_picked":["PiercingWail","Slice"],"picked":"Flying Knee","floor":3.0},{"not_picked":["Outmaneuver","Predator"],"picked":"Leg Sweep","floor":5.0},{"not_picked":["Distraction","Tactician"],"picked":"Adrenaline","floor":7.0},{"not_picked":["Cloak And Dagger","PiercingWail"],"picked":"Terror","floor":11.0},{"not_picked":["Prepared","Backflip"],"picked":"Bane","floor":12.0},{"not_picked":["Dodge and Roll","Deadly Poison"],"picked":"Corpse Explosion","floor":13.0},{"not_picked":["Tools of the Trade","Phantasmal Killer"],"picked":"Malaise","floor":16.0},{"not_picked":["PiercingWail","Dagger Spray+1"],"picked":"Noxious Fumes","floor":18.0},{"not_picked":["Dagger Spray","Deadly Poison"],"picked":"Dash","floor":19.0},{"not_picked":["Dagger Spray","PiercingWail"],"picked":"Noxious Fumes","floor":22.0},{"not_picked":["Outmaneuver","Backstab","Flechettes"],"picked":"SKIP","floor":24.0},{"not_picked":["Eviscerate","Concentrate","Dagger Spray"],"picked":"SKIP","floor":27.0},{"not_picked":["Predator","Slice+1"],"picked":"Outmaneuver+1","floor":28}],"player_experience":2792923,"relics_obtained":[{"floor":7.0,"key":"Incense Burner"},{"floor":9.0,"key":"Bottled Flame"},{"floor":13.0,"key":"Omamori"},{"floor":14.0,"key":"Toy Ornithopter"},{"floor":17.0,"key":"Bronze Scales"},{"floor":17.0,"key":"Ornamental Fan"},{"floor":17.0,"key":"Lizard Tail"},{"floor":24.0,"key":"Snake Skull"},{"floor":26.0,"key":"Happy Flower"}],"event_choices":[{"damage_healed":0.0,"max_hp_gain":0.0,"max_hp_loss":0.0,"gold_gain":0.0,"event_name":"WeMeetAgain","player_choice":"Ignored","floor":2.0,"gold_loss":0.0,"damage_taken":0.0},{"damage_healed":0.0,"max_hp_gain":0.0,"max_hp_loss":0.0,"gold_gain":0.0,"event_name":"FaceTrader","player_choice":"Trade","floor":8.0,"gold_loss":0.0,"damage_taken":0.0,"relics_obtained":["CultistMask"]},{"damage_healed":0.0,"max_hp_gain":0.0,"max_hp_loss":0.0,"gold_gain":90.0,"event_name":"Knowing Skull","player_choice":"GOLD ","floor":21.0,"potions_obtained":[],"gold_loss":0.0,"damage_taken":12.0,"cards_obtained":[]}],"is_beta":false,"boss_relics":[{"not_picked":["WristBlade","Fusion Hammer"],"picked":"Calling Bell"}],"items_purged_floors":[20],"is_endless":false,"potions_floor_spawned":[5,11,12,13,18,24],"killed_by":"Shelled Parasite and Fungi","ascension_level":20}}