{"host":"5trcja4hacd149zc","time":1609720474,"event":{"mods":["BaseMod","Colored Map","GifTheSpireLib","Minty Spire (QoL Compilation)","Relic Stats","StSLib"],"gold_per_floor":[109,29,41,56,56,91,91,107,130,130,165,186,186,227,227,320,320,344,344,360,360,120,120,160,160,160,176,176,192,213,246,246,336,336,361,361,375,390,390,390],"floor_reached":39,"playtime":1632,"items_purged":["Strike_B+1"],"score":912,"play_id":"35ab25c1-fab3-408b-877b-282ba84606df","local_time":"20210103183434","is_ascension_mode":true,"campfire_choices":[{"data":"Sunder","floor":7,"key":"SMITH"},{"floor":10,"key":"REST"},{"data":"Fission","floor":13,"key":"SMITH"},{"data":"Doom and Gloom","floor":15,"key":"SMITH"},{"data":"Defragment","floor":23,"key":"SMITH"},{"floor":28,"key":"REST"},{"floor":32,"key":"REST"}],"circlet_count":0,"master_deck":["AscendersBane","Strike_B+1","Strike_B+1","Strike_B+1","Defend_B+1","Defend_B+1","Defend_B+1","Defend_B+1","Zap","Dualcast","Sweeping Beam","Sunder+1","Barrage+1","Turbo","Recycle","Fission+1","Doom and Gloom+1","Ball Lightning","Undo","Multi-Cast","Leap","Defragment+1","Coolheaded","Self Repair","Leap","Core Surge","Writhe","Coolheaded+1","Echo Form","Echo Form","Defragment+1","Consume+1"],"relics":["Cracked Core","NeowsBlessing","Golden Idol","Anchor","Bag of Marbles","Odd Mushroom","Whetstone","Runic Pyramid","Orrery","Smiling Mask","Toy Ornithopter","Oddly Smooth Stone","Bronze Scales","Fusion Hammer"],"acts_visited":["Exordium","TheCity","TheBeyond"],"potions_floor_usage":[6,16,24],"damage_taken":[{"damage":0,"enemies":"Cultist","floor":1,"turns":1},{"damage":0,"enemies":"Jaw Worm","floor":3,"turns":1},{"damage":0,"enemies":"Small Slimes","floor":4,"turns":1},{"damage":40,"enemies":"3 Sentries","floor":6,"turns":10},{"damage":8,"enemies":"Exordium Wildlife","floor":8,"turns":3},{"damage":0,"enemies":"The Mushroom Lair","floor":11,"turns":3},{"damage":1,"enemies":"Looter","floor":12,"turns":3},{"damage":0,"enemies":"Gremlin Nob","floor":14,"turns":2},{"damage":25,"enemies":"Hexaghost","floor":16,"turns":9},{"damage":8,"enemies":"2 Thieves","floor":18,"turns":4},{"damage":7,"enemies":"Shell Parasite","floor":20,"turns":4},{"damage":10,"enemies":"Gremlin Leader","floor":24,"turns":7},{"damage":6,"enemies":"Snake Plant","floor":27,"turns":4},{"damage":0,"enemies":"Chosen and Byrds","floor":29,"turns":4},{"damage":10,"enemies":"Cultist and Chosen","floor":30,"turns":7},{"damage":34,"enemies":"Slavers","floor":31,"turns":7},{"damage":4,"enemies":"Champ","floor":33,"turns":11},{"damage":11,"enemies":"Orb Walker","floor":35,"turns":5},{"damage":7,"enemies":"3 Shapes","floor":37,"turns":4},{"damage":32,"enemies":"Maw","floor":38,"turns":8},{"damage":33,"enemies":"Writhing Mass","floor":39,"turns":2}],"seed_played":"2187628664765069409","potions_obtained":[{"floor":3,"key":"Block Potion"},{"floor":6,"key":"Block Potion"},{"floor":8,"key":"PotionOfCapacity"},{"floor":16,"key":"Energy Potion"},{"floor":20,"key":"GamblersBrew"},{"floor":24,"key":"SpeedPotion"},{"floor":33,"key":"DuplicationPotion"}],"is_trial":false,"path_per_floor":["M","$","M","M","?","E","R","M","T","R","?","M","R","E","R","B",null,"M","?","M","?","$","R","E","?","T","M","R","M","M","E","R","B",null,"M","?","M","M","M"],"character_chosen":"DEFECT","items_purchased":["Sunder","Orrery"],"campfire_rested":3,"item_purchase_floors":[2,22],"current_hp_per_floor":[64,64,64,64,64,24,24,16,16,35,35,34,34,34,34,9,50,42,42,35,35,35,35,32,32,32,26,45,52,49,22,41,51,61,50,50,43,18,0,0],"gold":390,"neow_bonus":"THREE_ENEMY_KILL","is_daily":false,"chose_seed":false,"campfire_upgraded":4,"win_rate":0.0,"timestamp":1609720474,"path_taken":["M","$","?","M","?","E","R","M","T","R","?","M","R","E","R","BOSS","M","?","M","?","$","R","E","?","T","M","R","?","M","E","R","BOSS","M","?","M","?","M"],"items_purchased_type":["Card","Relic"],"build_version":"2020-12-22","purchased_purges":1,"victory":false,"max_hp_per_floor":[71,71,71,71,64,64,64,64,64,64,64,64,64,64,64,64,64,64,64,64,64,64,64,64,64,64,64,64,64,64,64,64,64,64,64,64,64,64,64,64],"relic_stats":{"counters":[21,100],"Golden Idol":110,"Bronze Scales":[63],"Whetstone":["Barrage","Strike_B"],"Smiling Mask":0,"obtain_stats":[{"NeowsBlessing":0,"Golden Idol":5,"Oddly Smooth Stone":26,"Whetstone":14,"Odd Mushroom":11,"Smiling Mask":24,"Anchor":6,"Bronze Scales":31,"Orrery":22,"Fusion Hammer":34,"Bag of Marbles":9,"Cracked Core":0,"Toy Ornithopter":25,"Runic Pyramid":17},{"NeowsBlessing":0,"Golden Idol":3,"Oddly Smooth Stone":12,"Whetstone":8,"Odd Mushroom":6,"Smiling Mask":12,"Anchor":4,"Bronze Scales":16,"Orrery":11,"Fusion Hammer":17,"Bag of Marbles":5,"Cracked Core":0,"Toy Ornithopter":12,"Runic Pyramid":9},{"NeowsBlessing":0,"Golden Idol":3,"Oddly Smooth Stone":48,"Whetstone":24,"Odd Mushroom":19,"Smiling Mask":48,"Anchor":13,"Bronze Scales":70,"Orrery":41,"Fusion Hammer":81,"Bag of Marbles":16,"Cracked Core":0,"Toy Ornithopter":48,"Runic Pyramid":33}],"Toy Ornithopter":0},"card_choices":[{"not_picked":["Leap","Hologram"],"picked":"Sweeping Beam","floor":1},{"not_picked":["Conserve Battery","Skim"],"picked":"Barrage","floor":3},{"not_picked":["Blizzard","Conserve Battery"],"picked":"Turbo","floor":4},{"not_picked":["Turbo","Sweeping Beam"],"picked":"Recycle","floor":6},{"not_picked":["Skim","Stack"],"picked":"Fission","floor":8},{"not_picked":["Sweeping Beam","Leap"],"picked":"Doom and Gloom","floor":11},{"not_picked":["Stack","Go for the Eyes"],"picked":"Ball Lightning","floor":12},{"not_picked":["Turbo","Rebound"],"picked":"Undo","floor":14},{"not_picked":["Reboot","Thunder Strike"],"picked":"Multi-Cast","floor":16},{"not_picked":["Redo","Undo"],"picked":"Leap","floor":18},{"not_picked":["Turbo","Ball Lightning","Sunder"],"picked":"SKIP","floor":20},{"not_picked":["Turbo","Ball Lightning","Sunder"],"picked":"SKIP","floor":20},{"not_picked":["Steam","BootSequence"],"picked":"Defragment","floor":22},{"not_picked":["Turbo","Streamline+1"],"picked":"Coolheaded","floor":22},{"not_picked":["All For One","Leap"],"picked":"Self Repair","floor":22},{"not_picked":["Steam","Stack"],"picked":"Leap","floor":22},{"not_picked":["Heatsinks","Streamline"],"picked":"Core Surge","floor":24},{"not_picked":["Melter","Chill"],"picked":"Coolheaded+1","floor":27},{"not_picked":["Stack","Scrape","Storm"],"picked":"SKIP","floor":29},{"not_picked":["Steam","Melter+1","Fusion"],"picked":"SKIP","floor":30},{"not_picked":["Heatsinks","Stack"],"picked":"Echo Form","floor":31},{"not_picked":["Reboot","Creative AI"],"picked":"Echo Form","floor":33},{"not_picked":["Leap","Steam","Beam Cell"],"picked":"SKIP","floor":35},{"not_picked":["Blizzard+1","Echo Form"],"picked":"Consume+1","floor":37},{"not_picked":["Doom and Gloom","Rebound","Hologram"],"picked":"SKIP","floor":38}],"player_experience":761243,"relics_obtained":[{"floor":6,"key":"Anchor"},{"floor":9,"key":"Bag of Marbles"},{"floor":11,"key":"Odd Mushroom"},{"floor":14,"key":"Whetstone"},{"floor":24,"key":"Smiling Mask"},{"floor":26,"key":"Oddly Smooth Stone"},{"floor":31,"key":"Bronze Scales"}],"event_choices":[{"damage_healed":0,"gold_gain":0,"player_choice":"Lose Max HP","damage_taken":0,"relics_obtained":["Golden Idol"],"max_hp_gain":0,"max_hp_loss":7,"event_name":"Golden Idol","floor":5,"gold_loss":0},{"damage_healed":0,"gold_gain":0,"player_choice":"Fought Mushrooms","damage_taken":0,"max_hp_gain":0,"max_hp_loss":0,"event_name":"Mushrooms","floor":11,"gold_loss":0},{"damage_healed":0,"gold_gain":0,"player_choice":"Simplicity","damage_taken":0,"max_hp_gain":0,"max_hp_loss":0,"event_name":"Back to Basics","floor":19,"gold_loss":0,"cards_upgraded":["Strike_B","Strike_B","Strike_B","Defend_B","Defend_B","Defend_B","Defend_B"]},{"damage_healed":0,"gold_gain":0,"player_choice":"Ignored","damage_taken":0,"max_hp_gain":0,"max_hp_loss":0,"event_name":"Vampires","floor":21,"gold_loss":0},{"damage_healed":0,"gold_gain":0,"player_choice":"Opened","damage_taken":0,"relics_obtained":["Toy Ornithopter"],"max_hp_gain":0,"max_hp_loss":0,"event_name":"The Mausoleum","floor":25,"gold_loss":0,"cards_obtained":["Writhe"]},{"damage_healed":0,"gold_gain":0,"player_choice":"Copied","damage_taken":0,"max_hp_gain":0,"max_hp_loss":0,"event_name":"Duplicator","floor":36,"gold_loss":0,"cards_obtained":["Defragment"]}],"is_beta":false,"boss_relics":[{"not_picked":["Astrolabe","Calling Bell"],"picked":"Runic Pyramid"},{"not_picked":["SacredBark","Pandora\u0027s Box"],"picked":"Fusion Hammer"}],"items_purged_floors":[22],"is_endless":false,"potions_floor_spawned":[3,6,8,14,16,18,20,24,33,38],"killed_by":"Writhing Mass","ascension_level":20}}