{"host":"l84l8xigz5v5foa2","time":1609780450,"event":{"mods":["2.2 Compatiblity","AchievementEnabler","BaseMod","Better Note","Better Vampires","Card Filter","Colored Map","DeckTracker","Downfall","Gremlin Skip","Highlight Path","Keyboard Shortcuts","Minty Spire (QoL Compilation)","Permanent Neow","Quick Restart","Relic Filter","Relic Stats","StSLib","SuperFastMode","Transform Curses","Unknown Chances"],"gold_per_floor":[0,19,19,31,31,48,100,100,125,35,35,35,35,20,31,104,104,104,121,138,138,138,152,199,199,199,211,211,241,264,76,95,172,172,172,185,195,280,334,334,414,189,200,212,237,237,237,237,252,252,252,286,107,107,107],"floor_reached":56,"playtime":4133,"items_purged":["champ:Strike","champ:Defend","champ:Defend+1"],"score":2320,"play_id":"8f6b8fc3-9294-4101-b1f4-3ace0d35de44","local_time":"20210105021410","is_ascension_mode":true,"campfire_choices":[{"data":"expansioncontent:DashGenerateEvil","floor":1,"key":"SMITH"},{"data":"champ:Balance","floor":8,"key":"SMITH"},{"data":"champ:Aggression","floor":13,"key":"SMITH"},{"data":"champ:HoldFirm","floor":18,"key":"SMITH"},{"data":"champ:Taunt","floor":25,"key":"SMITH"},{"data":"champ:GladiatorsShout","floor":28,"key":"SMITH"},{"floor":35,"key":"RECALL"},{"data":"champ:PreciseThrust","floor":42,"key":"SMITH"},{"data":"champ:EnchantCrown","floor":47,"key":"SMITH"},{"data":"champ:FaceSlap","floor":54,"key":"SMITH"}],"circlet_count":0,"master_deck":["AscendersBane","champ:Defend+1","champ:Taunt+1","expansioncontent:DashGenerateEvil+1","champ:GladiatorsShout+1","champ:Balance+1","champ:Aggression+1","champ:FaceSlap+1","champ:AdrenalArmor","champ:HoldFirm+1","champ:GladiatorStyle","champ:EnchantCrown+1","champ:LastStand","champ:PreciseThrust+1","champ:GladiatorStyle","champ:EnchantCrown"],"relics":["champ:ChampionCrown","Potion Belt","Pantograph","Philosopher\u0027s Stone","War Paint","Enchiridion","Juzu Bracelet","Pen Nib","Empty Cage","Art of War","Du-Vu Doll","Molten Egg 2","downfall:HeartBlessingRed","downfall:HeartBlessingGreen","downfall:HeartBlessingBlue","CaptainsWheel","Letter Opener"],"acts_visited":["Exordium","TheCity","TheBeyond","TheEnding"],"potions_floor_usage":[9,29,29,38,55,55],"damage_taken":[{"damage":5,"enemies":"Jaw Worm","floor":2,"turns":4},{"damage":0,"enemies":"Cultist","floor":4,"turns":2},{"damage":7,"enemies":"Small Slimes","floor":6,"turns":4},{"damage":23,"enemies":"Lagavulin","floor":9,"turns":8},{"damage":10,"enemies":"downfall:FleeingMerchant","floor":10,"turns":4},{"damage":10,"enemies":"downfall:FleeingMerchant","floor":14,"turns":4},{"damage":4,"enemies":"Blue Slaver","floor":15,"turns":3},{"damage":45,"enemies":"downfall:Watcher","floor":16,"turns":12},{"damage":5,"enemies":"Chosen","floor":19,"turns":3},{"damage":20,"enemies":"Snecko","floor":20,"turns":5},{"damage":32,"enemies":"Cultist and Chosen","floor":23,"turns":7},{"damage":5,"enemies":"Sentry and Sphere","floor":27,"turns":4},{"damage":44,"enemies":"Gremlin Leader","floor":29,"turns":8},{"damage":0,"enemies":"downfall:FleeingMerchant","floor":31,"turns":4},{"damage":14,"enemies":"Centurion and Healer","floor":32,"turns":5},{"damage":8,"enemies":"downfall:Defect","floor":33,"turns":10},{"damage":9,"enemies":"Orb Walker","floor":36,"turns":5},{"damage":14,"enemies":"3 Shapes","floor":37,"turns":7},{"damage":18,"enemies":"downfall:FleeingMerchant","floor":38,"turns":4},{"damage":27,"enemies":"2 Orb Walkers","floor":39,"turns":4},{"damage":22,"enemies":"Jaw Worm Horde","floor":43,"turns":6},{"damage":5,"enemies":"3 Darklings","floor":44,"turns":6},{"damage":23,"enemies":"Mind Bloom Boss Battle","floor":45,"turns":16},{"damage":6,"enemies":"Spire Growth","floor":49,"turns":5},{"damage":34,"enemies":"downfall:Ironclad","floor":50,"turns":22},{"damage":30,"enemies":"downfall:CharBossMerchant","floor":52,"turns":17},{"damage":53,"enemies":"downfall:NeowBoss","floor":55,"turns":24}],"seed_played":"6731120415848477841","potions_obtained":[{"floor":4,"key":"DistilledChaos"},{"floor":15,"key":"Block Potion"},{"floor":16,"key":"SmokeBomb"},{"floor":23,"key":"BlessingOfTheForge"},{"floor":27,"key":"SkillPotion"},{"floor":33,"key":"AttackPotion"},{"floor":37,"key":"Fire Potion"},{"floor":43,"key":"SteroidPotion"},{"floor":44,"key":"Dexterity Potion"},{"floor":45,"key":"Dexterity Potion"}],"is_trial":false,"path_per_floor":["R","M","?","M","?","M","T","R","E","$","?","?","R","$","M","B",null,"R","M","M","?","?","M","T","R","?","M","R","E","T","$","M","B",null,"R","M","M","$","?","?","T","R","M","M","?","?","R","?","M","B",null,"E","$","R","B",null],"character_chosen":"THE_CHAMP","items_purchased":["champ:EnchantCrown","Art of War","SpeedPotion"],"campfire_rested":0,"item_purchase_floors":[31,38,53],"current_hp_per_floor":[73,73,73,73,83,81,81,81,66,66,61,61,61,61,57,52,81,81,81,76,76,76,66,66,66,45,45,45,16,16,16,11,36,77,77,77,75,57,57,42,42,52,52,51,76,66,66,66,66,91,99,93,93,93,101],"gold":107,"neow_bonus":"RANDOM_COLORLESS_2","is_daily":false,"chose_seed":false,"campfire_upgraded":9,"win_rate":0.0,"timestamp":1609780450,"path_taken":["R","M","?","?","?","M","T","R","E","?","?","?","R","$","M","BOSS","R","M","M","?","?","M","T","R","?","M","R","E","?","?","M","BOSS","R","M","M","$","?","?","T","R","M","M","?","?","R","?","M","BOSS","E","$","R","BOSS"],"items_purchased_type":["Card","Relic","Potion"],"build_version":"2020-12-22","purchased_purges":3,"victory":true,"max_hp_per_floor":[81,81,81,81,91,91,91,91,91,91,91,91,91,91,91,91,91,91,91,91,91,91,91,91,91,91,91,91,91,91,91,91,91,91,91,91,91,91,91,91,91,101,101,101,101,101,101,101,101,101,101,101,101,101,101],"relic_stats":{"counters":[27,203],"Pantograph":108,"Pen Nib":[22],"Juzu Bracelet":1,"Art of War":[9],"Letter Opener":[29],"War Paint":["champ:Defend","champ:Defend"],"obtain_stats":[{"Potion Belt":9,"downfall:HeartBlessingRed":42,"Enchiridion":26,"champ:ChampionCrown":0,"downfall:HeartBlessingGreen":42,"Pen Nib":30,"Juzu Bracelet":29,"Letter Opener":52,"War Paint":24,"Empty Cage":34,"Du-Vu Doll":39,"CaptainsWheel":45,"downfall:HeartBlessingBlue":42,"Pantograph":11,"Philosopher\u0027s Stone":17,"Molten Egg 2":41,"Art of War":38},{"Potion Belt":4,"downfall:HeartBlessingRed":20,"Enchiridion":11,"champ:ChampionCrown":0,"downfall:HeartBlessingGreen":20,"Pen Nib":13,"Juzu Bracelet":13,"Letter Opener":26,"War Paint":11,"Empty Cage":16,"Du-Vu Doll":20,"CaptainsWheel":23,"downfall:HeartBlessingBlue":20,"Pantograph":5,"Philosopher\u0027s Stone":8,"Molten Egg 2":20,"Art of War":19},{"Potion Belt":18,"downfall:HeartBlessingRed":107,"Enchiridion":56,"champ:ChampionCrown":0,"downfall:HeartBlessingGreen":107,"Pen Nib":68,"Juzu Bracelet":68,"Letter Opener":179,"War Paint":56,"Empty Cage":87,"Du-Vu Doll":107,"CaptainsWheel":135,"downfall:HeartBlessingBlue":107,"Pantograph":22,"Philosopher\u0027s Stone":41,"Molten Egg 2":107,"Art of War":103}]},"card_choices":[{"not_picked":["Panache","Sadistic Nature"],"picked":"expansioncontent:DashGenerateEvil","floor":0},{"not_picked":["champ:Haymaker","champ:FanOfKnives","champ:ShieldWall"],"picked":"SKIP","floor":2},{"not_picked":["champ:Encircle","champ:StanceDance"],"picked":"champ:Balance","floor":4},{"not_picked":["champ:FightOn","champ:CrookedStrike","champ:GladiatorsShout"],"picked":"SKIP","floor":6},{"not_picked":["champ:TornadoPunch","champ:FlashCut","champ:FanOfKnives"],"picked":"SKIP","floor":9},{"not_picked":["champ:TornadoPunch","champ:FlashCut","champ:FanOfKnives"],"picked":"SKIP","floor":9},{"not_picked":["champ:GutPunch","champ:CalledShot"],"picked":"champ:Aggression","floor":10},{"not_picked":["champ:BladeFlurry","champ:RageSigil"],"picked":"champ:FaceSlap","floor":14},{"not_picked":["champ:CrookedStrike","champ:PerfectedStrike"],"picked":"champ:AdrenalArmor","floor":15},{"not_picked":["champ:Improvising","champ:VampiricStrike"],"picked":"champ:HoldFirm","floor":16},{"not_picked":["champ:HeartStrike+1","champ:ShieldSigil","champ:BladeFlurry+1"],"picked":"SKIP","floor":19},{"not_picked":["champ:Shatter","champ:StanceDance","champ:EnGarde"],"picked":"SKIP","floor":20},{"not_picked":["champ:GutPunch","champ:ShieldSigil","champ:BladeFlurry"],"picked":"SKIP","floor":23},{"not_picked":["champ:AdrenalArmor","champ:HeavySlash","champ:TornadoPunch"],"picked":"SKIP","floor":27},{"not_picked":["champ:GladiatorsShout","champ:FocusedDefense"],"picked":"champ:GladiatorStyle","floor":29},{"not_picked":["champ:FocusedGladiator","champ:Backstep","champ:ViciousMockery"],"picked":"SKIP","floor":31},{"not_picked":["champ:EnGarde","champ:TornadoPunch","champ:FocusedDefense"],"picked":"SKIP","floor":32},{"not_picked":["champ:ShieldThrow","champ:DancingMaster"],"picked":"champ:LastStand","floor":33},{"not_picked":["champ:IronFortress+1","champ:Encircle"],"picked":"champ:PreciseThrust","floor":36},{"not_picked":["champ:FaceSlap+1","champ:DefensiveShout","champ:BringItOn"],"picked":"SKIP","floor":37},{"not_picked":["champ:FocusedGladiator","champ:BerserkersShout"],"picked":"champ:GladiatorStyle","floor":38},{"not_picked":["champ:CrookedStrike+1","champ:BladeFlurry+1","champ:RisingSlash+1"],"picked":"SKIP","floor":43},{"not_picked":["champ:BerserkersShout","champ:GladiatorsShout","champ:BladeFlurry+1"],"picked":"SKIP","floor":44},{"not_picked":["champ:Backstep","champ:RageSigil","champ:IronFortress"],"picked":"SKIP","floor":49},{"not_picked":["champ:FanOfKnives+1","champ:PreciseThrust+1"],"picked":"champ:EnchantCrown","floor":52}],"player_experience":2852686,"relics_obtained":[{"floor":9,"key":"Potion Belt"},{"floor":24,"key":"War Paint"},{"floor":26,"key":"Enchiridion"},{"floor":29,"key":"Juzu Bracelet"},{"floor":30,"key":"Pen Nib"},{"floor":39,"key":"Du-Vu Doll"},{"floor":41,"key":"Molten Egg 2"},{"floor":45,"key":"CaptainsWheel"},{"floor":52,"key":"Letter Opener"}],"event_choices":[{"damage_healed":0,"gold_gain":0,"cards_transformed":["champ:Strike"],"player_choice":"Transformed","damage_taken":0,"max_hp_gain":0,"max_hp_loss":0,"event_name":"Transmorgrifier","floor":3,"gold_loss":0,"cards_obtained":["champ:GladiatorsShout"]},{"damage_healed":0,"gold_gain":0,"player_choice":"Success","damage_taken":5,"relics_obtained":["Pantograph"],"max_hp_gain":0,"max_hp_loss":0,"event_name":"Scrap Ooze","floor":11,"gold_loss":0},{"cards_removed":["champ:Defend"],"damage_healed":0,"gold_gain":0,"player_choice":"Card Removal","damage_taken":0,"max_hp_gain":0,"max_hp_loss":0,"event_name":"The Cleric","floor":12,"gold_loss":0},{"damage_healed":0,"gold_gain":0,"player_choice":"Ignored","damage_taken":0,"max_hp_gain":0,"max_hp_loss":0,"event_name":"Ghosts","floor":21,"gold_loss":0},{"damage_healed":0,"gold_gain":0,"player_choice":"Fight","damage_taken":0,"max_hp_gain":0,"max_hp_loss":0,"event_name":"Mysterious Sphere","floor":39,"gold_loss":0},{"cards_removed":["champ:Execute"],"damage_healed":0,"gold_gain":0,"player_choice":"Offered Basic","damage_taken":0,"max_hp_gain":0,"max_hp_loss":0,"event_name":"Bonfire Elementals","floor":48,"gold_loss":0}],"is_beta":false,"boss_relics":[{"not_picked":["champ:PowerArmor","SlaversCollar"],"picked":"Philosopher\u0027s Stone"},{"not_picked":["SacredBark","Astrolabe"],"picked":"Empty Cage"}],"items_purged_floors":[10,38,53],"is_endless":false,"potions_floor_spawned":[4,15,16,23,27,33,37,43,44,45,49],"ascension_level":18}}