{"host":"x205naxbihvu3p76","time":1609768967,"event":{"mods":["AchievementEnabler","BaseMod","Minty Spire (QoL Compilation)","StSLib","SuperFastMode"],"gold_per_floor":[368,518,128,128,128,128,146,165,165,184,197,214,235,235,235,235,235],"floor_reached":16,"playtime":293,"items_purged":["Doubt"],"score":179,"play_id":"b3cc04d5-eb10-4d1c-bce8-237a24808c9c","local_time":"20210104230247","is_ascension_mode":true,"campfire_choices":[{"data":"Dualcast","floor":6,"key":"SMITH"},{"floor":15,"key":"REST"}],"circlet_count":0,"master_deck":["AscendersBane","Strike_B","Strike_B","Strike_B","Strike_B","Defend_B","Defend_B","Defend_B","Defend_B","Zap+1","Dualcast+1","Compile Driver","Genetic Algorithm","Auto Shields","Flash of Steel","Conserve Battery","Leap","Beam Cell","Sweeping Beam"],"relics":["Cracked Core","TungstenRod","Odd Mushroom"],"acts_visited":["Exordium"],"potions_floor_usage":[13,16,16],"damage_taken":[{"damage":12,"enemies":"Jaw Worm","floor":1,"turns":4},{"damage":0,"enemies":"2 Louse","floor":7,"turns":2},{"damage":0,"enemies":"Small Slimes","floor":8,"turns":3},{"damage":0,"enemies":"Blue Slaver","floor":10,"turns":3},{"damage":5,"enemies":"Looter","floor":11,"turns":3},{"damage":4,"enemies":"3 Louse","floor":12,"turns":5},{"damage":17,"enemies":"The Mushroom Lair","floor":13,"turns":5},{"damage":44,"enemies":"Slime Boss","floor":16,"turns":10}],"seed_played":"2583991188862405162","potions_obtained":[{"floor":10,"key":"Strength Potion"},{"floor":13,"key":"Regen Potion"}],"is_trial":false,"path_per_floor":["M","?","$","?","?","R","M","M","T","M","M","M","?","?","R","B"],"character_chosen":"DEFECT","items_purchased":["Genetic Algorithm","Auto Shields","PowerPotion","Flash of Steel"],"campfire_rested":1,"item_purchase_floors":[3,3,3,3],"current_hp_per_floor":[34,34,34,34,34,34,34,34,34,34,29,25,8,8,29,0,0],"gold":235,"neow_bonus":"TWO_FIFTY_GOLD","is_daily":false,"chose_seed":false,"campfire_upgraded":1,"win_rate":0.0,"timestamp":1609768967,"path_taken":["M","?","$","?","?","R","M","?","T","M","M","M","?","?","R","BOSS"],"items_purchased_type":["Card","Card","Potion","Card"],"build_version":"2020-12-22","purchased_purges":1,"victory":false,"max_hp_per_floor":[71,71,71,71,71,71,71,71,71,71,71,71,71,71,71,71,71],"card_choices":[{"not_picked":["Barrage","Turbo"],"picked":"Compile Driver","floor":1},{"not_picked":["Force Field","Redo"],"picked":"Conserve Battery","floor":7},{"not_picked":["Streamline","Stack","Compile Driver"],"picked":"SKIP","floor":8},{"not_picked":["Scrape","Skim"],"picked":"Leap","floor":10},{"not_picked":["Coolheaded","Hyperbeam"],"picked":"Beam Cell","floor":11},{"not_picked":["Scrape","Loop"],"picked":"Sweeping Beam","floor":12}],"player_experience":945403,"relics_obtained":[{"floor":9,"key":"TungstenRod"},{"floor":13,"key":"Odd Mushroom"}],"event_choices":[{"damage_healed":0,"gold_gain":150,"player_choice":"AGREE","damage_taken":0,"max_hp_gain":0,"max_hp_loss":0,"event_name":"Liars Game","floor":2,"gold_loss":0,"cards_obtained":["Doubt"]},{"damage_healed":0,"gold_gain":0,"player_choice":"Ignored","damage_taken":0,"max_hp_gain":0,"max_hp_loss":0,"event_name":"Shining Light","floor":4,"gold_loss":0},{"damage_healed":0,"gold_gain":0,"player_choice":"Upgraded","damage_taken":0,"max_hp_gain":0,"max_hp_loss":0,"event_name":"Upgrade Shrine","floor":5,"gold_loss":0,"cards_upgraded":["Zap"]},{"damage_healed":0,"gold_gain":0,"player_choice":"Fought Mushrooms","damage_taken":0,"max_hp_gain":0,"max_hp_loss":0,"event_name":"Mushrooms","floor":13,"gold_loss":0},{"damage_healed":0,"gold_gain":0,"player_choice":"Searched \u00270\u0027 times","damage_taken":0,"max_hp_gain":0,"max_hp_loss":0,"event_name":"Dead Adventurer","floor":14,"gold_loss":0}],"is_beta":false,"boss_relics":[],"items_purged_floors":[3],"is_endless":false,"potions_floor_spawned":[10,11,13],"killed_by":"Slime Boss","ascension_level":19}}