{"host":"kw4o7b3ro2ktmmbe","time":1609763859,"event":{"mods":["BaseMod","Evolution","Minty Spire (QoL Compilation)","StSLib","Wandering Minibosses"],"gold_per_floor":[117,267,192,267,291,291,310,341,341,341,351,365,365,365,365,437,437,451,451,451,0,0,0,0],"floor_reached":23,"playtime":1015,"items_purged":["Doubt"],"score":333,"play_id":"89b8f355-895f-433e-9ca4-500e4ace43ab","local_time":"20210105013739","is_ascension_mode":true,"campfire_choices":[{"data":"Eruption","floor":6.0,"key":"SMITH"},{"data":"WindmillStrike","floor":13.0,"key":"SMITH"},{"data":"Vigilance","floor":15.0,"key":"SMITH"}],"circlet_count":0,"master_deck":["AscendersBane","CutThroughFate","Strike_P+1","Strike_P+1","Strike_P","Defend_P","Defend_P","Defend_P","Defend_P","Eruption+1","Vigilance+1","WindmillStrike+1","Nirvana","Adaptation","DeusExMachina"],"relics":["PureWater","EVO:Axolotl","Bag of Marbles","Akabeko","HornCleat","Black Star","MutagenicStrength","Toolbox","Sundial"],"acts_visited":["Exordium","TheCity"],"potions_floor_usage":[16],"damage_taken":[{"damage":0.0,"enemies":"Small Slimes","floor":1.0,"turns":2.0},{"damage":0.0,"enemies":"2 Louse","floor":7.0,"turns":1.0},{"damage":17.0,"enemies":"Lagavulin","floor":8.0,"turns":4.0},{"damage":2.0,"enemies":"Jaw Worm","floor":11.0,"turns":2.0},{"damage":4.0,"enemies":"Exordium Thugs","floor":12.0,"turns":3.0},{"damage":26,"enemies":"Slime Boss","floor":16,"turns":5},{"damage":0,"enemies":"3 Byrds","floor":18,"turns":5},{"damage":43,"enemies":"Slavers","floor":23,"turns":3}],"seed_played":"-9201157948720987278","potions_obtained":[{"floor":1.0,"key":"Explosive Potion"},{"floor":7.0,"key":"PowerPotion"},{"floor":16,"key":"Dexterity Potion"}],"is_trial":false,"path_per_floor":["M","?","$","?","T","R","M","E","T","?","M","M","R","?","R","B",null,"M","?","?","$","?","E"],"character_chosen":"WATCHER","items_purchased":["Toolbox","Sundial"],"campfire_rested":0,"item_purchase_floors":[21,21],"current_hp_per_floor":[67,67,67,56,56,56,56,39,39,74,72,68,68,46,46,20,61,61,61,61,61,40,0,0],"gold":0,"neow_bonus":"TEN_PERCENT_HP_BONUS","is_daily":false,"chose_seed":false,"campfire_upgraded":3,"win_rate":0.0,"timestamp":1609763859,"path_taken":["M","?","$","?","?","R","?","E","T","?","M","?","R","?","R","BOSS","M","?","?","$","?","E"],"items_purchased_type":["Relic","Relic"],"build_version":"2020-12-22","purchased_purges":1,"victory":false,"max_hp_per_floor":[74,74,74,74,74,74,74,74,74,74,74,74,74,74,74,74,74,74,74,74,74,79,79,79],"card_choices":[{"not_picked":["EmptyBody","Vengeance"],"picked":"WindmillStrike","floor":1.0},{"not_picked":["BowlingBash","CrushJoints","FlyingSleeves"],"picked":"SKIP","floor":7.0},{"not_picked":["BowlingBash","InnerPeace","CrushJoints"],"picked":"SKIP","floor":8.0},{"not_picked":["Crescendo","PathToVictory"],"picked":"Nirvana","floor":11.0},{"not_picked":["Tantrum","Wireheading"],"picked":"Adaptation","floor":12.0},{"not_picked":["ConjureBlade","SpiritShield"],"picked":"DeusExMachina","floor":16},{"not_picked":["Protect","SashWhip+1","FlurryOfBlows"],"picked":"SKIP","floor":18}],"player_experience":1773177,"relics_obtained":[{"floor":5.0,"key":"Bag of Marbles"},{"floor":8.0,"key":"Akabeko"},{"floor":9.0,"key":"HornCleat"}],"event_choices":[{"damage_healed":0.0,"max_hp_gain":0.0,"max_hp_loss":0.0,"gold_gain":150.0,"event_name":"Liars Game","player_choice":"AGREE","floor":2.0,"gold_loss":0.0,"damage_taken":0.0,"cards_obtained":["Doubt"]},{"damage_healed":0.0,"max_hp_gain":0.0,"max_hp_loss":0.0,"gold_gain":75.0,"event_name":"World of Goop","player_choice":"Gather Gold","floor":4.0,"gold_loss":0.0,"damage_taken":11.0},{"damage_healed":35.0,"max_hp_gain":0.0,"max_hp_loss":0.0,"gold_gain":0.0,"event_name":"Wheel of Change","player_choice":"Full Heal","floor":10.0,"gold_loss":0.0,"damage_taken":0.0},{"damage_healed":0.0,"max_hp_gain":0.0,"max_hp_loss":0.0,"gold_gain":0.0,"event_name":"Shining Light","player_choice":"Entered Light","floor":14.0,"gold_loss":0.0,"damage_taken":22.0,"cards_upgraded":["Strike_P","Strike_P"]},{"damage_healed":0,"gold_gain":0,"player_choice":"Ignored","damage_taken":0,"max_hp_gain":0,"max_hp_loss":0,"event_name":"Ghosts","floor":19,"gold_loss":0},{"damage_healed":0,"gold_gain":0,"player_choice":"Inject Mutagens","damage_taken":0,"relics_obtained":["MutagenicStrength"],"max_hp_gain":0,"max_hp_loss":0,"event_name":"Drug Dealer","floor":20,"gold_loss":0},{"damage_healed":0,"gold_gain":0,"player_choice":"Shed Blood","damage_taken":26,"max_hp_gain":5,"max_hp_loss":0,"event_name":"Forgotten Altar","floor":22,"gold_loss":0}],"is_beta":false,"boss_relics":[{"not_picked":["Ectoplasm","Fusion Hammer"],"picked":"Black Star"}],"items_purged_floors":[3],"is_endless":false,"potions_floor_spawned":[1,7,16,18],"killed_by":"Slavers","ascension_level":16}}