{"host":"etr9f2q07ig588e0","time":1609755787,"event":{"mods":["BaseMod","Downfall","Googly Eyes","Hubris","Minty Spire (QoL Compilation)","Replay The Spire","StSLib","SuperFastMode"],"gold_per_floor":[115,115,132,132,147,182,207,207,207,207,207,50,50,92,92,205,205,228,228,327,34,48,48,89,89,89,89,39,66,104,129,129,135,135],"floor_reached":33,"playtime":1988,"items_purged":[],"score":414,"play_id":"86f30065-72d7-4d2a-908a-0e705aae423e","local_time":"20210104132307","is_ascension_mode":true,"campfire_choices":[{"floor":8,"key":"REST"},{"floor":10,"key":"REST"},{"data":"Life Link","floor":15,"key":"SMITH"},{"data":"Juggernaut","floor":23,"key":"SMITH"},{"floor":25,"key":"REST"},{"floor":32,"key":"REST"}],"circlet_count":0,"master_deck":["Strike_R","Strike_R","Strike_R+1","Strike_R","Strike_R","Defend_R","Defend_R","Defend_R","Defend_R","Bash+1","Sword Boomerang","Shrug It Off","Shrug It Off","Fiend Fire","Shrug It Off","Flame Barrier","Life Link+1","Reaper","Juggernaut+1","Rage+1","Flex+1","Anger","Heavy Blade","Armaments+1","Anger","Shrug It Off+1","Clothesline+1"],"relics":["Burning Blood","ReplayTheSpireMod:TigerMarble","Replay:Bandana","Bottled Lightning","Torii","hubris:Backtick","Toxic Egg 2","MutagenicStrength","Pear","hubris:Teleporter","Snack Pack","HornCleat"],"acts_visited":["Exordium","TheCity"],"potions_floor_usage":[16,22],"damage_taken":[{"damage":0,"enemies":"2 Louse","floor":1,"turns":3},{"damage":0,"enemies":"Cultist","floor":3,"turns":3},{"damage":0,"enemies":"Small Slimes","floor":5,"turns":2},{"damage":49,"enemies":"3 Sentries","floor":6,"turns":14},{"damage":11,"enemies":"Blue Slaver","floor":7,"turns":6},{"damage":10,"enemies":"Replay:BlueRogue","floor":14,"turns":7},{"damage":63,"enemies":"The Guardian","floor":16,"turns":17},{"damage":2,"enemies":"Chosen","floor":18,"turns":5},{"damage":14,"enemies":"Shell Parasite","floor":22,"turns":6},{"damage":62,"enemies":"Book of Stabbing","floor":24,"turns":7},{"damage":53,"enemies":"3 Cultists","floor":29,"turns":6},{"damage":36,"enemies":"Replay:Snechameleon","floor":30,"turns":7},{"damage":1,"enemies":"Centurion and Healer","floor":31,"turns":6},{"damage":86,"enemies":"Champ","floor":33,"turns":10}],"seed_played":"-2907212736410016504","potions_obtained":[{"floor":1,"key":"champ:CounterPotion"},{"floor":6,"key":"SpeedPotion"},{"floor":16,"key":"Milkshake"},{"floor":18,"key":"sneckomod:MuddlingPotion"},{"floor":29,"key":"FearPotion"}],"is_trial":false,"path_per_floor":["M","?","M","?","M","E","M","R","T","R","?","$","?","E","R","B",null,"M","?","?","$","M","R","E","R","T","?","$","M","E","M","R","B"],"character_chosen":"IRONCLAD","items_purchased":["Flame Barrier","Life Link","Flex+1","Pear","Armaments+1"],"campfire_rested":4,"item_purchase_floors":[12,12,21,21,28],"current_hp_per_floor":[80,80,80,85,85,42,37,62,62,85,85,85,88,84,84,31,74,78,78,78,88,91,91,35,64,64,64,64,31,12,19,48,0,0],"gold":135,"neow_bonus":"RANDOM_COMMON_RELIC","is_daily":false,"chose_seed":false,"campfire_upgraded":2,"win_rate":0.0,"timestamp":1609755787,"path_taken":["M","?","?","?","M","E","M","R","T","R","?","$","?","E","R","BOSS","M","?","?","$","M","R","E","R","T","?","$","M","E","M","R","BOSS"],"items_purchased_type":["Card","Card","Card","Relic","Card"],"build_version":"2020-12-22","purchased_purges":0,"victory":false,"max_hp_per_floor":[80,80,80,85,85,85,85,85,85,85,85,85,88,88,88,88,88,88,88,88,98,98,98,98,98,98,98,98,98,98,98,98,98,98],"card_choices":[{"not_picked":["Searing Blow","Havoc"],"picked":"Sword Boomerang","floor":1},{"not_picked":["Ghostly Armor","Run Through"],"picked":"Shrug It Off","floor":3},{"not_picked":["Twin Strike","hubris:ReadiedAction"],"picked":"Shrug It Off","floor":5},{"not_picked":["hubris:ReadiedAction","Twin Strike"],"picked":"Fiend Fire","floor":6},{"not_picked":["Life Link","Havoc"],"picked":"Shrug It Off","floor":7},{"not_picked":["Clash","Hemokinesis"],"picked":"Reaper","floor":14},{"not_picked":["Exhume","Corruption"],"picked":"Juggernaut","floor":16},{"not_picked":["Clothesline","Thunderclap"],"picked":"Rage+1","floor":18},{"not_picked":["Havoc+1","Searing Blow"],"picked":"Anger","floor":22},{"not_picked":["Bloodletting+1","Feel No Pain"],"picked":"Heavy Blade","floor":24},{"not_picked":["Brutality","Clash+1"],"picked":"Anger","floor":29},{"not_picked":["Clash","Bloodletting+1"],"picked":"Shrug It Off+1","floor":30},{"not_picked":["hubris:ReadiedAction+1","Reckless Charge"],"picked":"Clothesline+1","floor":31}],"player_experience":478274,"relics_obtained":[{"floor":6,"key":"Replay:Bandana"},{"floor":9,"key":"Bottled Lightning"},{"floor":14,"key":"Torii"},{"floor":24,"key":"hubris:Teleporter"},{"floor":26,"key":"Snack Pack"},{"floor":30,"key":"HornCleat"}],"event_choices":[{"damage_healed":0,"gold_gain":0,"player_choice":"Upgraded","damage_taken":0,"max_hp_gain":0,"max_hp_loss":0,"event_name":"Upgrade Shrine","floor":2,"gold_loss":0,"cards_upgraded":["Bash"]},{"damage_healed":0,"gold_gain":0,"player_choice":"Donut","damage_taken":0,"max_hp_gain":5,"max_hp_loss":0,"event_name":"Big Fish","floor":4,"gold_loss":0},{"damage_healed":0,"gold_gain":0,"player_choice":"Inject Mutagens","damage_taken":0,"relics_obtained":["MutagenicStrength"],"max_hp_gain":0,"max_hp_loss":0,"event_name":"Drug Dealer","floor":19,"gold_loss":0},{"damage_healed":0,"gold_gain":99,"player_choice":"Stole From Cult","damage_taken":0,"max_hp_gain":0,"max_hp_loss":0,"event_name":"Nest","floor":20,"gold_loss":0},{"damage_healed":0,"gold_gain":0,"player_choice":"Ignored","damage_taken":0,"max_hp_gain":0,"max_hp_loss":0,"event_name":"Vampires","floor":27,"gold_loss":0}],"is_beta":false,"boss_relics":[{"not_picked":["Black Star","hubris:TerracottaHorce"],"picked":"hubris:Backtick"}],"items_purged_floors":[],"is_endless":false,"potions_floor_spawned":[1,6,16,18,29,31],"killed_by":"Champ","ascension_level":5}}