{"host":"a2lvm7nbw6nkrc91","time":1609726085,"event":{"mods":["BaseMod","Friendly Minions","Hermit","Kiyohime£¨?ýï£©","Koishi","Lobotomy","Minty Spire (QoL Compilation)","Prisma Mod","Replay The Spire","StSLib","The Bug Knight"],"gold_per_floor":[114,114,132,132,152,185,185,185,185],"floor_reached":8,"playtime":289,"items_purged":[],"score":56,"play_id":"e41fe6cc-6f25-4b59-a268-38b45d5809d8","local_time":"20210104110805","is_ascension_mode":false,"campfire_choices":[{"data":"hermit:Manifest","floor":7,"key":"SMITH"}],"circlet_count":0,"master_deck":["hermit:Strike_Hermit","hermit:Strike_Hermit","hermit:Strike_Hermit","hermit:Strike_Hermit","hermit:Defend_Hermit","hermit:Defend_Hermit+1","hermit:Defend_Hermit","hermit:Snapshot","hermit:Covet","Woodsman","hermit:Deadeye+1","Wellcheers","ShyLook","hermit:Dive","PunishingBird","hermit:Manifest+1"],"relics":["hermit:Momento","CogitoBucket","Bag of Preparation"],"acts_visited":["Exordium"],"potions_floor_usage":[8],"damage_taken":[{"damage":0.0,"enemies":"2 Louse","floor":1.0,"turns":2.0},{"damage":6.0,"enemies":"Jaw Worm","floor":3.0,"turns":3.0},{"damage":1.0,"enemies":"Cultist","floor":5.0,"turns":3.0},{"damage":24,"enemies":"Replay:BlueRogue","floor":6,"turns":9},{"damage":92,"enemies":"Lagavulin","floor":8,"turns":2}],"seed_played":"5670742616113459473","potions_obtained":[{"floor":1.0,"key":"EntropicBrew"}],"is_trial":false,"path_per_floor":["M","?","M","?","M","E","R","E"],"character_chosen":"HERMIT","items_purchased":[],"campfire_rested":0,"item_purchase_floors":[],"current_hp_per_floor":[75,60,60,60,62,41,41,0,0],"gold":185,"neow_bonus":"","is_daily":false,"chose_seed":false,"campfire_upgraded":1,"win_rate":0.0,"timestamp":1609726085,"path_taken":["M","?","M","?","?","E","R","E"],"items_purchased_type":[],"build_version":"2020-12-22","purchased_purges":0,"victory":false,"max_hp_per_floor":[75,75,75,75,75,75,75,75,75],"card_choices":[{"not_picked":["UniverseFragment","BigBadWolf"],"picked":"Woodsman","floor":1.0},{"not_picked":["hermit:Desperado","hermit:Roulette"],"picked":"hermit:Deadeye","floor":1.0},{"not_picked":["OldLady","Variant"],"picked":"Wellcheers","floor":3.0},{"not_picked":["hermit:LuckOfTheDraw","hermit:Roulette","hermit:Desperado"],"picked":"SKIP","floor":3.0},{"not_picked":["Laetitia","CherryBlossoms"],"picked":"ShyLook","floor":5.0},{"not_picked":["hermit:Desperado","hermit:Horror"],"picked":"hermit:Dive","floor":5.0},{"not_picked":["Bloodbath","GreedKing","WallGazer"],"picked":"Singing Bowl","floor":6},{"not_picked":["WhitesApple","Laetitia"],"picked":"PunishingBird","floor":6},{"not_picked":["hermit:Spite","hermit:Malice"],"picked":"hermit:Manifest","floor":6}],"player_experience":513538,"relics_obtained":[{"floor":6,"key":"Bag of Preparation"}],"event_choices":[{"damage_healed":0.0,"max_hp_gain":0.0,"max_hp_loss":0.0,"gold_gain":0.0,"event_name":"Shining Light","player_choice":"Entered Light","floor":2.0,"gold_loss":0.0,"damage_taken":15.0,"cards_upgraded":["hermit:Defend_Hermit","hermit:Deadeye"]},{"cards_removed":["hermit:Defend_Hermit"],"damage_healed":0.0,"max_hp_gain":0.0,"max_hp_loss":0.0,"gold_gain":0.0,"event_name":"Bonfire Elementals","player_choice":"Offered Basic","floor":4.0,"gold_loss":0.0,"damage_taken":0.0}],"is_beta":false,"boss_relics":[],"items_purged_floors":[],"is_endless":false,"potions_floor_spawned":[1],"killed_by":"Lagavulin","ascension_level":0}}