{"host":"0azimyi6n3ugndj4","time":1609794414,"event":{"mods":["2.2 Compatiblity","BaseMod","Bestiary","Conspire","Curses Come First","Defuse TimeMaze Blight","Hermit","Hubris","Hyrulean Relics","Infinite Spire","Jorbs\u0027s Wanderer Trilogy","Minty Spire (QoL Compilation)","Relic Stats","Replay The Spire","StSLib","SuperFastMode","The Cursed","The Hierophant","Uncapped","¡¼?Úª?ø«¡½REMEMod"],"gold_per_floor":[145,145,239,239,239,438,562,752,752,894,894,934,934],"floor_reached":12,"playtime":291,"items_purged":[],"score":472,"play_id":"86ea8f61-45f7-48b7-9b45-7917bd6c06be","local_time":"20210105060654","daily_mods":["SealedDeck","Hoarder","Insanity","Chimera","Specialized","Vintage","ControlledChaos","Allstar","Diverse","Colorless Cards","Heirloom","Time Dilation","Flight","Elite Swarm","Lethality","Midas","Diverse","Colorless Cards","Binary"],"is_ascension_mode":true,"campfire_choices":[],"circlet_count":0,"master_deck":["Strike_R","Strike_G","Strike_B","hubris:Strike_Merchant","Defend_R","Defend_G","Defend_B","hubris:Defend_Merchant","hubris:MerchantsHand","hubris:MerchantsHand","Demon Form","Wraith Form v2","Echo Form","DevaForm","stsjorbsmod:ArcaneForm","stsjorbsmod:WastingForm","AscendersBane","hubris:Hubris","Bash","Survivor","Zap","Strike_R","Strike_G","Strike_B","Defend_R","Defend_G","Defend_P","ReplayTheSpireMod:GoodbyeWorld","hermit:TrackingShot","TheCursedMod:Stretching","hierophant:HammerAndAnvil","hubris:Counter","hierophant:Embezzle","REME_MusicOfDeath","TheCursedMod:CursedShiv","Finesse","TheCursedMod:SpitefulPlan","stsjorbsmod:ChatteringStrike","Crescendo","Evaluate","hermit:LowProfile","Backflip","Evolve","hermit:Maintenance","REME_TwoStrings","Underhanded Strike","hubris:CleavingFinish","ThirdEye","Slice","Perfected Strike","stsjorbsmod:ChainLightning","Clothesline","Replay:ManipulateFuture","hubris:ReadiedAction","ClearTheMind","stsjorbsmod:Materialize","Rampage","TheCursedMod:FuryStrike","REME_Repentance","TheCursedMod:TacticalStrike","Dagger Throw","Meditate","hierophant:Zeal","stsjorbsmod:ArcaneWeapon","stsjorbsmod:ParryingBlow","Prostrate","TheCursedMod:Stretching","stsjorbsmod:TollTheDead","hierophant:OrnateBuckler","TheCursedMod:Obscuration","Good Instincts","stsjorbsmod:Prepare","Blade Dance","TheCursedMod:VitalStrike","Infernal Blade","ThirdEye","stsjorbsmod:BlackTentacles","Apotheosis","Apotheosis","Apotheosis","Apotheosis","Apotheosis","Apotheosis","Apotheosis","Apotheosis","Apotheosis","Apotheosis","Apotheosis","Apotheosis","Apotheosis","Apotheosis","Apotheosis","Worship","Worship","Worship","Sucker Punch","Sucker Punch","Sucker Punch","stsjorbsmod:ScorchingRay","stsjorbsmod:ScorchingRay","stsjorbsmod:ScorchingRay","Blur","Blur","Blur","hermit:Vantage","hermit:Vantage","hermit:Vantage","TheCursedMod:Stretching","TheCursedMod:Stretching","TheCursedMod:Stretching","hierophant:SecretStash","hierophant:SecretStash","hierophant:SecretStash","Conserve Battery","Conserve Battery","Conserve Battery","EmptyBody","EmptyBody","EmptyBody","Sucker Punch","Sucker Punch","Sucker Punch","hierophant:Levitation","hierophant:Levitation","hierophant:Levitation","Amnesia","Amnesia","Amnesia","Looming Evil","Looming Evil","Looming Evil","ReplayTheSpireMod:Echoes of Time","ReplayTheSpireMod:Echoes of Time","ReplayTheSpireMod:Echoes of Time"],"relics":["Smiling Mask","hubris:NiceRug","Busted Crown","REME_ComplimentaryCards","infinitespire:CursedDice","Anchor","zeldaRelics:BlueTunic","zeldaRelics:CourageTriforce","StrikeDummy","zeldaRelics:WisdomPiece","Blue Doll"],"acts_visited":["Exordium"],"potions_floor_usage":[3,6,12],"damage_taken":[{"damage":9,"enemies":"Cultist","floor":1,"turns":3},{"damage":53,"enemies":"Cultist","floor":3,"turns":4},{"damage":26,"enemies":"Gremlin Nob","floor":6,"turns":5},{"damage":0,"enemies":"Jaw Worm","floor":7,"turns":5},{"damage":0,"enemies":"Lagavulin","floor":8,"turns":7},{"damage":0,"enemies":"2 Louse","floor":10,"turns":2},{"damage":2,"enemies":"Gremlin Nob","floor":12,"turns":3}],"seed_played":"-2237395579470932739","potions_obtained":[{"floor":1,"key":"Adrenaline Potion"},{"floor":3,"key":"Weak Potion"},{"floor":10,"key":"HeartOfIron"}],"is_trial":true,"path_per_floor":["M","?","?","T","?","E","M","E","T","M","?","E"],"character_chosen":"IRONCLAD","items_purchased":[],"campfire_rested":0,"item_purchase_floors":[],"current_hp_per_floor":[54,47,25,25,28,2,2,2,2,2,2,0,0],"gold":934,"neow_bonus":"","is_daily":false,"chose_seed":false,"campfire_upgraded":0,"win_rate":0.0,"timestamp":1609794414,"path_taken":["M","?","?","?","?","E","M","E","T","?","?","E"],"items_purchased_type":[],"build_version":"2020-12-22","purchased_purges":0,"victory":false,"max_hp_per_floor":[70,70,70,70,73,73,73,73,73,73,73,73,73],"relic_stats":{"Busted Crown":20,"counters":[7,29],"Smiling Mask":0,"obtain_stats":[{"zeldaRelics:BlueTunic":3,"Anchor":1,"zeldaRelics:WisdomPiece":9,"Busted Crown":0,"infinitespire:CursedDice":0,"Blue Doll":10,"zeldaRelics:CouragePiece":4,"Smiling Mask":0,"StrikeDummy":7,"zeldaRelics:CourageTriforce":8,"hubris:NiceRug":0,"REME_ComplimentaryCards":0},{"zeldaRelics:BlueTunic":2,"Anchor":1,"zeldaRelics:WisdomPiece":5,"Busted Crown":0,"infinitespire:CursedDice":0,"Blue Doll":6,"zeldaRelics:CouragePiece":2,"Smiling Mask":0,"StrikeDummy":4,"zeldaRelics:CourageTriforce":5,"hubris:NiceRug":0,"REME_ComplimentaryCards":0},{"zeldaRelics:BlueTunic":7,"Anchor":3,"zeldaRelics:WisdomPiece":24,"Busted Crown":0,"infinitespire:CursedDice":0,"Blue Doll":26,"zeldaRelics:CouragePiece":7,"Smiling Mask":0,"StrikeDummy":17,"zeldaRelics:CourageTriforce":24,"hubris:NiceRug":0,"REME_ComplimentaryCards":0}]},"card_choices":[{"not_picked":["infinitespire:Starlight","ReplayTheSpireMod:??????????????????????"],"picked":"ReplayTheSpireMod:Echoes of Time","floor":11}],"player_experience":1529299,"relics_obtained":[{"floor":1,"key":"Anchor"},{"floor":3,"key":"zeldaRelics:BlueTunic"},{"floor":4,"key":"zeldaRelics:CouragePiece"},{"floor":6,"key":"zeldaRelics:CouragePiece"},{"floor":7,"key":"StrikeDummy"},{"floor":8,"key":"zeldaRelics:CouragePiece"},{"floor":9,"key":"zeldaRelics:WisdomPiece"},{"floor":10,"key":"Blue Doll"}],"event_choices":[{"cards_removed":["Eruption"],"damage_healed":0,"gold_gain":0,"player_choice":"Card Removal","damage_taken":7,"max_hp_gain":0,"max_hp_loss":0,"event_name":"Golden Wing","floor":2,"gold_loss":0}],"is_beta":false,"boss_relics":[],"items_purged_floors":[],"is_endless":false,"potions_floor_spawned":[1,3,10],"killed_by":"Gremlin Nob","ascension_level":20}}