{"host":"test","time":1609773047,"event":{"mods":["BaseMod","Colored Map","Filter the Spire","Minty Spire (QoL Compilation)","StSLib","ojb\u0027s Better Paths Mod","ojb\u0027s Info Mod"],"gold_per_floor":[117,137,163,180,10,44,44,71,97,97,97,113,149,188,188,286,286,311,311,29,54,104,139,139,139],"floor_reached":24,"playtime":859,"items_purged":["Zap"],"score":464,"play_id":"0f7bcbce-557c-4a15-8084-960bdbe0ee8d","local_time":"20210105001047","is_ascension_mode":true,"campfire_choices":[{"floor":7,"key":"REST"},{"data":"Reprogram","floor":10,"key":"SMITH"},{"floor":15,"key":"REST"}],"circlet_count":0,"master_deck":["AscendersBane","Strike_B","Strike_B","Strike_B","Strike_B","Defend_B","Defend_B","Defend_B","Defend_B","Dualcast","Barrage","Reprogram+1","Beam Cell","Rip and Tear","Doom and Gloom","Conserve Battery","Coolheaded","Rebound+1","Reprogram","Fission","Ghostly","Ghostly","Ghostly","Rip and Tear+1","Rip and Tear+1","Hologram"],"relics":["Busted Crown","Shuriken","Molten Egg 2","Nunchaku","Golden Idol","Odd Mushroom","Sundial","Black Star","Frozen Eye","Bag of Preparation","Bag of Marbles"],"acts_visited":["Exordium","TheCity"],"potions_floor_usage":[14,16,23],"damage_taken":[{"damage":1,"enemies":"Cultist","floor":1,"turns":4},{"damage":4,"enemies":"Jaw Worm","floor":2,"turns":4},{"damage":0,"enemies":"2 Louse","floor":4,"turns":2},{"damage":29,"enemies":"Gremlin Nob","floor":6,"turns":4},{"damage":13,"enemies":"3 Sentries","floor":8,"turns":4},{"damage":13,"enemies":"Large Slime","floor":12,"turns":4},{"damage":14,"enemies":"The Mushroom Lair","floor":13,"turns":4},{"damage":10,"enemies":"Gremlin Nob","floor":14,"turns":3},{"damage":16,"enemies":"Hexaghost","floor":16,"turns":8},{"damage":15,"enemies":"3 Byrds","floor":18,"turns":4},{"damage":10,"enemies":"Spheric Guardian","floor":21,"turns":5},{"damage":21,"enemies":"Gremlin Leader","floor":23,"turns":6},{"damage":8,"enemies":"Snake Plant","floor":24,"turns":1}],"seed_played":"1190465885000497433","potions_obtained":[{"floor":4,"key":"BlessingOfTheForge"},{"floor":6,"key":"SkillPotion"},{"floor":16,"key":"FearPotion"},{"floor":18,"key":"LiquidMemories"}],"is_trial":false,"path_per_floor":["M","M","T","M","$","E","R","E","T","R","?","M","?","E","R","B",null,"M","?","$","M","?","E","M"],"character_chosen":"DEFECT","items_purchased":["Rip and Tear","Doom and Gloom","Conserve Battery","Rip and Tear+1","Frozen Eye"],"campfire_rested":2,"item_purchase_floors":[5,5,5,20,20],"current_hp_per_floor":[63,59,59,59,59,30,51,38,38,38,38,25,11,1,20,4,49,34,32,32,22,22,1,0,0],"gold":139,"neow_bonus":"BOSS_RELIC","is_daily":false,"chose_seed":false,"campfire_upgraded":1,"win_rate":0.0,"timestamp":1609773047,"path_taken":["M","M","?","M","$","E","R","E","T","R","?","M","?","E","R","BOSS","M","?","$","M","?","E","M"],"items_purchased_type":["Card","Card","Card","Card","Relic"],"build_version":"2020-12-07","purchased_purges":1,"victory":false,"max_hp_per_floor":[71,71,71,71,71,71,71,71,71,71,64,64,64,64,64,64,64,64,32,32,32,32,32,32,32],"card_choices":[{"not_picked":[],"picked":"Barrage","floor":1},{"not_picked":[],"picked":"Reprogram","floor":2},{"not_picked":[],"picked":"Beam Cell","floor":4},{"not_picked":["Storm"],"picked":"SKIP","floor":6},{"not_picked":["Coolheaded"],"picked":"SKIP","floor":8},{"not_picked":[],"picked":"Coolheaded","floor":12},{"not_picked":[],"picked":"Rebound+1","floor":13},{"not_picked":[],"picked":"Reprogram","floor":14},{"not_picked":[],"picked":"Fission","floor":16},{"not_picked":["Blizzard+1"],"picked":"SKIP","floor":18},{"not_picked":[],"picked":"Rip and Tear+1","floor":21},{"not_picked":[],"picked":"Hologram","floor":23}],"player_experience":1928107,"relics_obtained":[{"floor":6,"key":"Shuriken"},{"floor":8,"key":"Molten Egg 2"},{"floor":9,"key":"Nunchaku"},{"floor":13,"key":"Odd Mushroom"},{"floor":14,"key":"Sundial"},{"floor":23,"key":"Bag of Preparation"},{"floor":23,"key":"Bag of Marbles"}],"event_choices":[{"damage_healed":0,"gold_gain":0,"player_choice":"Lose Max HP","damage_taken":0,"relics_obtained":["Golden Idol"],"max_hp_gain":0,"max_hp_loss":7,"event_name":"Golden Idol","floor":11,"gold_loss":0},{"damage_healed":0,"gold_gain":0,"player_choice":"Fought Mushrooms","damage_taken":0,"max_hp_gain":0,"max_hp_loss":0,"event_name":"Mushrooms","floor":13,"gold_loss":0},{"damage_healed":0,"gold_gain":0,"player_choice":"Became a Ghost","damage_taken":0,"max_hp_gain":0,"max_hp_loss":32,"event_name":"Ghosts","floor":19,"gold_loss":0,"cards_obtained":["Ghostly","Ghostly","Ghostly"]},{"damage_healed":0,"gold_gain":50,"player_choice":"Stole From Cult","damage_taken":0,"max_hp_gain":0,"max_hp_loss":0,"event_name":"Nest","floor":22,"gold_loss":0}],"is_beta":true,"boss_relics":[{"not_picked":["Calling Bell","Astrolabe"],"picked":"Black Star"}],"items_purged_floors":[20],"is_endless":false,"potions_floor_spawned":[4,6,8,16,18],"killed_by":"Snake Plant","ascension_level":20}}