{"host":"ormi09wwzv7sq47a","time":1609722993,"event":{"mods":["2.2 Compatiblity","AchievementEnabler","Act Like it!","BaseMod","Bestiary","Better Altar","Better Note","Better Sensory Stone","Better Skull","Better Third Choice","Better Vampires","BetterRewards","Block Reminder","Card Forge","Colored Map","Colored Powertips","Curses Come First","DeckTracker","Downfall","Highlight Path","Minty Spire (QoL Compilation)","Permanent Neow","Quick Restart","Rare Cards Sparkle","Relic Stats","Shop Mod","StSLib","The Jungle","The Servant 0.9.4"],"gold_per_floor":[110,128,140,150,150,150,167,167,190,190,17,51,51,70,70,149,149,161,161,172,12,12,12,42,42,42,60,77,111,111,128,128,202,202,221,37,48,48,65,97,97,128,128,146,146,146,58,71,71,71,71,71,71,15,41,41,41,41],"floor_reached":56,"playtime":4430,"items_purged":["Guardian:Strike_Guardian","Guardian:RollAttack+1"],"score":2594,"play_id":"d01bac85-4838-48a0-acb9-655f158210e5","local_time":"20210103221632","is_ascension_mode":true,"campfire_choices":[{"data":"Guardian:PrismaticBeam","floor":6.0,"key":"SMITH"},{"data":"Guardian:CurlUp","floor":10.0,"key":"SMITH"},{"data":"Guardian:SentryBeam","floor":13.0,"key":"SMITH"},{"data":"Guardian:RollAttack","floor":15.0,"key":"SMITH"},{"data":"Guardian:TemporalShield","floor":23.0,"key":"SMITH"},{"data":"Guardian:Suspension","floor":25.0,"key":"SMITH"},{"data":"Guardian:ShieldSpikes","floor":30.0,"key":"SMITH"},{"data":"Guardian:Defend_Guardian","floor":32.0,"key":"PURGE"},{"data":"expansioncontent:DashGenerateEvil","floor":41.0,"key":"SMITH"},{"data":"Guardian:HyperBeam_Guardian","floor":45.0,"key":"SMITH"},{"floor":49,"key":"RECALL"},{"data":"Guardian:SpikerProtocol","floor":53,"key":"SMITH"}],"circlet_count":0,"master_deck":["AscendersBane","Guardian:CurlUp+1","Guardian:TwinSlam","Guardian:SpikerProtocol+1","Guardian:SentryBeam+1","Guardian:ShieldSpikes+1","Guardian:ShieldCharger","Guardian:PrismaticBeam+1","Guardian:TimeBomb+1","Guardian:GemFire","Guardian:RollAttack+1","Guardian:TemporalShield+1","Insight+1","Guardian:CrystalBeam+1","Bite","Bite","Guardian:Suspension+1","Guardian:Preprogram+1","Guardian:BronzeOrb+1","Guardian:HyperBeam_Guardian+1","Guardian:SphericShield+1","expansioncontent:DashGenerateEvil+1","Guardian:PrismaticBarrier"],"relics":["Guardian:ModeShifter","Hammer of Thor","Seething Fire","Anvil of the Gods","Medical Kit","Omamori","Incense Burner","Thread and Needle","Guardian:PickAxe","Lantern","War Paint","Art of War","Empty Cage","Oddly Smooth Stone","Blood Vial","Peace Pipe","Pocketwatch","Astrolabe","FossilizedHelix","hexamod:BolsterEngine","MawBank","InkBottle"],"acts_visited":["Exordium","TheCity","TheBeyond","TheEnding"],"potions_floor_usage":[50,50,55],"damage_taken":[{"damage":0.0,"enemies":"2 Louse","floor":1.0,"turns":3.0},{"damage":1.0,"enemies":"Small Slimes","floor":2.0,"turns":5.0},{"damage":0.0,"enemies":"Jaw Worm","floor":3.0,"turns":5.0},{"damage":0.0,"enemies":"Red Slaver","floor":4.0,"turns":6.0},{"damage":11.0,"enemies":"3 Louse","floor":7.0,"turns":3.0},{"damage":0.0,"enemies":"3 Louse","floor":8.0,"turns":4.0},{"damage":0.0,"enemies":"Lagavulin","floor":12.0,"turns":5.0},{"damage":0.0,"enemies":"Exordium Thugs","floor":14.0,"turns":2.0},{"damage":0.0,"enemies":"Slime Boss","floor":16.0,"turns":4.0},{"damage":0.0,"enemies":"Shell Parasite","floor":18.0,"turns":2.0},{"damage":0.0,"enemies":"Spheric Guardian","floor":20.0,"turns":1.0},{"damage":0.0,"enemies":"Slavers","floor":24.0,"turns":2.0},{"damage":0.0,"enemies":"Snake Plant","floor":27.0,"turns":1.0},{"damage":0.0,"enemies":"3 Cultists","floor":28.0,"turns":3.0},{"damage":0.0,"enemies":"Book of Stabbing","floor":29.0,"turns":3.0},{"damage":0.0,"enemies":"Snecko","floor":31.0,"turns":3.0},{"damage":51.0,"enemies":"Champ","floor":33.0,"turns":11.0},{"damage":0.0,"enemies":"Orb Walker","floor":35.0,"turns":3.0},{"damage":1.0,"enemies":"3 Darklings","floor":37.0,"turns":4.0},{"damage":37.0,"enemies":"4 Shapes","floor":39.0,"turns":1.0},{"damage":11.0,"enemies":"Nemesis","floor":40.0,"turns":7.0},{"damage":26.0,"enemies":"Giant Head","floor":42.0,"turns":10.0},{"damage":0.0,"enemies":"Maw","floor":44.0,"turns":6.0},{"damage":0.0,"enemies":"3 Darklings","floor":48.0,"turns":3.0},{"damage":11,"enemies":"Time Eater","floor":50,"turns":10},{"damage":20,"enemies":"Awakened One","floor":51,"turns":13},{"damage":8,"enemies":"Shield and Spear","floor":55,"turns":9},{"damage":75,"enemies":"The Heart","floor":56,"turns":8}],"seed_played":"8468509275629677622","potions_obtained":[{"floor":2.0,"key":"Dexterity Potion"},{"floor":3.0,"key":"SkillPotion"},{"floor":12.0,"key":"DuplicationPotion"},{"floor":18.0,"key":"DistilledChaos"},{"floor":28.0,"key":"Guardian:BlockOnCardUsePotion"},{"floor":31.0,"key":"Slimebound:ThreeZeroPotion"},{"floor":35.0,"key":"Fire Potion"},{"floor":37.0,"key":"Energy Potion"},{"floor":42.0,"key":"Fruit Juice"},{"floor":44.0,"key":"LiquidMemories"}],"is_trial":false,"path_per_floor":["M","M","M","M","?","R","M","?","T","R","$","E","R","M","R","B",null,"M","?","M","$","?","R","E","R","T","M","M","E","R","M","R","B",null,"M","$","M","?","M","E","R","E","T","M","R","?","$","M","R","B","B",null,"R","$","E","B"],"character_chosen":"GUARDIAN","items_purchased":["Medical Kit","Omamori","Incense Burner","Guardian:Gem_Cyan","Guardian:SpikerProtocol","Guardian:SentryBeam","Guardian:ShieldSpikes","Regen Potion","War Paint","Oddly Smooth Stone","expansioncontent:DashGenerateEvil","ColorlessPotion"],"campfire_rested":0,"item_purchase_floors":[0,0,0,0,0,0,0,0,11,21,36,54],"current_hp_per_floor":[51,50,64,64,69,69,58,58,58,58,58,58,58,58,58,58,72,72,72,72,72,67,67,67,67,67,67,67,67,67,67,67,16,54,58,58,63,63,28,21,21,12,12,26,26,26,26,28,28,27,21,59,59,59,57,0,0,0],"gold":41,"neow_bonus":"","is_daily":false,"chose_seed":false,"campfire_upgraded":10,"win_rate":0.0,"timestamp":1609722992,"path_taken":["M","M","M","M","?","R","M","?","T","R","?","E","R","M","R","BOSS","M","?","M","$","?","R","E","R","T","M","M","E","R","M","R","BOSS","M","$","M","?","M","E","R","E","T","M","R","?","$","M","R","BOSS","BOSS","R","$","E","BOSS"],"items_purchased_type":["Relic","Relic","Relic","Card","Card","Card","Card","Potion","Relic","Relic","Card","Potion"],"build_version":"2020-12-22","purchased_purges":2,"victory":false,"max_hp_per_floor":[72,72,72,72,77,77,77,77,77,77,77,77,77,77,77,77,77,77,77,77,77,67,67,67,67,67,67,67,67,67,67,67,67,67,67,67,67,67,67,67,67,72,72,72,72,72,72,72,72,72,72,72,72,72,72,72,72,72],"relic_stats":{"Blood Vial":22,"Peace Pipe":1,"counters":[402,1875],"Astrolabe":["Guardian:Gem_Synthetic","Guardian:SphericShield","Guardian:RollAttack"],"Art of War":[9],"War Paint":["Guardian:TimeBomb","Guardian:Defend_Guardian"],"Medical Kit":[21],"MawBank":12,"obtain_stats":[{"Guardian:StasisEgg":37,"Ginger":0,"Whetstone":26,"Sling":0,"Boot":53,"Old Coin":43,"Guardian:PickAxe":14,"Blood Vial":23,"Sundial":30,"MealTicket":0,"Kunai":53,"MerchantsRug":21,"Pear":40,"Blue Candle":0,"Eternal Feather":9,"Pen Nib":44,"Guardian:PocketSentry":6,"Akabeko":0,"MutagenicStrength":22,"Bird Faced Urn":0,"Snecko Eye":17,"Pandora\u0027s Box":34,"StrikeDummy":43,"Unceasing Top":7,"Guardian:StasisSlotReductionRelic":17,"Lantern":29,"Regal Pillow":7,"Torii":12,"Singing Bowl":21,"Guardian:StasisCodex":54,"StoneCalendar":38,"Bag of Preparation":21,"Ancient Tea Set":26,"Smiling Mask":30,"Cursed Key":17,"Matryoshka":9,"Shovel":40,"WingedGreaves":37,"InkBottle":47,"Lee\u0027s Waffle":0,"Golden Idol":13,"Thread and Needle":12,"PreservedInsect":17,"The Courier":34,"Omamori":46,"Seething Fire":0,"Frozen Egg 2":9,"MawBank":9,"betterThird:SlimedRelic":2,"Turnip":0,"Art of War":48,"Bottled Lightning":26,"hexamod:BolsterEngine":13,"Toy Ornithopter":44,"Ice Cream":31,"Calipers":30,"Tiny House":17,"Gremlin Horn":26,"Nilry\u0027s Codex":25,"CeramicFish":7,"Vajra":31,"Guardian:SackOfGems":23,"Hammer of Thor":0,"Lizard Tail":0,"Centennial Puzzle":29,"HornCleat":22,"DollysMirror":31,"Strawberry":10,"Prayer Wheel":17,"Philosopher\u0027s Stone":34,"Toxic Egg 2":29,"Girya":10,"Guardian:BottledStasis":36,"Happy Flower":54,"Astrolabe":17,"Dead Branch":0,"Guardian:ModeShifter":0,"Oddly Smooth Stone":37,"Letter Opener":9,"War Paint":9,"Question Card":40,"Du-Vu Doll":0,"OrangePellets":0,"Bottled Flame":26,"Shuriken":26,"Anvil of the Gods":0,"Bronze Scales":0,"Black Star":34,"Nloth\u0027s Gift":22,"Pocketwatch":7,"Meat on the Bone":24,"Darkstone Periapt":17,"Guardian:ModeShifterPlus":34,"Incense Burner":7,"Juzu Bracelet":7,"Empty Cage":17,"Dream Catcher":14,"Nunchaku":0,"Mummified Hand":8,"Gambling Chip":0,"Tiny Chest":25,"Orichalcum":43,"Odd Mushroom":10,"Medical Kit":0,"White Beast Statue":21,"Mercury Hourglass":45,"Calling Bell":17,"Peace Pipe":0,"Guardian:StasisUpgradeRelic":53,"CaptainsWheel":9,"Anchor":9,"Bag of Marbles":48,"Membership Card":21,"FossilizedHelix":38,"TungstenRod":26},{"Guardian:StasisEgg":218,"Ginger":39,"Whetstone":249,"Sling":39,"Boot":346,"Old Coin":342,"Guardian:PickAxe":24,"Blood Vial":51,"Sundial":12,"MealTicket":171,"Kunai":109,"MerchantsRug":96,"Pear":320,"Blue Candle":136,"Eternal Feather":44,"Pen Nib":35,"Guardian:PocketSentry":44,"Akabeko":84,"MutagenicStrength":180,"Bird Faced Urn":225,"Snecko Eye":246,"Pandora\u0027s Box":14,"StrikeDummy":256,"Unceasing Top":69,"Guardian:StasisSlotReductionRelic":7,"Lantern":29,"Regal Pillow":329,"Torii":143,"Singing Bowl":209,"Guardian:StasisCodex":65,"StoneCalendar":189,"Bag of Preparation":96,"Ancient Tea Set":28,"Smiling Mask":99,"Cursed Key":177,"Matryoshka":194,"Shovel":220,"WingedGreaves":318,"InkBottle":37,"Lee\u0027s Waffle":162,"Golden Idol":5,"Thread and Needle":331,"PreservedInsect":25,"The Courier":276,"Omamori":106,"Seething Fire":0,"Frozen Egg 2":89,"MawBank":204,"betterThird:SlimedRelic":40,"Turnip":66,"Art of War":133,"Bottled Lightning":10,"hexamod:BolsterEngine":45,"Toy Ornithopter":105,"Ice Cream":275,"Calipers":124,"Tiny House":333,"Gremlin Horn":52,"Nilry\u0027s Codex":149,"CeramicFish":305,"Vajra":30,"Guardian:SackOfGems":210,"Hammer of Thor":0,"Lizard Tail":17,"Centennial Puzzle":53,"HornCleat":50,"DollysMirror":99,"Strawberry":90,"Prayer Wheel":25,"Philosopher\u0027s Stone":186,"Toxic Egg 2":215,"Girya":80,"Guardian:BottledStasis":277,"Happy Flower":110,"Astrolabe":47,"Dead Branch":111,"Guardian:ModeShifter":0,"Oddly Smooth Stone":32,"Letter Opener":242,"War Paint":69,"Question Card":255,"Du-Vu Doll":288,"OrangePellets":111,"Bottled Flame":123,"Shuriken":97,"Anvil of the Gods":0,"Bronze Scales":162,"Black Star":100,"Nloth\u0027s Gift":209,"Pocketwatch":116,"Meat on the Bone":248,"Darkstone Periapt":25,"Guardian:ModeShifterPlus":55,"Incense Burner":4,"Juzu Bracelet":168,"Empty Cage":383,"Dream Catcher":6,"Nunchaku":66,"Mummified Hand":141,"Gambling Chip":348,"Tiny Chest":123,"Orichalcum":34,"Odd Mushroom":331,"Medical Kit":66,"White Beast Statue":96,"Mercury Hourglass":157,"Calling Bell":25,"Peace Pipe":76,"Guardian:StasisUpgradeRelic":109,"CaptainsWheel":4,"Anchor":21,"Bag of Marbles":63,"Membership Card":96,"FossilizedHelix":58,"TungstenRod":212},{"Guardian:StasisEgg":983,"Ginger":211,"Whetstone":1148,"Sling":211,"Boot":1601,"Old Coin":1571,"Guardian:PickAxe":121,"Blood Vial":270,"Sundial":61,"MealTicket":775,"Kunai":521,"MerchantsRug":476,"Pear":1454,"Blue Candle":609,"Eternal Feather":237,"Pen Nib":184,"Guardian:PocketSentry":237,"Akabeko":446,"MutagenicStrength":815,"Bird Faced Urn":1021,"Snecko Eye":1137,"Pandora\u0027s Box":75,"StrikeDummy":1185,"Unceasing Top":367,"Guardian:StasisSlotReductionRelic":38,"Lantern":150,"Regal Pillow":1502,"Torii":640,"Singing Bowl":955,"Guardian:StasisCodex":340,"StoneCalendar":861,"Bag of Preparation":476,"Ancient Tea Set":145,"Smiling Mask":485,"Cursed Key":801,"Matryoshka":883,"Shovel":992,"WingedGreaves":1450,"InkBottle":196,"Lee\u0027s Waffle":727,"Golden Idol":22,"Thread and Needle":1508,"PreservedInsect":130,"The Courier":1282,"Omamori":510,"Seething Fire":0,"Frozen Egg 2":456,"MawBank":929,"betterThird:SlimedRelic":214,"Turnip":349,"Art of War":591,"Bottled Lightning":50,"hexamod:BolsterEngine":240,"Toy Ornithopter":504,"Ice Cream":1273,"Calipers":565,"Tiny House":1521,"Gremlin Horn":274,"Nilry\u0027s Codex":664,"CeramicFish":1404,"Vajra":154,"Guardian:SackOfGems":959,"Hammer of Thor":0,"Lizard Tail":91,"Centennial Puzzle":277,"HornCleat":266,"DollysMirror":485,"Strawberry":460,"Prayer Wheel":130,"Philosopher\u0027s Stone":845,"Toxic Egg 2":974,"Girya":426,"Guardian:BottledStasis":1284,"Happy Flower":525,"Astrolabe":259,"Dead Branch":532,"Guardian:ModeShifter":0,"Oddly Smooth Stone":167,"Letter Opener":1119,"War Paint":367,"Question Card":1177,"Du-Vu Doll":1325,"OrangePellets":532,"Bottled Flame":561,"Shuriken":479,"Anvil of the Gods":0,"Bronze Scales":727,"Black Star":490,"Nloth\u0027s Gift":955,"Pocketwatch":545,"Meat on the Bone":1146,"Darkstone Periapt":130,"Guardian:ModeShifterPlus":288,"Incense Burner":18,"Juzu Bracelet":761,"Empty Cage":1775,"Dream Catcher":28,"Nunchaku":349,"Mummified Hand":631,"Gambling Chip":1619,"Tiny Chest":561,"Orichalcum":177,"Odd Mushroom":1508,"Medical Kit":349,"White Beast Statue":476,"Mercury Hourglass":698,"Calling Bell":130,"Peace Pipe":412,"Guardian:StasisUpgradeRelic":521,"CaptainsWheel":18,"Anchor":107,"Bag of Marbles":326,"Membership Card":476,"FossilizedHelix":296,"TungstenRod":962}],"InkBottle":[5],"Pocketwatch":[19]},"card_choices":[{"not_picked":["Guardian:Gem_Lightblue","Guardian:Suspension"],"picked":"Guardian:ShieldCharger","floor":1.0},{"not_picked":["Guardian:Gem_Green","Guardian:Recover"],"picked":"Guardian:Gem_White","floor":2.0},{"not_picked":["Guardian:ShieldCharger","Guardian:Planning"],"picked":"Guardian:PrismaticBeam","floor":3.0},{"not_picked":["Guardian:Gem_Lightblue","Guardian:Gem_Cyan"],"picked":"Guardian:TimeBomb","floor":4.0},{"not_picked":["Guardian:Gem_Yellow","Guardian:Gem_Cyan"],"picked":"Guardian:GemFire","floor":7.0},{"not_picked":["Guardian:ChargeUp","Guardian:Incinerate"],"picked":"Guardian:Gem_White","floor":12.0},{"not_picked":["Guardian:WalkerClaw","Guardian:Reroute"],"picked":"Guardian:RollAttack","floor":14.0},{"not_picked":["Guardian:StasisField","Guardian:ConstructionForm"],"picked":"Guardian:Gem_Synthetic","floor":16.0},{"not_picked":["Guardian:Gem_Lightblue","Guardian:Incinerate"],"picked":"Guardian:TemporalShield","floor":18.0},{"not_picked":["Guardian:SpikerProtocol","Guardian:ChargeUp"],"picked":"Guardian:CrystalBeam+1","floor":20.0},{"not_picked":["Guardian:VentSteam","Guardian:Recover"],"picked":"Guardian:Suspension","floor":24.0},{"not_picked":["Guardian:RefractedBeam","Guardian:Gem_Lightblue"],"picked":"Guardian:Preprogram+1","floor":27.0},{"not_picked":["Guardian:TemporalShield","Guardian:AncientConstruct"],"picked":"Guardian:BronzeOrb+1","floor":28.0},{"not_picked":["Guardian:Clone","Guardian:EvasiveProtocol"],"picked":"Guardian:Recover","floor":29.0},{"not_picked":["Guardian:CrystalBeam","Guardian:EvasiveProtocol","Guardian:VentSteam"],"picked":"SKIP","floor":31.0},{"not_picked":["Guardian:StasisStrike","Guardian:AncientConstruct"],"picked":"Guardian:HyperBeam_Guardian","floor":33.0},{"not_picked":["Guardian:Incinerate","Guardian:PrimingBeam"],"picked":"Guardian:Gem_White","floor":35.0},{"not_picked":["Guardian:PrimingBeam","Guardian:PolyBeam"],"picked":"Guardian:TemporalShield","floor":37.0},{"not_picked":["Guardian:TimeBomb","Guardian:Reroute"],"picked":"Guardian:PrismaticBarrier","floor":39.0},{"not_picked":["Guardian:FastForward","Guardian:ShieldSpikes"],"picked":"Guardian:Gem_Fragmented","floor":40.0},{"not_picked":["Guardian:Reroute","Guardian:TimeCapacitor","Guardian:StasisStrike"],"picked":"SKIP","floor":42.0},{"not_picked":["Guardian:Preprogram+1","Guardian:TemporalStrike+1","Guardian:BronzeOrb"],"picked":"SKIP","floor":44.0},{"not_picked":["Guardian:VentSteam","Guardian:Incinerate","Guardian:BronzeOrb"],"picked":"SKIP","floor":48.0},{"not_picked":["Guardian:DonusPower","Guardian:Gem_Lightblue","Guardian:StasisStrike"],"picked":"SKIP","floor":55}],"player_experience":878387,"relics_obtained":[{"floor":9.0,"key":"Lantern"},{"floor":12.0,"key":"Art of War"},{"floor":24.0,"key":"Blood Vial"},{"floor":26.0,"key":"Peace Pipe"},{"floor":29.0,"key":"Pocketwatch"},{"floor":40.0,"key":"FossilizedHelix"},{"floor":42.0,"key":"hexamod:BolsterEngine"},{"floor":55,"key":"InkBottle"}],"event_choices":[{"damage_healed":0.0,"max_hp_gain":5.0,"max_hp_loss":0.0,"gold_gain":0.0,"event_name":"Big Fish","player_choice":"Donut","floor":5.0,"gold_loss":0.0,"damage_taken":0.0},{"damage_healed":0.0,"max_hp_gain":0.0,"max_hp_loss":0.0,"gold_gain":0.0,"event_name":"betterThird:BetterWriting","player_choice":"Insight","floor":19.0,"gold_loss":0.0,"damage_taken":1.0,"cards_obtained":["Insight"]},{"damage_healed":0.0,"max_hp_gain":0.0,"max_hp_loss":10.0,"gold_gain":0.0,"event_name":"Vampires","player_choice":"Became a vampire","floor":22.0,"gold_loss":0.0,"damage_taken":0.0,"cards_obtained":["Bite","Bite"]},{"cards_removed":["Guardian:Gem_Synthetic"],"damage_healed":0.0,"max_hp_gain":0.0,"max_hp_loss":0.0,"gold_gain":0.0,"event_name":"Falling","player_choice":"Removed Skill","floor":38.0,"gold_loss":0.0,"damage_taken":0.0},{"cards_removed":["Guardian:TemporalShield"],"damage_healed":0.0,"max_hp_gain":0.0,"max_hp_loss":0.0,"gold_gain":0.0,"event_name":"WeMeetAgain","player_choice":"Gave Card","floor":46.0,"gold_loss":0.0,"damage_taken":0.0,"relics_obtained":["MawBank"]}],"is_beta":false,"boss_relics":[{"not_picked":["Runic Dome","Black Star"],"picked":"Empty Cage"},{"not_picked":["Snecko Eye","Fusion Hammer"],"picked":"Astrolabe"}],"items_purged_floors":[0,47],"is_endless":false,"potions_floor_spawned":[2,3,8,12,18,28,31,35,37,42,44],"killed_by":"The Heart","ascension_level":20}}