{"host":"56ghxnzsglgdq727","time":1609741607,"event":{"mods":["AchievementEnabler","BaseMod","Downfall","Minty Spire (QoL Compilation)","StSLib"],"gold_per_floor":[99,99,99,199,199,149,149,99,99,99,125,75,75,94,106,209,209,159,170,185,204,204,204,204,4,21,6,26,11,30,130,148,246,246,121,156,174,224,244,194,194,264,279,329,360,410,427,444,455,455,455,482,101,51,51],"floor_reached":56,"playtime":2397,"items_purged":["Slimebound:Tackle"],"score":1315,"play_id":"560d37e9-897b-4730-b1f5-2e7a1b8b19a6","local_time":"20210104012647","is_ascension_mode":true,"campfire_choices":[{"data":"Slimebound:Split","floor":1,"key":"SMITH"},{"data":"Slimebound:SplitAcid","floor":6,"key":"SMITH"},{"floor":8,"key":"RECALL"},{"data":"Slimebound:Repurpose","floor":12,"key":"SMITH"},{"data":"Slimebound:Teamwork","floor":18,"key":"SMITH"},{"data":"Slimebound:MinionMaster","floor":25,"key":"SMITH"},{"data":"Slimebound:Overexert","floor":35,"key":"SMITH"},{"data":"Slimebound:MassFeed","floor":40,"key":"SMITH"},{"data":"Slimebound:Darklings","floor":54,"key":"SMITH"}],"circlet_count":0,"master_deck":["Slimebound:Strike_Slimebound","Slimebound:Strike_Slimebound","Slimebound:Strike_Slimebound+1","Slimebound:Defend_Slimebound+1","Slimebound:Defend_Slimebound","Slimebound:Defend_Slimebound","Slimebound:Defend_Slimebound+1","Slimebound:Split+1","Slimebound:CorrosiveSpit","Slimebound:SplitAcid+1","Slimebound:Repurpose+1","Slimebound:SplitMire","Slimebound:Teamwork+1","Slimebound:MinionMaster+1","Slimebound:Overexert+1","Slimebound:PressTheAttack+1","Slimebound:SplitAcid","Slimebound:MassFeed+1","Slimebound:Teamwork","Slimebound:SlimeBarrage+1","Slimebound:SlimeBrawl+1","Slimebound:Nibble+1","Slimebound:Darklings+1","expansioncontent:Collect","Slimebound:SplitBruiser+1","Slimebound:LevelUp+1"],"relics":["Slimebound:AbsorbEndCombatUpgraded","downfall:HeartsMalice","Slimebound:GreedOozeRelic","Happy Flower","Gremlin Horn","Bag of Marbles","Potion Belt","downfall:HeartBlessingRed","downfall:HeartBlessingBlue","downfall:CloakOfManyFaces","CultistMask","FaceOfCleric","NlothsMask","GremlinMask","SsserpentHead","Coffee Dripper","downfall:HeartBlessingGreen","Orrery","Anchor","Eternal Feather","Bronze Scales","Dead Branch"],"acts_visited":["Exordium","TheCity","TheBeyond","TheEnding"],"potions_floor_usage":[15,21,26,27,29,31,33,39,39,39,43,45,50,50,50,52,55],"damage_taken":[{"damage":0,"enemies":"Jaw Worm","floor":2,"turns":1},{"damage":0,"enemies":"2 Louse","floor":5,"turns":1},{"damage":0,"enemies":"3 Sentries","floor":11,"turns":1},{"damage":7,"enemies":"Small Slimes","floor":14,"turns":1},{"damage":4,"enemies":"3 Louse","floor":15,"turns":1},{"damage":47,"enemies":"downfall:Watcher","floor":16,"turns":8},{"damage":18,"enemies":"Shell Parasite","floor":19,"turns":4},{"damage":12,"enemies":"Snake Plant","floor":20,"turns":3},{"damage":7,"enemies":"Snecko","floor":21,"turns":3},{"damage":24,"enemies":"Centurion and Healer","floor":26,"turns":4},{"damage":21,"enemies":"downfall:FleeingMerchant","floor":27,"turns":4},{"damage":26,"enemies":"3 Cultists","floor":28,"turns":4},{"damage":14,"enemies":"downfall:FleeingMerchant","floor":29,"turns":4},{"damage":24,"enemies":"Cultist and Chosen","floor":30,"turns":3},{"damage":29,"enemies":"downfall:FaceTrader","floor":31,"turns":4},{"damage":19,"enemies":"Snecko","floor":32,"turns":3},{"damage":77,"enemies":"downfall:Silent","floor":33,"turns":7},{"damage":0,"enemies":"downfall:FleeingMerchant","floor":36,"turns":2},{"damage":26,"enemies":"Orb Walker","floor":37,"turns":3},{"damage":12,"enemies":"3 Darklings","floor":39,"turns":2},{"damage":26,"enemies":"4 Shapes","floor":42,"turns":3},{"damage":4,"enemies":"Sphere and 2 Shapes","floor":43,"turns":1},{"damage":31,"enemies":"Reptomancer","floor":45,"turns":3},{"damage":23,"enemies":"Transient","floor":47,"turns":5},{"damage":0,"enemies":"Maw","floor":48,"turns":3},{"damage":16,"enemies":"Spire Growth","floor":49,"turns":2},{"damage":59,"enemies":"downfall:Ironclad","floor":50,"turns":5},{"damage":51,"enemies":"downfall:CharBossMerchant","floor":52,"turns":6},{"damage":72,"enemies":"downfall:NeowBoss","floor":55,"turns":14}],"seed_played":"-3465628019898437022","potions_obtained":[{"floor":11,"key":"Guardian:BlockOnCardUsePotion"},{"floor":14,"key":"Swift Potion"},{"floor":16,"key":"Slimebound:SlimedPotion"},{"floor":19,"key":"Slimebound:SlimyTonguePotion"},{"floor":26,"key":"Dexterity Potion"},{"floor":28,"key":"Fire Potion"},{"floor":30,"key":"SpeedPotion"},{"floor":32,"key":"Slimebound:SpawnSlimePotion"},{"floor":37,"key":"Dexterity Potion"},{"floor":38,"key":"Fire Potion"},{"floor":38,"key":"Guardian:BlockOnCardUsePotion"},{"floor":38,"key":"Swift Potion"},{"floor":42,"key":"SkillPotion"},{"floor":43,"key":"DuplicationPotion"},{"floor":48,"key":"Block Potion"},{"floor":49,"key":"Slimebound:SlimyTonguePotion"},{"floor":52,"key":"EssenceOfSteel"}],"is_trial":false,"path_per_floor":["R","M","?","?","M","R","T","R","T","?","E","R","?","M","M","B",null,"R","M","M","M","?","?","T","R","M","$","M","$","M","?","M","B",null,"R","$","M","?","M","R","T","M","M","?","E","?","M","M","M","B",null,"E","$","R","B",null],"character_chosen":"SLIMEBOUND","items_purchased":["Orrery","Anchor","Dead Branch"],"campfire_rested":0,"item_purchase_floors":[36,36,53],"current_hp_per_floor":[60,60,60,60,60,60,60,60,60,60,60,60,60,57,60,37,60,60,58,60,60,60,60,60,70,62,69,68,70,62,61,63,23,72,72,76,58,58,75,75,75,73,78,78,62,62,80,83,76,53,85,59,59,74,87],"gold":51,"neow_bonus":"THREE_ENEMY_KILL","is_daily":false,"chose_seed":false,"campfire_upgraded":8,"win_rate":0.0,"timestamp":1609741607,"path_taken":["R","M","?","?","M","R","T","R","?","?","E","R","?","M","M","BOSS","R","M","M","M","?","?","T","R","M","?","M","$","M","?","M","BOSS","R","$","M","?","M","R","T","?","M","?","E","?","M","M","M","BOSS","E","$","R","BOSS"],"items_purchased_type":["Relic","Relic","Relic"],"build_version":"2020-12-22","purchased_purges":1,"victory":true,"max_hp_per_floor":[60,60,60,60,60,60,60,60,60,60,60,60,60,60,60,60,60,60,60,60,60,60,60,60,70,70,70,70,70,70,70,71,72,72,72,76,77,77,78,78,78,79,80,80,81,81,82,83,84,85,85,86,86,86,87],"card_choices":[{"not_picked":["Slimebound:LivingWall","Slimebound:SlimeSpikes"],"picked":"Slimebound:SplitAcid","floor":2},{"not_picked":["Slimebound:SplitBruiser","Slimebound:SlimeSpikes","Slimebound:ServeAndProtect"],"picked":"SKIP","floor":5},{"not_picked":["Slimebound:BestDefense","Slimebound:SlimeTap"],"picked":"Slimebound:Repurpose","floor":11},{"not_picked":["Slimebound:HungryTackle","Slimebound:ComboTackle","Slimebound:SplitMire"],"picked":"SKIP","floor":14},{"not_picked":["Slimebound:RollThrough","Slimebound:ComboTackle"],"picked":"Slimebound:SplitMire","floor":15},{"not_picked":["Slimebound:Recycling","Slimebound:MassRepurpose"],"picked":"Slimebound:Teamwork","floor":16},{"not_picked":["Slimebound:RollThrough","Slimebound:SlimeSpikes","Slimebound:SplitBruiser"],"picked":"SKIP","floor":19},{"not_picked":["Slimebound:ServeAndProtect+1","Slimebound:LeechEnergy+1","Slimebound:SplitMire"],"picked":"SKIP","floor":20},{"not_picked":["Slimebound:ViciousTackle+1","Slimebound:Nibble"],"picked":"Slimebound:MinionMaster","floor":21},{"not_picked":["Slimebound:LeechingTouch","Slimebound:ViciousTackle","Slimebound:SamplingLick"],"picked":"SKIP","floor":26},{"not_picked":["Slimebound:LeechingTouch","Slimebound:GoopSpray+1","Slimebound:Replication+1"],"picked":"SKIP","floor":27},{"not_picked":["Slimebound:SplitLeeching","Slimebound:BestDefense"],"picked":"Slimebound:Overexert","floor":28},{"not_picked":["Slimebound:RejuvenatingLick","Slimebound:Equalize+1"],"picked":"Slimebound:PressTheAttack+1","floor":29},{"not_picked":["Slimebound:AcidTongue+1","Slimebound:Equalize","Slimebound:FirmFortitude"],"picked":"SKIP","floor":30},{"not_picked":["Slimebound:HauntingLick","Slimebound:BestDefense"],"picked":"Slimebound:SplitAcid","floor":32},{"not_picked":["Slimebound:OozeBath","Slimebound:Darklings"],"picked":"Slimebound:MassFeed","floor":33},{"not_picked":["Slimebound:SamplingLick+1","Slimebound:ComboTackle+1","Slimebound:FlameTackle+1"],"picked":"SKIP","floor":36},{"not_picked":["Slimebound:SplitLeeching","Slimebound:GoopTackle+1"],"picked":"Slimebound:Teamwork","floor":36},{"not_picked":["Slimebound:LivingWall","Slimebound:FinishingTackle+1"],"picked":"Slimebound:SlimeBarrage+1","floor":36},{"not_picked":["Slimebound:SlimeTap+1","Slimebound:GoopSpray"],"picked":"Slimebound:SlimeBrawl+1","floor":36},{"not_picked":["Slimebound:SlimeTap+1","Slimebound:HauntingLick"],"picked":"Slimebound:Nibble+1","floor":36},{"not_picked":["Slimebound:GoopSpray+1","Slimebound:Gluttony","Slimebound:LeechEnergy+1"],"picked":"SKIP","floor":37},{"not_picked":["Slimebound:SplitMire","Slimebound:DivideAndConquer","Slimebound:LeechingTouch+1"],"picked":"SKIP","floor":39},{"not_picked":["Slimebound:Schlurp+1","Slimebound:DisruptingSlam","Slimebound:SlimeSlap"],"picked":"SKIP","floor":42},{"not_picked":["Slimebound:ViciousTackle","Slimebound:LeechingTouch","Slimebound:PressTheAttack"],"picked":"SKIP","floor":43},{"not_picked":["Slimebound:MegaLick","Slimebound:Chomp","Slimebound:GrowthPunch+1"],"picked":"SKIP","floor":45},{"not_picked":["expansioncontent:Flail","expansioncontent:LastStand"],"picked":"expansioncontent:Collect","floor":46},{"not_picked":["Slimebound:SplitMire+1","Slimebound:SamplingLick+1"],"picked":"Slimebound:SplitBruiser+1","floor":47},{"not_picked":["Slimebound:LeechingTouch","Slimebound:SplitMire","Slimebound:ProtectTheBoss"],"picked":"SKIP","floor":48},{"not_picked":["Slimebound:PressTheAttack","Slimebound:SamplingLick+1","Slimebound:RejuvenatingLick+1"],"picked":"SKIP","floor":49},{"not_picked":["Slimebound:SplitLeeching+1","Slimebound:Overexert"],"picked":"Slimebound:LevelUp+1","floor":52}],"player_experience":121302,"relics_obtained":[{"floor":7,"key":"Happy Flower"},{"floor":9,"key":"Gremlin Horn"},{"floor":11,"key":"Bag of Marbles"},{"floor":31,"key":"downfall:CloakOfManyFaces"},{"floor":45,"key":"Eternal Feather"},{"floor":52,"key":"Bronze Scales"}],"event_choices":[{"cards_removed":["Regret"],"damage_healed":0,"gold_gain":0,"player_choice":"Forget","damage_taken":0,"max_hp_gain":0,"max_hp_loss":0,"event_name":"Living Wall","floor":13,"gold_loss":0},{"damage_healed":0,"gold_gain":0,"player_choice":"Got Potions","damage_taken":0,"max_hp_gain":0,"max_hp_loss":0,"event_name":"Lab","floor":38,"gold_loss":0}],"is_beta":false,"boss_relics":[{"not_picked":["Calling Bell","Runic Pyramid"],"picked":"Slimebound:AbsorbEndCombatUpgraded"},{"not_picked":["Sozu","Runic Dome"],"picked":"Coffee Dripper"}],"items_purged_floors":[53],"is_endless":false,"potions_floor_spawned":[11,14,16,19,26,28,30,32,37,42,43,48,49,52],"ascension_level":2}}