{"host":"3icp1y0s51ghu4x2","time":1609730430,"event":{"mods":["AchievementEnabler","BaseMod","Bestiary","Card Forge","ChefMod","Colored Map","Hermit","Infinite Spire","Minty Spire (QoL Compilation)","Relic Filter","Replay The Spire","Shop Mod","StSLib","Td1madao Mod","The Bug Knight","The Hierophant","The Marked"],"gold_per_floor":[2010,2010,2024,1185,1204,1233,1248,1274,1274,1274,1274,1303,822,854,854,957,957,975,995,343,439,458,485,519,548,602,602,619,635,667,698,698,798,798,816,826,826,426,442,469,469,471,471],"floor_reached":42,"playtime":3675,"items_purged":[],"score":1139,"play_id":"ce411b53-796b-4b72-9617-80e1b9944016","local_time":"20210103192030","is_ascension_mode":true,"campfire_choices":[{"floor":15,"key":"DIG"},{"floor":32,"key":"DIG"},{"floor":41,"key":"REST"}],"circlet_count":0,"master_deck":["Burst+1","Die Die Die+1","Draining Mist+1","Backstab+1","Hidden Blade+1","A Thousand Cuts+1","Adrenaline+1","Atom Bomb+1","Replay:Bag of Tricks+1","Bane+1","Blade Dance+1","Bouncing Flask+1","Catalyst+1","Corpse Explosion+1","Crippling Poison+1","Dagger Throw+1","Deadly Poison+1","Die Die Die+1","Draining Mist+1","Envenom+1","ReplayTheSpireMod:Exploit Weakness+1","Finisher+1","Infinite Blades+1","Hidden Blade+1","ReplayTheSpireMod:Necrosis+1","infinitespire:Neurotoxin+1","Night Terror+1","Noxious Fumes+1","Phantasmal Killer+1","Poison Darts+1","Replay:Poison Smokescreen+1","Poisoned Stab+1","Predator+1","Quick Slash+1","ReplayTheSpireMod:Shiv Toss+1","Skewer+1","Toxin Wave+1","ReplayTheSpireMod:The Works+1","Storm of Steel+1","Sneak Up+1","Mayhem+1","Sadistic Nature+1","Shiv+1","Specialist+1","infinitespire:UltimateForm+1","infinitespire:Punishment+1","infinitespire:FutureSight+1","infinitespire:NeuralNetwork+1","infinitespire:Execution+1","infinitespire:Collect+1","A Thousand Cuts+1","Accuracy+1","Adrenaline+1","After Image+1","Replay:Bag of Tricks+1","Bane+1","Bouncing Flask+1","Catalyst+1","Choke+1","Corpse Explosion+1","Crippling Poison+1","Dagger Throw+1","Deadly Poison+1","Draining Mist+1","Envenom+1","Finisher+1","ReplayTheSpireMod:From All Sides+1","Infinite Blades+1","Hidden Blade+1","ReplayTheSpireMod:Necrosis+1","Night Terror+1","Noxious Fumes+1","Poison Darts+1","Replay:Poison Smokescreen+1","Poisoned Stab+1","Predator+1","Quick Slash+1","ReplayTheSpireMod:Shiv Toss+1","Skewer+1","Storm of Steel+1","Toxin Wave+1","Mayhem+1","ReplayTheSpireMod:Private Reserves+1","chefmod:ReptoDagger+1","Sadistic Nature+1","Specialist+1","Violence+1","Pain","Sadistic Nature+1","Corpse Explosion+1","Night Terror+1","Deep Breath+1","Deep Breath+1","Pot Of Greed","Pot Of Greed","Pot Of Greed","Pot Of Greed","Pot Of Greed","Pot Of Greed+1","Pot Of Greed","Pot Of Greed"],"relics":["Ring of the Snake","Hammer of Thor","Seething Fire","Anvil of the Gods","Pen Nib","Blue Doll","TheAbacus","MerchantsRug","Anchor","infinitespire:EmpoweringShard","WarpedTongs","Golden Egg","Medical Kit","Gremlin Food","CaptainsWheel","Replay:Rubber Ducky","Black Star","HollowMod:LifeEnderRelic","Shuriken","Chemical X","War Paint","Molten Egg 2","infinitespire:Midas Blood","Paper Crane","infinitespire:PuzzleCube","Bronze Scales","ReplayTheSpireMod:Shallot","Smiling Mask","infinitespire:CursedDice","Fusion Hammer","Pet Ghost","ReplayTheSpireMod:Lightbulb","Grinning Jar","WingedGreaves"],"acts_visited":["Exordium","TheCity","TheBeyond"],"potions_floor_usage":[],"damage_taken":[{"damage":0,"enemies":"2 Louse","floor":1,"turns":1},{"damage":3,"enemies":"Cultist","floor":3,"turns":3},{"damage":8,"enemies":"Jaw Worm","floor":5,"turns":2},{"damage":0,"enemies":"Gremlin Nob","floor":6,"turns":2},{"damage":0,"enemies":"Exordium Thugs","floor":7,"turns":2},{"damage":0,"enemies":"HollowMod:MossKnight","floor":8,"turns":2},{"damage":0,"enemies":"Looter","floor":10,"turns":1},{"damage":0,"enemies":"3 Sentries","floor":12,"turns":3},{"damage":0,"enemies":"HollowMod:MossKnight","floor":14,"turns":2},{"damage":0,"enemies":"Slime Boss","floor":16,"turns":1},{"damage":0,"enemies":"Shell Parasite","floor":18,"turns":1},{"damage":0,"enemies":"Centurion and Healer","floor":19,"turns":2},{"damage":0,"enemies":"3 Cultists","floor":22,"turns":2},{"damage":0,"enemies":"Replay:Snechameleon","floor":23,"turns":2},{"damage":7,"enemies":"Snecko","floor":24,"turns":2},{"damage":0,"enemies":"Book of Stabbing","floor":25,"turns":1},{"damage":0,"enemies":"Chosen and Byrds","floor":28,"turns":2},{"damage":0,"enemies":"Centurion and Healer","floor":29,"turns":2},{"damage":0,"enemies":"Replay:Snechameleon","floor":30,"turns":2},{"damage":7,"enemies":"Snake Plant","floor":31,"turns":2},{"damage":0,"enemies":"Automaton","floor":33,"turns":1},{"damage":0,"enemies":"3 Shapes","floor":35,"turns":2},{"damage":0,"enemies":"3 Darklings","floor":36,"turns":2},{"damage":0,"enemies":"Spire Growth","floor":39,"turns":1},{"damage":999,"enemies":"Nightmare","floor":40,"turns":15},{"damage":999,"enemies":"HollowMod:StalkingDevout","floor":42,"turns":1}],"seed_played":"4793217384292565479","potions_obtained":[{"floor":8,"key":"EssenceOfSteel"}],"is_trial":false,"path_per_floor":["M","?","M","$","M","E","M","E","T","M","?","E","$","E","R_BF","B",null,"M","M","$","?","M","E","M","E","T","?","M","M","E","M","R_BF","B",null,"M","M","?","$","M","NM","R","E"],"character_chosen":"THE_SILENT","items_purchased":["Pen Nib","Blue Doll","TheAbacus","Hidden Blade","SteroidPotion","EntropicBrew","Dexterity Potion","MerchantsRug","Medical Kit","Gremlin Food","Sadistic Nature","HollowMod:LifeEnderRelic","Shuriken","Chemical X","Pet Ghost","ReplayTheSpireMod:Lightbulb","Deep Breath"],"campfire_rested":1,"item_purchase_floors":[4,4,4,4,4,4,4,4,13,13,13,20,20,20,38,38,38],"current_hp_per_floor":[470,470,467,467,459,459,459,459,459,459,459,459,459,459,459,459,470,470,470,470,470,470,470,463,463,463,470,470,470,470,463,463,463,470,470,470,470,470,470,165,306,0,0],"gold":471,"neow_bonus":"TRANSFORM_TWO_CARDS","is_daily":false,"chose_seed":false,"campfire_upgraded":0,"win_rate":0.0,"timestamp":1609730430,"path_taken":["M","?","M","$","M","E","?","E","T","M","?","E","$","E","R_BF","BOSS","M","M","$","?","M","E","?","E","T","?","M","?","E","M","R_BF","BOSS","M","?","?","$","?","NM","R","E"],"items_purchased_type":["Relic","Relic","Relic","Card","Potion","Potion","Potion","Relic","Relic","Relic","Card","Relic","Relic","Relic","Relic","Relic","Card"],"build_version":"2020-12-22","purchased_purges":0,"victory":false,"max_hp_per_floor":[470,470,470,470,470,470,470,470,470,470,470,470,470,470,470,470,470,470,470,470,470,470,470,470,470,470,470,470,470,470,470,470,470,470,470,470,470,470,470,470,470,470,470],"card_choices":[{"not_picked":["Prepared","Flying Knee"],"picked":"Draining Mist","floor":1},{"not_picked":["Dodge and Roll","PiercingWail"],"picked":"Backstab","floor":3},{"not_picked":["Escape Plan","Crippling Poison","Sneak Up"],"picked":"SKIP","floor":5},{"not_picked":["Deadly Poison","Underhanded Strike","Sneak Up"],"picked":"SKIP","floor":6},{"not_picked":["Deflect","Sucker Punch","Quick Slash"],"picked":"SKIP","floor":7},{"not_picked":["Tactician","Bane","Toxin Wave"],"picked":"SKIP","floor":8},{"not_picked":["Dodge and Roll","Blade Dance","Reflex"],"picked":"SKIP","floor":10},{"not_picked":["Unload","Dagger Spray","Prepared"],"picked":"SKIP","floor":12},{"not_picked":["ReplayTheSpireMod:Speed Training","Skewer","Underhanded Strike"],"picked":"SKIP","floor":14},{"not_picked":["ReplayTheSpireMod:Necrosis","Tools of the Trade"],"picked":"Corpse Explosion","floor":16},{"not_picked":["Backflip","Toxin Wave+1","Underhanded Strike"],"picked":"SKIP","floor":18},{"not_picked":["Blade Dance","Flechettes+1","Outmaneuver"],"picked":"SKIP","floor":19},{"not_picked":["Endless Agony","ReplayTheSpireMod:Shiv Toss","Slice"],"picked":"SKIP","floor":22},{"not_picked":["Replay:Poison Smokescreen+1","Calculated Gamble","Finisher+1"],"picked":"SKIP","floor":23},{"not_picked":["Poisoned Stab+1","Tactician","Prepared+1"],"picked":"SKIP","floor":24},{"not_picked":["Leg Sweep","Corpse Explosion","Dagger Spray+1"],"picked":"SKIP","floor":25},{"not_picked":["Endless Agony+1","Flechettes+1","Choke+1"],"picked":"SKIP","floor":28},{"not_picked":["Flying Knee+1","Backflip","Footwork"],"picked":"SKIP","floor":29},{"not_picked":["Dagger Throw+1","Bane+1","Terror"],"picked":"SKIP","floor":30},{"not_picked":["Quick Slash+1","Calculated Gamble","Well Laid Plans"],"picked":"SKIP","floor":31},{"not_picked":["Burst","ReplayTheSpireMod:From All Sides+1"],"picked":"Night Terror","floor":33},{"not_picked":["Deflect+1","Underhanded Strike+1","Skewer+1"],"picked":"SKIP","floor":35},{"not_picked":["ReplayTheSpireMod:The Works+1","Underhanded Strike+1","Dagger Spray+1"],"picked":"SKIP","floor":36},{"not_picked":["Underhanded Strike+1","infinitespire:Neurotoxin","Bane+1"],"picked":"SKIP","floor":39},{"not_picked":["Predator+1","ReplayTheSpireMod:Shiv Toss","Eviscerate+1"],"picked":"SKIP","floor":40},{"not_picked":["Predator+1","ReplayTheSpireMod:Shiv Toss","Eviscerate+1"],"picked":"SKIP","floor":40}],"player_experience":33036,"relics_obtained":[{"floor":8,"key":"Anchor"},{"floor":9,"key":"infinitespire:EmpoweringShard"},{"floor":12,"key":"Golden Egg"},{"floor":14,"key":"CaptainsWheel"},{"floor":15,"key":"Replay:Rubber Ducky"},{"floor":21,"key":"War Paint"},{"floor":23,"key":"Molten Egg 2"},{"floor":23,"key":"infinitespire:Midas Blood"},{"floor":25,"key":"Paper Crane"},{"floor":25,"key":"infinitespire:PuzzleCube"},{"floor":26,"key":"Bronze Scales"},{"floor":30,"key":"ReplayTheSpireMod:Shallot"},{"floor":30,"key":"Smiling Mask"},{"floor":32,"key":"infinitespire:CursedDice"},{"floor":40,"key":"Grinning Jar"},{"floor":40,"key":"WingedGreaves"}],"event_choices":[{"cards_removed":["Defend_G"],"damage_healed":0,"gold_gain":0,"player_choice":"Purged","damage_taken":0,"max_hp_gain":0,"max_hp_loss":0,"event_name":"Purifier","floor":2,"gold_loss":0},{"damage_healed":0,"gold_gain":0,"player_choice":"Rummage","damage_taken":0,"relics_obtained":["WarpedTongs"],"max_hp_gain":0,"max_hp_loss":0,"event_name":"Accursed Blacksmith","floor":11,"gold_loss":0,"cards_obtained":["Pain"]},{"cards_removed":["Choke"],"damage_healed":7,"gold_gain":0,"player_choice":"Offered Uncommon","damage_taken":0,"max_hp_gain":0,"max_hp_loss":0,"event_name":"Bonfire Elementals","floor":27,"gold_loss":0},{"cards_removed":["Burst"],"damage_healed":0,"gold_gain":0,"player_choice":"Purged","damage_taken":0,"max_hp_gain":0,"max_hp_loss":0,"event_name":"Purifier","floor":37,"gold_loss":0}],"is_beta":false,"boss_relics":[{"not_picked":["Velvet Choker","ReplayTheSpireMod:SealedPack"],"picked":"Black Star"},{"not_picked":["SlaversCollar","Runic Pyramid"],"picked":"Fusion Hammer"}],"items_purged_floors":[],"is_endless":true,"potions_floor_spawned":[5,6,8,10,12,14,18,22,23,28,29],"killed_by":"HollowMod:StalkingDevout","ascension_level":1}}