{"host":"tnsigirk6wurdark","time":1609745007,"event":{"mods":["BaseMod","Highlight Path","Minty Spire (QoL Compilation)","Quick Restart","Relic Sorter","SuperFastMode","Synergy Search"],"gold_per_floor":[117,134,150,167,180,211,230,230,230,274,305,333,358,387,399,485,497,525,550,562,562],"floor_reached":20,"playtime":1490,"items_purged":[],"score":567,"play_id":"f8971e04-8933-4046-b25b-58d9a555d825","local_time":"20210104072327","is_ascension_mode":true,"campfire_choices":[{"data":"Accuracy","floor":15,"key":"SMITH"}],"circlet_count":0,"master_deck":["AscendersBane","Survivor","Neutralize","Accuracy","Blade Dance","Blade Dance","Backflip","Dagger Spray","Accuracy+1","Dagger Spray","Dodge and Roll","Cloak And Dagger","Accuracy","Accuracy","A Thousand Cuts","Flechettes","Calculated Gamble","Deflect","Backstab","Night Terror","Terror","Blur","Grand Finale","Footwork","Cloak And Dagger","Accuracy"],"relics":["Ring of the Snake","Toy Ornithopter","Lantern","Pandora\u0027s Box","Snake Skull","MawBank"],"acts_visited":["TheCity"],"potions_floor_usage":[10,14,14,20],"damage_taken":[{"damage":0.0,"enemies":"Cultist","floor":1.0,"turns":4.0},{"damage":6.0,"enemies":"Jaw Worm","floor":2.0,"turns":6.0},{"damage":0.0,"enemies":"Small Slimes","floor":3.0,"turns":2.0},{"damage":0.0,"enemies":"3 Louse","floor":4.0,"turns":2.0},{"damage":1.0,"enemies":"Looter","floor":5.0,"turns":2.0},{"damage":5.0,"enemies":"Lagavulin","floor":6.0,"turns":7.0},{"damage":12.0,"enemies":"Large Slime","floor":7.0,"turns":4.0},{"damage":0,"enemies":"3 Sentries","floor":10,"turns":3},{"damage":0,"enemies":"Lots of Slimes","floor":11,"turns":2},{"damage":0,"enemies":"Blue Slaver","floor":12,"turns":3},{"damage":2,"enemies":"Looter","floor":13,"turns":3},{"damage":4,"enemies":"Red Slaver","floor":14,"turns":4},{"damage":8,"enemies":"Slime Boss","floor":16,"turns":6},{"damage":22,"enemies":"Chosen","floor":18,"turns":6},{"damage":26,"enemies":"2 Thieves","floor":19,"turns":5},{"damage":26,"enemies":"Shelled Parasite and Fungi","floor":20,"turns":2}],"seed_played":"-8478787509647154140","potions_obtained":[{"floor":3.0,"key":"Fruit Juice"},{"floor":4.0,"key":"Block Potion"},{"floor":5.0,"key":"DistilledChaos"},{"floor":7.0,"key":"Strength Potion"},{"floor":11,"key":"ColorlessPotion"},{"floor":14,"key":"Fruit Juice"},{"floor":18,"key":"Swift Potion"}],"is_trial":false,"path_per_floor":["M","M","M","M","M","E","M","?","T","E","M","M","M","M","R","B",null,"M","M","M"],"character_chosen":"THE_SILENT","items_purchased":[],"campfire_rested":0,"item_purchase_floors":[],"current_hp_per_floor":[59,53,53,58,57,52,40,40,40,45,45,45,43,54,54,46,69,47,21,0,0],"gold":562,"neow_bonus":"RANDOM_COMMON_RELIC","is_daily":false,"chose_seed":false,"campfire_upgraded":1,"win_rate":0.0,"timestamp":1609745007,"path_taken":["M","M","?","M","M","E","M","?","T","E","M","M","M","M","R","BOSS","M","M","M"],"items_purchased_type":[],"build_version":"2020-12-22","purchased_purges":0,"victory":false,"max_hp_per_floor":[66,66,66,71,71,71,71,71,71,71,71,71,71,76,76,76,76,76,76,76,76],"card_choices":[{"not_picked":["Outmaneuver","Dagger Throw"],"picked":"Accuracy","floor":1.0},{"not_picked":["Reflex","Sucker Punch"],"picked":"Blade Dance","floor":2.0},{"not_picked":["Eviscerate","Underhanded Strike"],"picked":"Blade Dance","floor":3.0},{"not_picked":["Concentrate","Blur"],"picked":"Backflip","floor":4.0},{"not_picked":["Dagger Throw","Prepared"],"picked":"Dagger Spray","floor":5.0},{"not_picked":["Envenom","Dash"],"picked":"Accuracy","floor":6.0},{"not_picked":["Concentrate","Dagger Throw"],"picked":"Dagger Spray","floor":7.0},{"not_picked":["Poisoned Stab","Catalyst"],"picked":"Dodge and Roll","floor":10},{"not_picked":["Sucker Punch","Dodge and Roll"],"picked":"Cloak And Dagger","floor":11},{"not_picked":["Caltrops","Deadly Poison"],"picked":"Accuracy","floor":12},{"not_picked":["PiercingWail","Underhanded Strike"],"picked":"Accuracy","floor":13},{"not_picked":["Dagger Throw","Underhanded Strike","Noxious Fumes"],"picked":"SKIP","floor":14},{"not_picked":["Glass Knife","Adrenaline"],"picked":"A Thousand Cuts","floor":16},{"not_picked":["Terror","Tactician"],"picked":"Cloak And Dagger","floor":18},{"not_picked":["Choke+1","Heel Hook"],"picked":"Accuracy","floor":19}],"player_experience":633283,"relics_obtained":[{"floor":6.0,"key":"Toy Ornithopter"},{"floor":9.0,"key":"MawBank"},{"floor":10,"key":"Snake Skull"}],"event_choices":[{"cards_removed":["Strike_G"],"damage_healed":0.0,"max_hp_gain":0.0,"max_hp_loss":0.0,"gold_gain":0.0,"event_name":"Living Wall","player_choice":"Forget","floor":8.0,"gold_loss":0.0,"damage_taken":0.0}],"is_beta":false,"boss_relics":[{"not_picked":["Velvet Choker","Empty Cage"],"picked":"Pandora\u0027s Box"}],"items_purged_floors":[],"is_endless":false,"potions_floor_spawned":[3,4,5,7,11,14,18],"killed_by":"Shelled Parasite and Fungi","ascension_level":14}}