{"host":"mzp3pvw1g1kyjyte","time":1609753186,"event":{"mods":["AchievementEnabler","Arknights The Spire","BaseMod","Colored Powertips","Highlight Path","Minty Spire (QoL Compilation)","Quick Restart","Relic Stats","Remilia£®¿Ÿ√◊¿Ú—«£©","Shop Mod","StSLib","SuperFastMode","TestMod","[IsaacMod]“‘»ˆº‚À˛"],"gold_per_floor":[115,127,145,106,106,106,106],"floor_reached":6,"playtime":207,"items_purged":[],"score":38,"play_id":"4ee6c993-80c0-4bcc-b4cc-2cdfc1d38a98","local_time":"20210104173946","is_ascension_mode":true,"campfire_choices":[],"circlet_count":0,"master_deck":["Strike_RM","Strike_RM","Strike_RM","Strike_RM","Defend_RM","Defend_RM+1","Defend_RM","Defend_RM","RedMoon","ScarletShoot+1","SuicideKing","Septette","StarOfDavid","TwelveNightmare","NightLord"],"relics":["ScarletHat","HushsDoor","testmod-TestBox","Damocles","testmod-NegativeEmotionEnhancer","NeowsBlessing","DoctorsRemote","testmod-LifeArmor","testmod-Antiphasic"],"acts_visited":["Exordium"],"potions_floor_usage":[],"damage_taken":[{"damage":0,"enemies":"Cultist","floor":1,"turns":1},{"damage":0,"enemies":"Small Slimes","floor":2,"turns":1},{"damage":0,"enemies":"Jaw Worm","floor":3,"turns":1},{"damage":17,"enemies":"Gremlin Nob","floor":6,"turns":3}],"seed_played":"-527369743728161715","potions_obtained":[{"floor":2,"key":"BlessingOfTheForge"}],"is_trial":false,"path_per_floor":["M","M","M","$","?","E"],"character_chosen":"REMILIA","items_purchased":["NightLord"],"campfire_rested":0,"item_purchase_floors":[4],"current_hp_per_floor":[76,77,78,78,62,0,0],"gold":106,"neow_bonus":"THREE_ENEMY_KILL","is_daily":false,"chose_seed":false,"campfire_upgraded":0,"win_rate":0.0,"timestamp":1609753186,"path_taken":["M","?","M","$","?","E"],"items_purchased_type":["Card"],"build_version":"2020-12-22","purchased_purges":0,"victory":false,"max_hp_per_floor":[76,77,78,78,78,78,78],"relic_stats":{"counters":[4,6],"obtain_stats":[{"KeepersGift":0,"Damocles":0,"DoctorsRemote":1,"testmod-Antiphasic":3,"testmod-TestBox":0,"NeowsBlessing":0,"testmod-LifeArmor":2,"testmod-NegativeEmotionEnhancer":0,"HushsDoor":0,"ScarletHat":0},{"KeepersGift":0,"Damocles":0,"DoctorsRemote":1,"testmod-Antiphasic":3,"testmod-TestBox":0,"NeowsBlessing":0,"testmod-LifeArmor":2,"testmod-NegativeEmotionEnhancer":0,"HushsDoor":0,"ScarletHat":0},{"KeepersGift":0,"Damocles":0,"DoctorsRemote":1,"testmod-Antiphasic":3,"testmod-TestBox":0,"NeowsBlessing":0,"testmod-LifeArmor":2,"testmod-NegativeEmotionEnhancer":0,"HushsDoor":0,"ScarletHat":0}]},"card_choices":[{"not_picked":[],"picked":"SuicideKing","floor":0},{"not_picked":["Stigmanizer","UnstableMagic"],"picked":"Septette","floor":1},{"not_picked":["ScarletDevil","EndlessAdversity"],"picked":"StarOfDavid","floor":2},{"not_picked":["UnstableMagic","ScarletImprint"],"picked":"TwelveNightmare","floor":3}],"player_experience":20758,"relics_obtained":[{"floor":1,"key":"DoctorsRemote"},{"floor":2,"key":"testmod-LifeArmor"},{"floor":3,"key":"testmod-Antiphasic"}],"event_choices":[{"damage_healed":0,"gold_gain":0,"player_choice":"Entered Light","damage_taken":16,"max_hp_gain":0,"max_hp_loss":0,"event_name":"Shining Light","floor":5,"gold_loss":0,"cards_upgraded":["ScarletShoot","Defend_RM"]}],"is_beta":false,"boss_relics":[],"items_purged_floors":[],"is_endless":false,"potions_floor_spawned":[2],"killed_by":"Gremlin Nob","ascension_level":1}}