{"host":"29nokk5suv5vtcrv","time":1609778758,"event":{"mods":["BaseMod","Minty Spire (QoL Compilation)","Slay-I"],"gold_per_floor":[214,214,214,229,245,245,256,256,279,279,292,312,322,253,253,352,352,340,186,199,199,213,213,312,312,312,312,327,341,341,341],"floor_reached":30,"playtime":1843,"items_purged":[],"score":372,"play_id":"0bdc0125-b252-4105-bcf4-8f4bea430f85","local_time":"20210104174558","is_ascension_mode":true,"campfire_choices":[{"data":"Noxious Fumes","floor":6,"key":"SMITH"},{"data":"Dash","floor":8,"key":"SMITH"},{"data":"Neutralize","floor":10,"key":"SMITH"},{"data":"Blur","floor":15,"key":"SMITH"},{"floor":23,"key":"REST"}],"circlet_count":0,"master_deck":["AscendersBane","Strike_G","Strike_G","Strike_G","Strike_G","Defend_G","Defend_G","Defend_G","Survivor+1","Neutralize+1","Dash+1","Noxious Fumes+1","Blur+1","Leg Sweep","Noxious Fumes","Bullet Time","Forethought","Noxious Fumes","Poisoned Stab","Envenom"],"relics":["Ring of the Snake","Empty Cage","Mango","Nloth\u0027s Gift"],"acts_visited":["Exordium","TheCity"],"potions_floor_usage":[12,18,29,29,30],"damage_taken":[{"damage":0,"enemies":"2 Louse","floor":1,"turns":4},{"damage":0,"enemies":"Cultist","floor":4,"turns":4},{"damage":2,"enemies":"Small Slimes","floor":5,"turns":4},{"damage":6,"enemies":"Looter","floor":7,"turns":4},{"damage":0,"enemies":"Red Slaver","floor":11,"turns":4},{"damage":4,"enemies":"Gremlin Gang","floor":12,"turns":4},{"damage":8,"enemies":"Lots of Slimes","floor":13,"turns":5},{"damage":2,"enemies":"Hexaghost","floor":16,"turns":11},{"damage":3,"enemies":"2 Thieves","floor":18,"turns":4},{"damage":28,"enemies":"Spheric Guardian","floor":20,"turns":7},{"damage":14,"enemies":"Shelled Parasite and Fungi","floor":22,"turns":8},{"damage":18,"enemies":"Chosen and Byrds","floor":28,"turns":6},{"damage":40,"enemies":"3 Cultists","floor":29,"turns":5},{"damage":10,"enemies":"Cultist and Chosen","floor":30,"turns":3}],"seed_played":"-5302054769956270101","potions_obtained":[{"floor":7,"key":"CunningPotion"},{"floor":11,"key":"AttackPotion"},{"floor":12,"key":"BlessingOfTheForge"},{"floor":28,"key":"SkillPotion"},{"floor":29,"key":"SkillPotion"}],"is_trial":false,"path_per_floor":["M","?","$","M","M","R","M","R","T","R","M","M","M","$","R","B",null,"M","$","M","?","M","R","?","$","T","?","M","M","M"],"character_chosen":"THE_SILENT","items_purchased":["Noxious Fumes","Forethought","Noxious Fumes"],"campfire_rested":1,"item_purchase_floors":[14,19,19],"current_hp_per_floor":[63,63,63,63,61,61,55,55,62,62,62,58,50,50,50,48,70,67,67,39,39,25,48,48,48,62,62,44,4,0,0],"gold":341,"neow_bonus":"HUNDRED_GOLD","is_daily":false,"chose_seed":false,"campfire_upgraded":4,"win_rate":0.0,"timestamp":1609778758,"path_taken":["M","?","$","M","M","R","M","R","T","R","?","M","M","$","R","BOSS","M","$","?","?","M","R","?","$","T","?","M","?","?"],"items_purchased_type":["Card","Card","Card"],"build_version":"2020-12-22","purchased_purges":0,"victory":false,"max_hp_per_floor":[70,70,70,70,70,70,70,70,77,77,77,77,77,77,77,77,77,77,77,77,77,77,77,77,77,91,91,91,91,91,91],"card_choices":[{"not_picked":["Prepared","Dagger Spray"],"picked":"Dash","floor":1},{"not_picked":["Setup","Deflect"],"picked":"Noxious Fumes","floor":4},{"not_picked":["Flying Knee","Blade Dance","Slice"],"picked":"SKIP","floor":5},{"not_picked":["Predator","Blade Dance","Distraction"],"picked":"SKIP","floor":7},{"not_picked":["Deadly Poison","Caltrops"],"picked":"Blur","floor":11},{"not_picked":["Deflect","Reflex","Endless Agony"],"picked":"SKIP","floor":12},{"not_picked":["Outmaneuver","Poisoned Stab"],"picked":"Leg Sweep","floor":13},{"not_picked":["Unload","A Thousand Cuts"],"picked":"Bullet Time","floor":16},{"not_picked":["Deflect","Caltrops","Acrobatics"],"picked":"SKIP","floor":18},{"not_picked":["Deflect","Flying Knee","Underhanded Strike"],"picked":"SKIP","floor":20},{"not_picked":["Endless Agony","Escape Plan"],"picked":"Poisoned Stab","floor":22},{"not_picked":["Cloak And Dagger","Malaise","Prepared"],"picked":"SKIP","floor":28},{"not_picked":["Malaise","Acrobatics"],"picked":"Envenom","floor":29}],"player_experience":855794,"relics_obtained":[{"floor":9,"key":"Strawberry"},{"floor":26,"key":"Mango"}],"event_choices":[{"damage_healed":0,"gold_gain":0,"player_choice":"Upgraded","damage_taken":0,"max_hp_gain":0,"max_hp_loss":0,"event_name":"Upgrade Shrine","floor":2,"gold_loss":0,"cards_upgraded":["Survivor"]},{"cards_removed":["Strike_G"],"damage_healed":0,"gold_gain":0,"player_choice":"Elegance","damage_taken":0,"max_hp_gain":0,"max_hp_loss":0,"event_name":"Back to Basics","floor":21,"gold_loss":0},{"damage_healed":0,"gold_gain":99,"player_choice":"Stole From Cult","damage_taken":0,"max_hp_gain":0,"max_hp_loss":0,"event_name":"Nest","floor":24,"gold_loss":0},{"damage_healed":0,"gold_gain":0,"player_choice":"Traded Relic","damage_taken":0,"relics_obtained":["Nloth\u0027s Gift"],"max_hp_gain":0,"max_hp_loss":0,"event_name":"N\u0027loth","floor":27,"relics_lost":["Strawberry"],"gold_loss":0}],"is_beta":false,"boss_relics":[{"not_picked":["Coffee Dripper","Cursed Key"],"picked":"Empty Cage"}],"items_purged_floors":[],"is_endless":false,"potions_floor_spawned":[7,11,12,28,29],"killed_by":"Cultist and Chosen","ascension_level":11}}