{"host":"9d9dhukr2jywmy0f","time":1609775679,"event":{"mods":["2.2 Compatiblity","Alarm Clock","BaseMod","Bestiary","Block Reminder","Colored Map","Colored Powertips","Curses Come First","DeckTracker","Highlight Path","Infinite Spire","Key Reminder","Keyboard Shortcuts","Minty Spire (QoL Compilation)","MonsterHotkey","Quick Restart","Rare Cards Sparkle","Relic Sorter","Relic Stats","Spire Birthday Party","StSLib","SuperFastMode","Synergy Search","Unceasing Turn Reminder","Unknown Chances"],"gold_per_floor":[116,116,13,13,13,41,41,74,120,120,120,120,132,149,149,151,151],"floor_reached":16,"playtime":238,"items_purged":["Strike_R"],"score":312,"play_id":"4e7ec07a-f767-476e-a1d3-ed0c37ef9b3f","local_time":"20210104235439","is_ascension_mode":true,"campfire_choices":[{"data":"Armaments","floor":7,"key":"SMITH"},{"floor":10,"key":"RECALL"},{"data":"Strike_R","floor":12,"key":"SMITH"},{"data":"Hemokinesis","floor":15,"key":"SMITH"}],"circlet_count":0,"master_deck":["AscendersBane","Strike_R","Strike_R","Strike_R+1","Defend_R","Defend_R","Defend_R","Defend_R","Bash+1","Armaments+1","Berserk","Hemokinesis+1"],"relics":["Burning Blood","NeowsBlessing","Matryoshka","keyreminder:keyreminder","infinitespire:Midas Blood","Boot","infinitespire:Satchel"],"acts_visited":["Exordium"],"potions_floor_usage":[],"damage_taken":[{"damage":0,"enemies":"Cultist","floor":1,"turns":1},{"damage":0,"enemies":"Lagavulin","floor":6,"turns":1},{"damage":0,"enemies":"3 Sentries","floor":8,"turns":2},{"damage":7,"enemies":"Small Slimes","floor":13,"turns":4},{"damage":0,"enemies":"2 Louse","floor":14,"turns":4},{"damage":2,"enemies":"Slime Boss","floor":16,"turns":3}],"seed_played":"8116678140331093562","potions_obtained":[{"floor":13,"key":"AttackPotion"}],"is_trial":false,"path_per_floor":["M","?","$","?","$","E","R","E","T","R","?","R","M","M","R","B"],"character_chosen":"IRONCLAD","items_purchased":["Armaments"],"campfire_rested":0,"item_purchase_floors":[3],"current_hp_per_floor":[74,67,67,72,72,78,78,80,80,80,80,80,79,80,80,78,78],"gold":151,"neow_bonus":"THREE_ENEMY_KILL","is_daily":false,"chose_seed":false,"campfire_upgraded":3,"win_rate":0.0,"timestamp":1609775679,"path_taken":["M","?","$","?","$","E","R","E","T","R","?","R","M","M","R","BOSS"],"items_purchased_type":["Card"],"build_version":"2020-11-30","purchased_purges":1,"victory":false,"max_hp_per_floor":[75,75,75,80,80,80,80,80,80,80,80,80,80,80,80,80,80],"relic_stats":{"counters":[6,15],"Boot":[0],"obtain_stats":[{"keyreminder:keyreminder":6,"Matryoshka":6,"NeowsBlessing":0,"infinitespire:Satchel":9,"Boot":9,"Burning Blood":0,"infinitespire:Midas Blood":8},{"keyreminder:keyreminder":2,"Matryoshka":2,"NeowsBlessing":0,"infinitespire:Satchel":3,"Boot":3,"Burning Blood":0,"infinitespire:Midas Blood":3},{"keyreminder:keyreminder":2,"Matryoshka":2,"NeowsBlessing":0,"infinitespire:Satchel":4,"Boot":4,"Burning Blood":0,"infinitespire:Midas Blood":4}],"Burning Blood":21},"card_choices":[{"not_picked":["Heavy Blade","Wild Strike","True Grit"],"picked":"SKIP","floor":1},{"not_picked":["Sword Boomerang","Cleave","Perfected Strike"],"picked":"SKIP","floor":6},{"not_picked":["Cleave","Heavy Blade","Flex"],"picked":"SKIP","floor":8},{"not_picked":["Sword Boomerang","Dark Embrace"],"picked":"Berserk","floor":13},{"not_picked":["Perfected Strike","Anger"],"picked":"Hemokinesis","floor":14}],"player_experience":770983,"relics_obtained":[{"floor":6,"key":"Matryoshka"},{"floor":8,"key":"infinitespire:Midas Blood"},{"floor":9,"key":"Boot"},{"floor":9,"key":"infinitespire:Satchel"}],"event_choices":[{"cards_removed":["Strike_R"],"damage_healed":0,"gold_gain":0,"player_choice":"Card Removal","damage_taken":7,"max_hp_gain":0,"max_hp_loss":0,"event_name":"Golden Wing","floor":2,"gold_loss":0},{"damage_healed":0,"gold_gain":0,"player_choice":"Donut","damage_taken":0,"max_hp_gain":5,"max_hp_loss":0,"event_name":"Big Fish","floor":4,"gold_loss":0},{"damage_healed":0,"gold_gain":0,"player_choice":"Forge","damage_taken":0,"max_hp_gain":0,"max_hp_loss":0,"event_name":"Accursed Blacksmith","floor":11,"gold_loss":0,"cards_upgraded":["Bash"]}],"is_beta":false,"boss_relics":[],"items_purged_floors":[3],"is_endless":false,"potions_floor_spawned":[13],"killed_by":"Slime Boss","ascension_level":20}}