{"host":"nukjzc0ca34w6eem","time":1609750189,"event":{"mods":["2.2 Compatiblity","AchievementEnabler","BaseMod","Colored Powertips","Minty Spire (QoL Compilation)","StSLib"],"gold_per_floor":[115,115,128,78,8,40,40,1,28,28,28,58,133,144,144,247,247,259,273,293,143,157,157,176,176,176,194,26,26,41,58,58,163,163,174,193,293,303,145,178,178,178,178],"floor_reached":42,"playtime":2848,"items_purged":["Strike_B","Strike_B"],"score":770,"play_id":"a5b6e7d1-21dc-4754-a436-3d4dd71d9727","local_time":"20210104004949","is_ascension_mode":true,"campfire_choices":[{"data":"White Noise","floor":7.0,"key":"SMITH"},{"data":"Dualcast","floor":10.0,"key":"SMITH"},{"data":"Redo","floor":15.0,"key":"SMITH"},{"floor":23.0,"key":"REST"},{"floor":25.0,"key":"REST"},{"data":"Creative AI","floor":32.0,"key":"SMITH"},{"floor":41,"key":"REST"}],"circlet_count":0,"master_deck":["AscendersBane","Defend_B+1","Defend_B+1","Zap","Dualcast+1","White Noise+1","White Noise+1","Coolheaded","Cold Snap","Force Field","Doom and Gloom","Redo+1","Creative AI+1","Capacitor","Electrodynamics","Double Energy+1","Self Repair+1","Glacier","Reboot","Reinforced Body+1","Compile Driver+1","Melter+1","Capacitor+1","White Noise+1","Ball Lightning","Loop"],"relics":["Cracked Core","NeowsBlessing","War Paint","Matryoshka","Snecko Eye","MealTicket","Omamori","Strawberry","Astrolabe","Bottled Tornado"],"acts_visited":["Exordium","TheCity","TheBeyond"],"potions_floor_usage":[40],"damage_taken":[{"damage":0.0,"enemies":"Cultist","floor":1.0,"turns":1.0},{"damage":0.0,"enemies":"Jaw Worm","floor":3.0,"turns":1.0},{"damage":0.0,"enemies":"Gremlin Nob","floor":6.0,"turns":1.0},{"damage":27.0,"enemies":"Lagavulin","floor":12.0,"turns":5.0},{"damage":3.0,"enemies":"Small Slimes","floor":14.0,"turns":3.0},{"damage":0.0,"enemies":"The Guardian","floor":16.0,"turns":8.0},{"damage":5.0,"enemies":"Shell Parasite","floor":18.0,"turns":6.0},{"damage":33.0,"enemies":"2 Thieves","floor":19.0,"turns":4.0},{"damage":11.0,"enemies":"Cultist and Chosen","floor":20.0,"turns":5.0},{"damage":3.0,"enemies":"Snecko","floor":22.0,"turns":4.0},{"damage":18.0,"enemies":"Chosen and Byrds","floor":24.0,"turns":6.0},{"damage":13.0,"enemies":"Sentry and Sphere","floor":27.0,"turns":4.0},{"damage":17.0,"enemies":"Shelled Parasite and Fungi","floor":30.0,"turns":5.0},{"damage":10.0,"enemies":"Centurion and Healer","floor":31.0,"turns":6.0},{"damage":42.0,"enemies":"Champ","floor":33.0,"turns":11.0},{"damage":9.0,"enemies":"3 Shapes","floor":35.0,"turns":2.0},{"damage":7.0,"enemies":"Orb Walker","floor":36.0,"turns":5.0},{"damage":9.0,"enemies":"4 Shapes","floor":38.0,"turns":2.0},{"damage":40,"enemies":"Reptomancer","floor":40,"turns":10},{"damage":71,"enemies":"Nemesis","floor":42,"turns":9}],"seed_played":"-8075269659690266975","potions_obtained":[{"floor":6.0,"key":"FocusPotion"},{"floor":12.0,"key":"SneckoOil"},{"floor":14.0,"key":"PowerPotion"},{"floor":19.0,"key":"Explosive Potion"},{"floor":22.0,"key":"Ancient Potion"},{"floor":31.0,"key":"AttackPotion"},{"floor":38.0,"key":"LiquidMemories"}],"is_trial":false,"path_per_floor":["M","?","M","?","$","E","R","$","T","R","?","E","?","M","R","B",null,"M","M","M","$","M","R","M","R","T","M","$","?","M","M","R","B",null,"M","M","?","M","$","E","R","E"],"character_chosen":"DEFECT","items_purchased":["Coolheaded","Cold Snap","Doom and Gloom","Electrodynamics","Glacier","Ball Lightning","Loop","Dexterity Potion"],"campfire_rested":3,"item_purchase_floors":[5,5,8,21,28,39,39,39],"current_hp_per_floor":[68,68,68,68,68,68,68,68,68,68,73,46,35,32,32,32,68,63,30,19,19,16,40,22,46,46,33,48,55,48,48,48,16,69,60,63,63,54,69,39,65,0,0],"gold":178,"neow_bonus":"THREE_ENEMY_KILL","is_daily":false,"chose_seed":false,"campfire_upgraded":4,"win_rate":0.0,"timestamp":1609750189,"path_taken":["M","?","?","?","$","E","R","?","T","R","?","E","?","M","R","BOSS","M","M","M","$","M","R","M","R","T","M","$","?","M","M","R","BOSS","M","M","?","M","$","E","R","E"],"items_purchased_type":["Card","Card","Card","Card","Card","Card","Card","Potion"],"build_version":"2020-12-22","purchased_purges":2,"victory":false,"max_hp_per_floor":[75,75,75,75,75,75,75,75,75,75,80,80,80,80,80,80,80,80,80,80,80,80,80,80,80,80,80,80,87,87,87,87,87,87,87,87,87,87,87,87,87,87,87],"card_choices":[{"not_picked":["Rebound","Turbo"],"picked":"White Noise","floor":1.0},{"not_picked":["Stack","Hologram"],"picked":"White Noise","floor":3.0},{"not_picked":["Cold Snap","Stack"],"picked":"Force Field","floor":6.0},{"not_picked":["Rebound","Reprogram"],"picked":"Redo","floor":12.0},{"not_picked":["Go for the Eyes","Beam Cell","Cold Snap"],"picked":"SKIP","floor":14.0},{"not_picked":["Seek","Multi-Cast"],"picked":"Creative AI","floor":16.0},{"not_picked":["Go for the Eyes+1","Hologram+1","Coolheaded"],"picked":"SKIP","floor":18.0},{"not_picked":["Rebound","All For One","Streamline"],"picked":"SKIP","floor":19.0},{"not_picked":["Double Energy","Rebound"],"picked":"Capacitor","floor":20.0},{"not_picked":["Beam Cell+1","Sweeping Beam","Cold Snap"],"picked":"SKIP","floor":22.0},{"not_picked":["FTL","Steam Power"],"picked":"Double Energy+1","floor":24.0},{"not_picked":["Beam Cell","Ball Lightning"],"picked":"Self Repair+1","floor":27.0},{"not_picked":["Go for the Eyes","Streamline","Scrape"],"picked":"SKIP","floor":30.0},{"not_picked":["Glacier","Sweeping Beam","Steam"],"picked":"SKIP","floor":31.0},{"not_picked":["Meteor Strike","Buffer"],"picked":"Reboot","floor":33.0},{"not_picked":["Conserve Battery+1","Genetic Algorithm+1"],"picked":"Capacitor+1","floor":35.0},{"not_picked":["Steam","Go for the Eyes+1","Gash+1"],"picked":"SKIP","floor":36.0},{"not_picked":["Turbo+1","Undo+1"],"picked":"White Noise+1","floor":38.0},{"not_picked":["Self Repair","Compile Driver","Beam Cell+1"],"picked":"SKIP","floor":40}],"player_experience":239391,"relics_obtained":[{"floor":6.0,"key":"War Paint"},{"floor":12.0,"key":"Matryoshka"},{"floor":26.0,"key":"MealTicket"},{"floor":26.0,"key":"Omamori"},{"floor":40,"key":"Bottled Tornado"}],"event_choices":[{"damage_healed":0.0,"max_hp_gain":0.0,"max_hp_loss":0.0,"gold_gain":0.0,"event_name":"Upgrade Shrine","player_choice":"Upgraded","floor":2.0,"gold_loss":0.0,"damage_taken":0.0,"cards_upgraded":["White Noise"]},{"cards_removed":["Defend_B"],"damage_healed":0.0,"max_hp_gain":0.0,"max_hp_loss":0.0,"gold_gain":0.0,"event_name":"The Cleric","player_choice":"Card Removal","floor":4.0,"gold_loss":50.0,"damage_taken":0.0},{"damage_healed":0.0,"max_hp_gain":5.0,"max_hp_loss":0.0,"gold_gain":0.0,"event_name":"Big Fish","player_choice":"Donut","floor":11.0,"gold_loss":0.0,"damage_taken":0.0},{"damage_healed":0.0,"max_hp_gain":0.0,"max_hp_loss":0.0,"gold_gain":75.0,"event_name":"World of Goop","player_choice":"Gather Gold","floor":13.0,"gold_loss":0.0,"damage_taken":11.0},{"damage_healed":0.0,"max_hp_gain":0.0,"max_hp_loss":0.0,"gold_gain":0.0,"event_name":"WeMeetAgain","player_choice":"Gave Potion","floor":29.0,"gold_loss":0.0,"damage_taken":0.0,"relics_obtained":["Strawberry"]},{"damage_healed":0.0,"max_hp_gain":0.0,"max_hp_loss":0.0,"gold_gain":100.0,"event_name":"Golden Shrine","player_choice":"Pray","floor":37.0,"gold_loss":0.0,"damage_taken":0.0}],"is_beta":false,"boss_relics":[{"not_picked":["Pandora\u0027s Box","Nuclear Battery"],"picked":"Snecko Eye"},{"not_picked":["Runic Pyramid","Calling Bell"],"picked":"Astrolabe"}],"items_purged_floors":[21,28],"is_endless":false,"potions_floor_spawned":[6,12,14,19,22,27,31,38],"killed_by":"Nemesis","ascension_level":10}}