{"host":"80x1ozqd5wpd4nvo","time":1609792137,"event":{"mods":["2.2 Compatiblity","Aspiration","BaseMod","Better Altar","Better Match","Better Note","Better Sensory Stone","Better Skull","Better Third Choice","BetterRewards","Card Forge","Custom Start","DNKmod","Defuse TimeMaze Blight","Dota2Spire","Duelist Mod","Energized Spire","Friendly Minions","GifTheSpireLib","Hubris","Infinite Spire","Minty Spire (QoL Compilation)","Permanent Neow","Shop Mod","Spicy Shops","StSLib","The Blue Laboratory","??????REMEMod"],"gold_per_floor":[1210,338,392,392,403,434,444,478,478,498,509,52,62,75,75,170,170,185,198,227,227,238,238,264,189,242,271,271,290,317,336,336,441,441,457,457,507,559,579,611,631,591,591,591,607,639,639,656,656,656,656,656,41,81,81],"floor_reached":56,"playtime":3943,"items_purged":[],"score":1820,"play_id":"b635fec3-9ca6-4880-ac9c-abd8c5cd7f37","local_time":"20210104212857","is_ascension_mode":true,"campfire_choices":[{"data":"theDuelist:HeavyMechSupportPlatform","floor":15,"key":"SMITH"},{"data":"theDuelist:PotGreed","floor":23,"key":"SMITH"},{"data":"theDuelist:RedMedicine","floor":32,"key":"SMITH"},{"floor":44,"key":"RECALL"},{"data":"theDuelist:OrcustCrescendo","floor":49,"key":"SMITH"},{"data":"theDuelist:CyberneticFusion","floor":52,"key":"SMITH"}],"circlet_count":0,"master_deck":["theDuelist:WonderGarage+1","theDuelist:Oilman+1","theDuelist:Flashbang+1","theDuelist:Geargiauger+1","theDuelist:HeavyMechSupportPlatform+1","theDuelist:Biofalcon+1","theDuelist:Deskbot005+1","infinitespire:Gouge","theDuelist:GoldenBlastJuggler+1","theDuelist:GreenGadget+1","theDuelist:DarkFactory+1","theDuelist:ZONE+1","theDuelist:CastleWalls+1","theDuelist:CardsFromTheSky+1","theDuelist:GravityLash+1","theDuelist:TurretWarrior","theDuelist:FluxToken+1","theDuelist:AncientGearReactorDragon+1","theDuelist:Deskbot004+1","hubris:Greed","theDuelist:Mixeroid+1","theDuelist:RedMedicine+1","theDuelist:GravityLash","theDuelist:AncientGearWorkshop+1","theDuelist:TokenVacuum","theDuelist:YellowGadget+1","theDuelist:JunkKuriboh+1","theDuelist:Deskbot003+1","theDuelist:MachineKing+1","theDuelist:JunkWarrior+1","theDuelist:MetalDragon+1","theDuelist:Hinotama","theDuelist:JinzoLord+1","theDuelist:CastleWalls","theDuelist:SatelliteCannon+1","theDuelist:GoldGadget+1","theDuelist:JunkKuriboh+1","theDuelist:Sparks","theDuelist:RoboticKnight+1","theDuelist:ShardGreed+1","theDuelist:BlastWithChain+1","theDuelist:AirCrackingStorm+1","theDuelist:Factory100Machines","theDuelist:GravityBlaster+1","theDuelist:Deskbot005+1","theDuelist:Deskbot004+1","theDuelist:StimPack+1","theDuelist:PotGreed+1","theDuelist:CyberneticFusion+1","theDuelist:OrcustCrescendo+1","theDuelist:PineappleBlast+1","theDuelist:RevolvingSwitchyard+1","theDuelist:SlotMachine+1","theDuelist:SwordsConcealing+1"],"relics":["theDuelist:MillenniumPuzzle","theDuelist:CardPoolRelic","theDuelist:CardPoolBasicRelic","theDuelist:BoosterPackPoolRelic","theDuelist:CardPoolAddRelic","theDuelist:CardPoolMinusRelic","theDuelist:CardPoolSaveRelic","theDuelist:CardPoolOptionsRelic","Hammer of Thor","Seething Fire","Anvil of the Gods","REME_ComplimentaryCards","Oddly Smooth Stone","aspiration:HummingbirdHeart","HandDrill","Red Skull","aspiration:AnachronicSnailShell","Unceasing Top","Du-Vu Doll","theDuelist:BoosterBetterBoostersRelic","Dota2Spire:PhaseBoots","aspiration:HatOfInfinitePower","Dota2Spire:MonkeyKingBar","theDuelist:ZoneToken","SlaversCollar","Red Mask","theDuelist:BlessingAnubis","REME_PuzzleBoxRelic","War Paint","theDuelist:MillenniumScale","Dota2Spire:AssaultCuirass","theDuelist:GamblerChip","Ginger","hubris:Potato","Dota2Spire:MagicBottle","Frozen Egg 2","hubris:Teleporter","Runic Capacitor","theDuelist:MillenniumArmor","Whetstone","Happy Flower"],"acts_visited":["Exordium","TheCity","TheBeyond","TheEnding"],"potions_floor_usage":[3,6,8,35,41,50,50,50,55],"damage_taken":[{"damage":0,"enemies":"Cultist","floor":1,"turns":3},{"damage":0,"enemies":"Cultist","floor":3,"turns":9},{"damage":0,"enemies":"Small Slimes","floor":5,"turns":3},{"damage":0,"enemies":"3 Sentries","floor":6,"turns":4},{"damage":0,"enemies":"Jaw Worm","floor":7,"turns":1},{"damage":50,"enemies":"Gremlin Nob","floor":8,"turns":7},{"damage":0,"enemies":"2 Fungi Beasts","floor":10,"turns":1},{"damage":0,"enemies":"Looter","floor":11,"turns":2},{"damage":0,"enemies":"Large Slime","floor":13,"turns":1},{"damage":0,"enemies":"Exordium Wildlife","floor":14,"turns":1},{"damage":2,"enemies":"The Guardian","floor":16,"turns":2},{"damage":0,"enemies":"Spheric Guardian","floor":18,"turns":1},{"damage":0,"enemies":"Shell Parasite","floor":19,"turns":2},{"damage":0,"enemies":"Masked Bandits","floor":20,"turns":3},{"damage":10,"enemies":"Centurion and Healer","floor":22,"turns":3},{"damage":0,"enemies":"theDuelist:KaibaA2","floor":24,"turns":2},{"damage":0,"enemies":"Gremlin Leader","floor":27,"turns":2},{"damage":0,"enemies":"Snake Plant","floor":29,"turns":1},{"damage":0,"enemies":"Slavers","floor":30,"turns":2},{"damage":0,"enemies":"Snecko","floor":31,"turns":1},{"damage":0,"enemies":"Champ","floor":33,"turns":3},{"damage":0,"enemies":"3 Shapes","floor":35,"turns":1},{"damage":0,"enemies":"Mind Bloom Boss Battle","floor":37,"turns":3},{"damage":0,"enemies":"2 Orb Walkers","floor":38,"turns":2},{"damage":0,"enemies":"Orb Walker","floor":39,"turns":2},{"damage":1,"enemies":"Nemesis","floor":40,"turns":6},{"damage":0,"enemies":"Sphere and 2 Shapes","floor":41,"turns":3},{"damage":0,"enemies":"Transient","floor":45,"turns":5},{"damage":0,"enemies":"Giant Head","floor":46,"turns":3},{"damage":0,"enemies":"Jaw Worm Horde","floor":48,"turns":2},{"damage":9,"enemies":"Donu and Deca","floor":50,"turns":6},{"damage":9,"enemies":"Shield and Spear","floor":54,"turns":4},{"damage":0,"enemies":"The Heart","floor":55,"turns":6}],"seed_played":"5745790509086654090","potions_obtained":[{"floor":1,"key":"theDuelist:TokenPotion"},{"floor":5,"key":"Explosive Potion"},{"floor":7,"key":"Weak Potion"},{"floor":11,"key":"blueLaboratory:RememoryPotion"},{"floor":18,"key":"theDuelist:CoolBottle"},{"floor":20,"key":"blueLaboratory:BottledHope"},{"floor":27,"key":"blueLaboratory:FruitPunch"},{"floor":37,"key":"theDuelist:ExtraOrbsBottle"},{"floor":46,"key":"theDuelist:FireBottle"}],"is_trial":false,"path_per_floor":["M","$","?","?","M","E","M","E","T","M","M","$","M","M","R","B",null,"M","M","?","?","M","R","E","?","T","E","?","M","E","M","R","B",null,"M","?","?","?","M","E","M","?","T","R","M","E","AVR","M","R","B",null,"R","$","E","B",null],"character_chosen":"THE_DUELIST","items_purchased":["Oddly Smooth Stone","aspiration:HummingbirdHeart","HandDrill","Red Skull","theDuelist:SlotMachine","theDuelist:AncientGearReactorDragon","Dota2Spire:MonkeyKingBar","theDuelist:ZoneToken","theDuelist:TokenVacuum","theDuelist:ArtifactSanctum+1","Runic Capacitor","theDuelist:MillenniumArmor","Whetstone","theDuelist:BurningPotionB"],"campfire_rested":0,"item_purchase_floors":[2,2,2,2,2,2,12,12,12,53,53,53,53,53],"current_hp_per_floor":[100,100,100,100,100,100,100,50,50,50,50,50,50,50,50,48,100,100,100,100,100,90,90,90,90,90,90,90,90,90,90,90,90,100,102,102,102,102,102,101,101,101,101,101,101,101,101,101,101,92,102,102,102,93,93],"gold":81,"neow_bonus":"ONE_RANDOM_RARE_CARD","is_daily":false,"chose_seed":false,"campfire_upgraded":5,"win_rate":0.0,"timestamp":1609792137,"path_taken":["M","$","?","?","M","E","M","E","T","M","M","$","M","M","R","BOSS","M","M","?","?","M","R","E","?","T","E","?","M","E","M","R","BOSS","M","?","?","?","M","E","M","?","T","R","?","E","AVR","M","R","BOSS","R","$","E","BOSS"],"items_purchased_type":["Relic","Relic","Relic","Relic","Card","Card","Relic","Relic","Card","Card","Relic","Relic","Relic","Potion"],"build_version":"2020-12-22","purchased_purges":0,"victory":true,"max_hp_per_floor":[100,100,100,100,100,100,100,100,100,100,100,100,100,100,100,100,100,100,100,100,100,100,100,100,100,100,100,100,100,100,100,100,100,100,102,102,102,102,102,102,102,102,102,102,102,102,102,102,102,102,102,102,102,102,102],"card_choices":[{"not_picked":["theDuelist:Deskbot006","theDuelist:TokenVacuum"],"picked":"theDuelist:CyberneticFusion","floor":1},{"not_picked":["theDuelist:BlockGolem","theDuelist:GemElephant","theDuelist:LabyrinthWall","theDuelist:LostGuardian","theDuelist:PowerGiant"],"picked":"SKIP","floor":1},{"not_picked":["theDuelist:KuribohToken","theDuelist:MegatypeToken","theDuelist:StormToken","theDuelist:UnderdogToken"],"picked":"theDuelist:FluxToken","floor":3},{"not_picked":["theDuelist:CoreBlaster","theDuelist:TokenVacuum"],"picked":"theDuelist:CardsFromTheSky","floor":3},{"not_picked":["theDuelist:MetalholdMovingBlockade","theDuelist:CannonSoldier"],"picked":"theDuelist:JunkWarrior","floor":5},{"not_picked":["theDuelist:RedGadget","theDuelist:CannonSoldier","theDuelist:DigitalBug","theDuelist:RainbowBridge"],"picked":"theDuelist:Deskbot003","floor":5},{"not_picked":["theDuelist:CyberArchfiend","theDuelist:CyberRaider","theDuelist:Deskbot005","theDuelist:CardsFromTheSky"],"picked":"theDuelist:Factory100Machines","floor":6},{"not_picked":["theDuelist:JunkWarrior","theDuelist:AncientGearChimera"],"picked":"theDuelist:GoldGadget","floor":6},{"not_picked":["theDuelist:FrontlineObserver","theDuelist:CardsFromTheSky","theDuelist:CannonSoldier","theDuelist:TokenVacuum"],"picked":"theDuelist:DarkFactory","floor":7},{"not_picked":["theDuelist:CyberRaider","theDuelist:AncientGearChimera"],"picked":"theDuelist:YellowGadget","floor":7},{"not_picked":["theDuelist:SatelliteCannon","theDuelist:BlastAsmodian"],"picked":"theDuelist:RoboticKnight","floor":8},{"not_picked":["theDuelist:MetalholdMovingBlockade","theDuelist:BlastHeldTribute"],"picked":"theDuelist:HeavyMechSupportPlatform","floor":8},{"not_picked":["theDuelist:DoubleTool","theDuelist:CyberRaider"],"picked":"theDuelist:JunkKuriboh","floor":10},{"not_picked":["theDuelist:Biofalcon","theDuelist:GreenGadget","theDuelist:GenexAllyBirdman","theDuelist:Factory100Machines","theDuelist:FrontlineObserver"],"picked":"SKIP","floor":10},{"not_picked":["theDuelist:JadeKnight","theDuelist:Deskbot006","theDuelist:YellowGadget","theDuelist:BlackSalvo","theDuelist:AncientGearGadjiltron"],"picked":"SKIP","floor":11},{"not_picked":["theDuelist:GenexAllyBirdman","theDuelist:ScrapIronScarecrow","theDuelist:ZONE"],"picked":"SKIP","floor":11},{"not_picked":["theDuelist:AncientGearChimera","theDuelist:Deskbot005","theDuelist:AncientGearBox","theDuelist:Deskbot002"],"picked":"theDuelist:Geargiauger","floor":13},{"not_picked":["theDuelist:FlyingPegasus","theDuelist:ScrapIronScarecrow"],"picked":"theDuelist:JunkKuriboh","floor":13},{"not_picked":["theDuelist:FrontlineObserver","theDuelist:CannonSoldier","theDuelist:JunkKuriboh","theDuelist:Deskbot003"],"picked":"theDuelist:AirCrackingStorm","floor":14},{"not_picked":["theDuelist:TokenVacuum","theDuelist:ZONE"],"picked":"theDuelist:GravityLash","floor":14},{"not_picked":["theDuelist:SatelliteCannon","theDuelist:JinzoLord"],"picked":"theDuelist:MachineKing","floor":16},{"not_picked":["theDuelist:SevenCompleted","theDuelist:Overworked","theDuelist:NightmareWheel","theDuelist:MachineKingPrototype"],"picked":"theDuelist:TurretWarrior","floor":16},{"not_picked":["theDuelist:FrontlineObserver+1","theDuelist:JunkKuriboh+1","theDuelist:GreenGadget","theDuelist:ScrapIronScarecrow"],"picked":"theDuelist:BlastWithChain","floor":18},{"not_picked":["theDuelist:GenexAllyBirdman","theDuelist:BreakDraw+1","theDuelist:Biofalcon"],"picked":"SKIP","floor":18},{"not_picked":["theDuelist:AncientGearFist","theDuelist:Deskbot005","theDuelist:Biofalcon","theDuelist:AncientGearWorkshop","theDuelist:ChaosAncientGearGiant"],"picked":"SKIP","floor":19},{"not_picked":["theDuelist:RedGadget","theDuelist:GravityAxe+1","theDuelist:Tuningware"],"picked":"SKIP","floor":19},{"not_picked":["theDuelist:Mixeroid+1","theDuelist:AncientGearReactorDragon"],"picked":"theDuelist:StimPack","floor":20},{"not_picked":["theDuelist:PowerGiant+1","theDuelist:WormWarlord","theDuelist:Polymerization","theDuelist:FutureFusion"],"picked":"theDuelist:PotGreed","floor":20},{"not_picked":["theDuelist:Shekhinaga+1","theDuelist:PlatinumGadget","theDuelist:Overworked","theDuelist:GoldGadget+1"],"picked":"theDuelist:GravityLash","floor":22},{"not_picked":["theDuelist:LimiterRemoval","theDuelist:Deskbot005","theDuelist:Deskbot003+1"],"picked":"SKIP","floor":22},{"not_picked":["theDuelist:Shekhinaga","theDuelist:SwordsConcealing","theDuelist:IronhammerGiant","theDuelist:Deskbot007+1"],"picked":"theDuelist:GoldenBlastJuggler","floor":24},{"not_picked":["theDuelist:Deskbot003","theDuelist:GenexAllyBirdman"],"picked":"theDuelist:PineappleBlast","floor":24},{"not_picked":["theDuelist:TokenVacuum","theDuelist:JunkWarrior","theDuelist:Geargiauger","theDuelist:BlastWithChain","theDuelist:AncientGearGadjiltron"],"picked":"SKIP","floor":27},{"not_picked":["theDuelist:SwordsConcealing","theDuelist:YellowGadget","theDuelist:Deskbot005"],"picked":"SKIP","floor":27},{"not_picked":["theDuelist:PowerGiant","theDuelist:MegafleetDragon","theDuelist:GemElephant","theDuelist:Terraforming"],"picked":"theDuelist:RedMedicine","floor":29},{"not_picked":["theDuelist:Deskbot004","theDuelist:Tuningware+1","theDuelist:YellowGadget"],"picked":"SKIP","floor":29},{"not_picked":["theDuelist:LostGuardian","theDuelist:BattleFootballer","theDuelist:Wiseman+1","theDuelist:Kuriboh+1"],"picked":"theDuelist:Hinotama","floor":30},{"not_picked":["theDuelist:TurretWarrior","theDuelist:Mixeroid+1","theDuelist:AirCrackingStorm"],"picked":"SKIP","floor":30},{"not_picked":["theDuelist:TokenVacuum+1","theDuelist:Deskbot003+1"],"picked":"theDuelist:MetalDragon","floor":31},{"not_picked":["theDuelist:BigFire","theDuelist:LightningVortex+1","theDuelist:WingedKuriboh","theDuelist:WormWarlord","theDuelist:LightningDarts+1"],"picked":"SKIP","floor":31},{"not_picked":["theDuelist:PineappleBlast","theDuelist:IronhammerGiant"],"picked":"theDuelist:JinzoLord","floor":33},{"not_picked":["theDuelist:SwordsConcealing","theDuelist:SteamTrainKing+1","theDuelist:SevenCompleted+1","theDuelist:MachineKingPrototype+1"],"picked":"theDuelist:OrcustCrescendo","floor":33},{"not_picked":["theDuelist:BreakDraw+1","theDuelist:CardsFromTheSky+1","theDuelist:ZONE","theDuelist:DoubleTool"],"picked":"theDuelist:RevolvingSwitchyard","floor":35},{"not_picked":["theDuelist:DigitalBug","theDuelist:GenexAllyBirdman+1","theDuelist:GadgetSoldier+1"],"picked":"SKIP","floor":35},{"not_picked":["theDuelist:GenexAllyBirdman","theDuelist:FrontlineObserver","theDuelist:HeavyMetalRaiders","theDuelist:BlastJuggler+1"],"picked":"theDuelist:Flashbang+1","floor":37},{"not_picked":["theDuelist:DoubleTool","theDuelist:MachineDuplication+1","theDuelist:MachineFactory+1","theDuelist:CyberneticFusion"],"picked":"theDuelist:ZONE","floor":38},{"not_picked":["theDuelist:StimPack+1","theDuelist:PineappleBlast"],"picked":"theDuelist:PortableBatteryPack","floor":38},{"not_picked":["theDuelist:AncientGearFist+1","theDuelist:SevenCompleted+1","theDuelist:DarkFactory","theDuelist:GravityLash+1"],"picked":"theDuelist:GravityBlaster+1","floor":39},{"not_picked":["theDuelist:AncientGearChimera","theDuelist:CannonSoldier+1","theDuelist:Biofalcon+1"],"picked":"SKIP","floor":39},{"not_picked":["theDuelist:Geargiauger","theDuelist:GravityLash"],"picked":"theDuelist:UnionHangar","floor":40},{"not_picked":["theDuelist:PowerGiant","theDuelist:WingedKuriboh","theDuelist:IronCall+1","theDuelist:Linkuriboh+1"],"picked":"theDuelist:ShardGreed+1","floor":40},{"not_picked":["theDuelist:OrbitalBombardment+1","theDuelist:GravityBlaster","theDuelist:YellowGadget+1","theDuelist:SolarWindJammer+1"],"picked":"theDuelist:AncientGearWorkshop+1","floor":41},{"not_picked":["theDuelist:Geargiauger+1","theDuelist:AncientGearChimera","theDuelist:YellowGadget+1"],"picked":"SKIP","floor":41},{"not_picked":["theDuelist:Mixeroid","theDuelist:MetalDetector","theDuelist:GreenGadget+1","theDuelist:CyberneticOverflow+1"],"picked":"theDuelist:SolarWindJammer","floor":45},{"not_picked":["theDuelist:TokenVacuum","theDuelist:Flashbang+1","theDuelist:Deskbot004"],"picked":"SKIP","floor":45},{"not_picked":["theDuelist:ParallelPortArmor","theDuelist:IronDraw+1","theDuelist:CemetaryBomb","theDuelist:BlastWithChain"],"picked":"theDuelist:WonderGarage+1","floor":46},{"not_picked":["theDuelist:Tuningware+1","theDuelist:FrontlineObserver"],"picked":"theDuelist:Mixeroid","floor":46},{"not_picked":["theDuelist:MachineFactory+1","theDuelist:GravityAxe+1","theDuelist:Geartown+1"],"picked":"theDuelist:MetalholdMovingBlockade+1","floor":48},{"not_picked":["theDuelist:CannonSoldier","theDuelist:GreenGadget","theDuelist:CyberRaider"],"picked":"SKIP","floor":48},{"not_picked":["theDuelist:TurretWarrior+1","theDuelist:SteamTrainKing+1","theDuelist:OrcustCrescendo+1","theDuelist:IronhammerGiant+1"],"picked":"theDuelist:SwordsConcealing+1","floor":54},{"not_picked":["theDuelist:Tuningware+1","theDuelist:CardsFromTheSky","theDuelist:YellowGadget+1"],"picked":"SKIP","floor":54}],"player_experience":371707,"relics_obtained":[{"floor":3,"key":"aspiration:AnachronicSnailShell"},{"floor":3,"key":"Unceasing Top"},{"floor":3,"key":"Du-Vu Doll"},{"floor":6,"key":"theDuelist:BoosterBetterBoostersRelic"},{"floor":8,"key":"Dota2Spire:PhaseBoots"},{"floor":9,"key":"aspiration:HatOfInfinitePower"},{"floor":20,"key":"Red Mask"},{"floor":24,"key":"theDuelist:BlessingAnubis"},{"floor":26,"key":"REME_PuzzleBoxRelic"},{"floor":27,"key":"War Paint"},{"floor":30,"key":"Dota2Spire:AssaultCuirass"},{"floor":37,"key":"Ginger"},{"floor":38,"key":"hubris:Potato"},{"floor":40,"key":"Dota2Spire:MagicBottle"},{"floor":46,"key":"Frozen Egg 2"},{"floor":54,"key":"Happy Flower"}],"event_choices":[{"damage_healed":0,"gold_gain":0,"player_choice":"Fight","duelist":true,"damage_taken":0,"max_hp_gain":0,"max_hp_loss":0,"event_name":"Battle City","floor":3,"gold_loss":0},{"damage_healed":0,"gold_gain":0,"player_choice":"Fought Bandits","damage_taken":0,"max_hp_gain":0,"max_hp_loss":0,"event_name":"Masked Bandits","floor":20,"gold_loss":0},{"damage_healed":0,"gold_gain":0,"player_choice":"Leave","duelist":true,"damage_taken":0,"max_hp_gain":0,"max_hp_loss":0,"event_name":"Egyptian Village","floor":21,"gold_loss":0},{"cards_removed":["theDuelist:Sparks"],"damage_healed":0,"gold_gain":0,"player_choice":"Gave Gold","damage_taken":0,"max_hp_gain":0,"max_hp_loss":0,"event_name":"Beggar","floor":25,"gold_loss":75},{"damage_healed":0,"gold_gain":0,"player_choice":"Took item - Received: Millennium Scale","duelist":true,"damage_taken":0,"max_hp_gain":0,"max_hp_loss":0,"event_name":"Millennium Items","floor":28,"gold_loss":0},{"damage_healed":0,"gold_gain":0,"player_choice":"Leave","duelist":true,"damage_taken":0,"max_hp_gain":0,"max_hp_loss":0,"event_name":"Card Trader","floor":36,"gold_loss":0},{"damage_healed":0,"gold_gain":0,"player_choice":"Fight","damage_taken":0,"max_hp_gain":0,"max_hp_loss":0,"event_name":"MindBloom","floor":37,"gold_loss":0},{"damage_healed":0,"gold_gain":0,"player_choice":"Fight","damage_taken":0,"max_hp_gain":0,"max_hp_loss":0,"event_name":"Mysterious Sphere","floor":38,"gold_loss":0},{"damage_healed":0,"gold_gain":0,"player_choice":"Upgraded Two","damage_taken":0,"max_hp_gain":0,"max_hp_loss":0,"event_name":"Designer","floor":42,"gold_loss":40,"cards_upgraded":["theDuelist:BlastWithChain","theDuelist:StimPack"]}],"is_beta":false,"boss_relics":[{"not_picked":["hubris:RunicObelisk","Busted Crown"],"picked":"SlaversCollar"},{"not_picked":["Runic Dome","Runic Cube"],"picked":"theDuelist:GamblerChip"}],"items_purged_floors":[],"is_endless":false,"potions_floor_spawned":[1,5,7,11,18,20,27,29,30,31,37,39,40,46],"ascension_level":4}}