{"host":"bq4pt811tk9yrmjl","time":1609803102,"event":{"mods":["AchievementEnabler","BaseMod","Colored Map","Colored Powertips","Defuse TimeMaze Blight","Hermit","Minty Spire (QoL Compilation)","StSLib","SuperFastMode"],"gold_per_floor":[111,111,130,130,130,164,164,164,235,410,431,452,147,160,160,279,279,303,319,319,92,108,108,108,108,108,70,70,70,70,44,44,182,182,213,190,190,190,260,260,593,593,639,659,659,659],"floor_reached":45,"playtime":975,"items_purged":[],"score":502,"play_id":"17984cc7-bffc-4e28-90d8-56f3d52c0514","local_time":"20210104213141","is_ascension_mode":true,"campfire_choices":[{"data":"hermit:Determination","floor":8.0,"key":"SMITH"},{"data":"hermit:Snapshot","floor":15.0,"key":"SMITH"},{"floor":23.0,"key":"RECALL"},{"data":"hermit:GhostlyPresence","floor":25.0,"key":"SMITH"},{"data":"hermit:Brawl","floor":29.0,"key":"SMITH"},{"data":"hermit:Coalescence","floor":32.0,"key":"SMITH"},{"floor":40,"key":"REST"},{"floor":42,"key":"REST"}],"circlet_count":0,"master_deck":["hermit:Strike_Hermit","hermit:Strike_Hermit","hermit:Strike_Hermit","hermit:Strike_Hermit","hermit:Defend_Hermit","hermit:Defend_Hermit","hermit:Defend_Hermit","hermit:Defend_Hermit","hermit:Snapshot+1","hermit:Covet","hermit:Determination+1","Regret","hermit:Quickdraw","Injury","Doubt","hermit:Coalescence+1","hermit:GhostlyPresence+1","hermit:TakeCover+1","hermit:Glare+1","hermit:Reprieve+1","hermit:Dive+1","hermit:CalledShot+1","hermit:Scavenge+1","hermit:Brawl+1","hermit:Snipe+1","hermit:Virtue+1","hermit:BodyArmor+1","Writhe","hermit:Vantage+1"],"relics":["hermit:Momento","Ginger","Pear","Membership Card","Toxic Egg 2","SlaversCollar","Juzu Bracelet","Bronze Scales","ClockworkSouvenir","FaceOfCleric","hermit:Spyglass","Nloth\u0027s Gift","Sozu","hermit:CharredGlove","Orichalcum"],"acts_visited":["Exordium","TheCity","TheBeyond"],"potions_floor_usage":[],"damage_taken":[{"damage":0.0,"enemies":"2 Louse","floor":1.0,"turns":1.0},{"damage":0.0,"enemies":"Small Slimes","floor":3.0,"turns":1.0},{"damage":0.0,"enemies":"3 Sentries","floor":6.0,"turns":1.0},{"damage":3.0,"enemies":"Jaw Worm","floor":11.0,"turns":2.0},{"damage":11.0,"enemies":"Exordium Thugs","floor":12.0,"turns":6.0},{"damage":0.0,"enemies":"Lots of Slimes","floor":14.0,"turns":5.0},{"damage":31.0,"enemies":"Hexaghost","floor":16.0,"turns":12.0},{"damage":14.0,"enemies":"Chosen","floor":18.0,"turns":7.0},{"damage":12.0,"enemies":"Shell Parasite","floor":19.0,"turns":9.0},{"damage":4.0,"enemies":"Snecko","floor":22.0,"turns":6.0},{"damage":6.0,"enemies":"Automaton","floor":33.0,"turns":11.0},{"damage":6.0,"enemies":"3 Shapes","floor":35.0,"turns":8.0},{"damage":41,"enemies":"Mind Bloom Boss Battle","floor":39,"turns":10},{"damage":17,"enemies":"Orb Walker","floor":44,"turns":6},{"damage":38,"enemies":"Jaw Worm Horde","floor":45,"turns":5}],"seed_played":"-7744759878346219085","potions_obtained":[{"floor":6.0,"key":"Fruit Juice"},{"floor":12.0,"key":"Fire Potion"},{"floor":16.0,"key":"hermit:BlackBile"},{"floor":18.0,"key":"ColorlessPotion"},{"floor":22.0,"key":"SpeedPotion"}],"is_trial":false,"path_per_floor":["M","$","M","?","?","E","?","R","T","?","M","M","$","M","R","B",null,"M","M","?","$","M","R","?","R","T","$","$","R","?","$","R","B",null,"M","$","?","?","?","R","?","R","T","M","M"],"character_chosen":"HERMIT","items_purchased":["Membership Card","Toxic Egg 2","hermit:TakeCover+1","Juzu Bracelet","Bronze Scales","ClockworkSouvenir","hermit:Brawl","hermit:Snipe+1","hermit:BodyArmor+1"],"campfire_rested":2,"item_purchase_floors":[13,13,13,21,21,21,27,31,36],"current_hp_per_floor":[75,75,75,75,75,90,90,90,90,90,87,76,76,76,76,45,90,77,78,83,83,86,86,86,86,86,86,86,86,86,86,86,85,91,86,86,92,92,56,83,83,93,93,77,39,39],"gold":659,"neow_bonus":"THREE_ENEMY_KILL","is_daily":false,"chose_seed":false,"campfire_upgraded":5,"win_rate":0.0,"timestamp":1609803101,"path_taken":["M","$","M","?","?","E","?","R","T","?","M","M","$","?","R","BOSS","M","M","?","$","M","R","?","R","T","$","?","R","?","$","R","BOSS","M","$","?","?","?","R","?","R","T","M","M"],"items_purchased_type":["Relic","Relic","Card","Relic","Relic","Relic","Card","Card","Card"],"build_version":"2020-12-22","purchased_purges":0,"victory":false,"max_hp_per_floor":[75,75,75,75,75,90,90,90,90,90,90,90,90,90,90,90,90,90,90,90,90,90,90,90,90,90,90,90,90,90,90,90,91,91,92,92,92,92,93,93,93,93,93,94,94,94],"card_choices":[{"not_picked":["hermit:Snipe","hermit:HighCaliber"],"picked":"hermit:Determination","floor":1.0},{"not_picked":["hermit:Enervate","hermit:Misfire"],"picked":"hermit:Glare","floor":3.0},{"not_picked":["hermit:Showdown","hermit:HighCaliber"],"picked":"hermit:Quickdraw","floor":6.0},{"not_picked":["hermit:SprayPray","hermit:Dive"],"picked":"hermit:Coalescence","floor":11.0},{"not_picked":["hermit:Brawl","hermit:Malice"],"picked":"hermit:GhostlyPresence","floor":12.0},{"not_picked":["hermit:NoHoldsBarred","hermit:Desperado"],"picked":"hermit:Glare+1","floor":14.0},{"not_picked":["hermit:FinalCanter","hermit:BlackWind"],"picked":"hermit:Reprieve+1","floor":16.0},{"not_picked":["hermit:Quickdraw+1","hermit:Ricochet+1"],"picked":"hermit:Dive+1","floor":18.0},{"not_picked":["hermit:NoHoldsBarred","hermit:Roulette+1"],"picked":"hermit:CalledShot+1","floor":19.0},{"not_picked":["hermit:Dive+1","hermit:Grudge"],"picked":"hermit:Scavenge+1","floor":22.0},{"not_picked":["hermit:Malice+1","hermit:SprayPray+1"],"picked":"hermit:Virtue+1","floor":35.0},{"not_picked":["hermit:BigShot+1","hermit:LoneWolf+1"],"picked":"hermit:Vantage+1","floor":39},{"not_picked":["hermit:LowProfile+1","hermit:TrackingShot+1","hermit:LoneWolf+1"],"picked":"SKIP","floor":44}],"player_experience":142073,"relics_obtained":[{"floor":6.0,"key":"Pear"},{"floor":26.0,"key":"hermit:Spyglass"},{"floor":39,"key":"hermit:CharredGlove"},{"floor":43,"key":"Orichalcum"}],"event_choices":[{"damage_healed":0.0,"max_hp_gain":0.0,"max_hp_loss":0.0,"gold_gain":0.0,"event_name":"Big Fish","player_choice":"Box","floor":4.0,"gold_loss":0.0,"damage_taken":0.0,"relics_obtained":["Ginger"],"cards_obtained":["Regret"]},{"damage_healed":0.0,"max_hp_gain":0.0,"max_hp_loss":0.0,"gold_gain":0.0,"event_name":"The Cleric","player_choice":"Leave","floor":5.0,"gold_loss":0.0,"damage_taken":0.0},{"damage_healed":0.0,"max_hp_gain":0.0,"max_hp_loss":0.0,"gold_gain":0.0,"event_name":"Golden Idol","player_choice":"Take Wound","floor":7.0,"gold_loss":0.0,"damage_taken":0.0,"relics_obtained":["Golden Idol"],"cards_obtained":["Injury"]},{"damage_healed":0.0,"max_hp_gain":0.0,"max_hp_loss":0.0,"gold_gain":175.0,"event_name":"Liars Game","player_choice":"AGREE","floor":10.0,"gold_loss":0.0,"damage_taken":0.0,"cards_obtained":["Doubt"]},{"cards_removed":["hermit:Glare"],"damage_healed":5.0,"max_hp_gain":0.0,"max_hp_loss":0.0,"gold_gain":0.0,"event_name":"Bonfire Elementals","player_choice":"Offered Common","floor":20.0,"gold_loss":0.0,"damage_taken":0.0},{"cards_removed":["hermit:Glare"],"damage_healed":5.0,"max_hp_gain":0.0,"max_hp_loss":0.0,"gold_gain":0.0,"event_name":"Bonfire Elementals","player_choice":"Offered Special","floor":20.0,"gold_loss":0.0,"damage_taken":0.0},{"damage_healed":0.0,"max_hp_gain":0.0,"max_hp_loss":0.0,"gold_gain":0.0,"event_name":"FaceTrader","player_choice":"Trade","floor":24.0,"gold_loss":0.0,"damage_taken":0.0,"relics_obtained":["FaceOfCleric"]},{"damage_healed":0.0,"max_hp_gain":0.0,"max_hp_loss":0.0,"gold_gain":0.0,"event_name":"N\u0027loth","player_choice":"Traded Relic","floor":30.0,"relics_lost":["NeowsBlessing"],"gold_loss":0.0,"damage_taken":0.0,"relics_obtained":["Nloth\u0027s Gift"]},{"damage_healed":23.0,"max_hp_gain":0.0,"max_hp_loss":0.0,"gold_gain":0.0,"event_name":"Winding Halls","player_choice":"Writhe","floor":37.0,"gold_loss":0.0,"damage_taken":0.0,"cards_obtained":["Writhe"]},{"damage_healed":0,"gold_gain":0,"player_choice":"Ignored","damage_taken":0,"max_hp_gain":0,"max_hp_loss":0,"event_name":"Mysterious Sphere","floor":38,"gold_loss":0},{"damage_healed":0,"gold_gain":0,"player_choice":"Fight","damage_taken":0,"max_hp_gain":0,"max_hp_loss":0,"event_name":"MindBloom","floor":39,"gold_loss":0},{"damage_healed":0,"gold_gain":333,"player_choice":"Gave Idol","damage_taken":0,"max_hp_gain":0,"max_hp_loss":0,"event_name":"The Moai Head","floor":41,"relics_lost":["Golden Idol"],"gold_loss":0}],"is_beta":false,"boss_relics":[{"not_picked":["Black Star","Runic Dome"],"picked":"SlaversCollar"},{"not_picked":["Busted Crown","Pandora\u0027s Box"],"picked":"Sozu"}],"items_purged_floors":[],"is_endless":false,"potions_floor_spawned":[6,12,16,18,22,35,39,44],"killed_by":"Jaw Worm Horde","ascension_level":1}}