{"host":"ij84le5dz5iaw1mq","time":1609802942,"event":{"mods":["AchievementEnabler","BaseMod","Better Altar","Better Match","Better Note","Better Sensory Stone","Better Skull","Better Third Choice","BetterRewards","Colored Map","Colored Powertips","DeckTracker","Downfall","Hermit","Hubris","Infinite Spire","Minty Spire (QoL Compilation)","Permanent Neow","Quick Restart","Rare Cards Sparkle","Replay The Spire","Shop Mod","StSLib","The Cursed","The Disciple","The Elementalist","The Runesmith","The Spell Scribe"],"gold_per_floor":[119,131,141,161,161,161,161,196,216,11,66,78,18,18,28,28,28,132,132,149,165,178,188,188,217,217,249,249,259,259,259,259,259,126,138,138,240,240,252,266,266,20,37,37,64,64,64,64,64,98,108,126,141,154,154,154],"floor_reached":57,"playtime":5255,"items_purged":["Runesmith:Defend_RS","Runesmith:Strike_RS","Runesmith:Defend_RS"],"score":805,"play_id":"b201c098-9193-4931-9e8f-ef3f5b10b781","local_time":"20210104182902","is_ascension_mode":false,"campfire_choices":[{"data":"Runesmith:Firestorm","floor":14,"key":"SMITH"},{"data":"Runesmith:Permafrost","floor":17,"key":"SMITH"},{"data":"Runesmith:Terraform","floor":26,"key":"SMITH"},{"data":"Runesmith:LithiumIon","floor":36,"key":"SMITH"},{"data":"Runesmith:Empowerment","floor":44,"key":"SMITH"},{"data":"Runesmith:LithiumIon","floor":46,"key":"SMITH"},{"data":"Runesmith:PerfectChisel","floor":55,"key":"SMITH"}],"circlet_count":0,"master_deck":["Runesmith:Defend_RS","Runesmith:CraftFirestone","Runesmith:Fortify","Runesmith:EarthShield","Runesmith:HeatedChisel","Runesmith:Firestorm+1","Runesmith:HammerThrow","Runesmith:CraftMagma","Runesmith:PerfectChisel+1","Runesmith:Terraform+1","Runesmith:EarthShield","Runesmith:Permafrost+1","Runesmith:CraftMagma","Runesmith:LithiumIon+1","Runesmith:LithiumIon+1","Runesmith:EnergizedChisel","Runesmith:Duplicate+1","Runesmith:FrozenChisel","Runesmith:StaticCage","Runesmith:EarthShield+1","Runesmith:Reinforce+1","Runesmith:Supernova","Runesmith:RuneHurl+1","Runesmith:ReplicatingBarrier","Runesmith:EnergizedChisel+1","Runesmith:CraftIndustria","Runesmith:Empowerment+1","Runesmith:Permafrost+1","Runesmith:GoWithTheFlow+1","Parasite","Runesmith:LightningRod"],"relics":["Runesmith:BrokenRuby","Blood Vial","Runesmith:AutoHammer","Cursed Key","ReplayTheSpireMod:Shallot","MerchantsRug","Black Star","War Paint","Mercury Hourglass"],"acts_visited":["Exordium","TheCity","TheBeyond"],"potions_floor_usage":[18,18,23,37,56,56,56],"damage_taken":[{"damage":0,"enemies":"2 Louse","floor":1,"turns":4},{"damage":3,"enemies":"Cultist","floor":2,"turns":5},{"damage":2,"enemies":"Jaw Worm","floor":3,"turns":4},{"damage":7,"enemies":"2 Fungi Beasts","floor":4,"turns":4},{"damage":8,"enemies":"Lagavulin","floor":8,"turns":8},{"damage":8,"enemies":"Exordium Thugs","floor":9,"turns":5},{"damage":3,"enemies":"3 Louse","floor":12,"turns":5},{"damage":1,"enemies":"Gremlin Gang","floor":15,"turns":5},{"damage":0,"enemies":"Hexaghost","floor":18,"turns":8},{"damage":13,"enemies":"Spheric Guardian","floor":20,"turns":4},{"damage":0,"enemies":"Shell Parasite","floor":21,"turns":6},{"damage":1,"enemies":"Snecko","floor":22,"turns":5},{"damage":7,"enemies":"Cultist and Chosen","floor":23,"turns":7},{"damage":0,"enemies":"Book of Stabbing","floor":25,"turns":5},{"damage":11,"enemies":"Replay:Snechameleon","floor":27,"turns":8},{"damage":0,"enemies":"Centurion and Healer","floor":29,"turns":6},{"damage":2,"enemies":"Shelled Parasite and Fungi","floor":35,"turns":6},{"damage":20,"enemies":"Automaton","floor":37,"turns":11},{"damage":0,"enemies":"3 Darklings","floor":39,"turns":7},{"damage":0,"enemies":"Orb Walker","floor":40,"turns":3},{"damage":19,"enemies":"4 Shapes","floor":43,"turns":5},{"damage":0,"enemies":"Giant Head","floor":45,"turns":11},{"damage":3,"enemies":"Writhing Mass","floor":51,"turns":6},{"damage":28,"enemies":"Jaw Worm Horde","floor":52,"turns":6},{"damage":5,"enemies":"Sphere and 2 Shapes","floor":53,"turns":5},{"damage":1,"enemies":"Writhing Mass","floor":54,"turns":4},{"damage":15,"enemies":"infinitespire:MassOfShapes","floor":56,"turns":11}],"seed_played":"8905877385183488358","potions_obtained":[{"floor":1,"key":"Doom Potion"},{"floor":2,"key":"PowerPotion"},{"floor":8,"key":"Fire Potion"},{"floor":21,"key":"Flashbang"},{"floor":23,"key":"DuplicationPotion"},{"floor":29,"key":"BlessingOfTheForge"},{"floor":35,"key":"sneckomod:MuddlingPotion"},{"floor":45,"key":"Slimebound:ThreeZeroPotion"},{"floor":51,"key":"Swift Potion"},{"floor":53,"key":"ColorlessPotion"},{"floor":54,"key":"Energy Potion"}],"is_trial":false,"path_per_floor":["M","M","M","M","PTL","PTL","?","E","M","$","T","M","$","R","M","?","R","B",null,"M","M","M","M","?","E","R","E","T","M","?","?","PTL","PTL","$","M","R","B",null,"M","M","?","$","M","R","E","R","T","PTL","PTL","$","M","M","M","M","R","B",null],"character_chosen":"RUNESMITH_CLASS","items_purchased":["Runesmith:EarthShield","Runesmith:Permafrost","Runesmith:CraftMagma","Runesmith:LithiumIon","MerchantsRug","Runesmith:CraftIndustria"],"campfire_rested":0,"item_purchase_floors":[0,10,10,13,34,42],"current_hp_per_floor":[70,67,65,58,58,58,58,50,44,44,44,43,43,43,44,44,44,46,70,57,59,60,55,55,57,57,48,48,50,50,50,50,50,50,50,50,32,70,70,70,70,70,51,51,53,53,53,53,53,53,52,26,23,24,24,11],"gold":154,"neow_bonus":"","is_daily":false,"chose_seed":false,"campfire_upgraded":7,"win_rate":0.0,"timestamp":1609802942,"path_taken":["M","M","M","M","PTL","PTL","?","E","M","?","T","M","$","R","M","?","R","BOSS","M","M","M","M","?","E","R","E","T","M","?","?","PTL","PTL","$","M","R","BOSS","M","M","?","$","M","R","E","R","T","PTL","PTL","$","M","M","M","M","R","BOSS"],"items_purchased_type":["Card","Card","Card","Card","Relic","Card"],"build_version":"2020-12-22","purchased_purges":3,"victory":true,"max_hp_per_floor":[70,70,70,70,70,70,70,70,70,70,70,70,70,70,70,70,70,70,70,70,70,70,70,70,70,70,70,70,70,70,70,70,70,70,70,70,70,70,70,70,70,70,70,70,70,70,70,70,70,70,70,70,70,70,70,70],"card_choices":[{"not_picked":["Runesmith:StaticCage","Runesmith:EnergizedChisel"],"picked":"Runesmith:HeatedChisel","floor":1},{"not_picked":["Runesmith:HammerThrow","Runesmith:RuneHurl"],"picked":"Runesmith:Firestorm","floor":2},{"not_picked":["Runesmith:BackupBattery","Runesmith:UnstableHammer"],"picked":"Runesmith:HammerThrow","floor":3},{"not_picked":["Runesmith:CraftReservo","Runesmith:HammerAndChisel"],"picked":"Runesmith:CraftMagma","floor":4},{"not_picked":["Runesmith:ShiftingStrike","Runesmith:StaticCage"],"picked":"Runesmith:Terraform","floor":8},{"not_picked":["Runesmith:HeatExchange","Runesmith:Reinforce"],"picked":"Runesmith:EarthShield","floor":9},{"not_picked":["Runesmith:Overpower","Runesmith:UnstableHammer","Runesmith:CraftReservo"],"picked":"SKIP","floor":12},{"not_picked":["Runesmith:CraftMagma","Runesmith:Terraform"],"picked":"Runesmith:EnergizedChisel","floor":15},{"not_picked":["Runesmith:DuctTape","Runesmith:MetallurgicalResearch"],"picked":"Runesmith:Duplicate","floor":18},{"not_picked":["Runesmith:ShiftingStrike","Runesmith:CraftProtectio"],"picked":"Runesmith:FrozenChisel","floor":20},{"not_picked":["Runesmith:CraftSpiculum","Runesmith:ChiselStab"],"picked":"Runesmith:StaticCage","floor":21},{"not_picked":["Runesmith:ChiselStab","Runesmith:ChaoticBlast"],"picked":"Runesmith:EarthShield","floor":22},{"not_picked":["Runesmith:StaticCage","Runesmith:Repurpose","Runesmith:Accelerate+1"],"picked":"SKIP","floor":23},{"not_picked":["Runesmith:HammerThrow","Runesmith:Refine"],"picked":"Runesmith:Reinforce","floor":25},{"not_picked":["Runesmith:PerfectChisel","Runesmith:HammerThrow"],"picked":"Runesmith:Supernova","floor":27},{"not_picked":["Runesmith:WhiteBalance+1","Runesmith:HeatedChisel","Cuckoo"],"picked":"Runesmith:RuneHurl+1","floor":29},{"not_picked":["Runesmith:ShiftingStrike","Runesmith:CraftMagma","Runesmith:CraftProtectio"],"picked":"SKIP","floor":35},{"not_picked":["Runesmith:LastStand","Runesmith:GrandSlam"],"picked":"Runesmith:ReplicatingBarrier","floor":37},{"not_picked":["Runesmith:UnstableHammer+1","Runesmith:Accelerate+1","Runesmith:BackupBattery"],"picked":"SKIP","floor":39},{"not_picked":["Runesmith:EarthShield","Runesmith:Firestorm"],"picked":"Runesmith:EnergizedChisel+1","floor":40},{"not_picked":["Runesmith:Augment+1","Runesmith:HammerThrow+1"],"picked":"Runesmith:Empowerment","floor":43},{"not_picked":["Runesmith:CraftMagma","Runesmith:Augment+1"],"picked":"Runesmith:Permafrost+1","floor":45},{"not_picked":["Runesmith:MakeshiftArmor+1","Runesmith:Permafrost+1"],"picked":"Runesmith:GoWithTheFlow+1","floor":51},{"not_picked":["Runesmith:WhiteBalance+1","Runesmith:CraftVitae+1","Runesmith:CraftMagma"],"picked":"SKIP","floor":52},{"not_picked":["Runesmith:StaticCage+1","Runesmith:Permafrost+1","Runesmith:Grindstone+1"],"picked":"SKIP","floor":53},{"not_picked":["Runesmith:MakeshiftArmor+1","Runesmith:CraftVitae"],"picked":"Runesmith:LightningRod","floor":54}],"player_experience":127908,"relics_obtained":[{"floor":8,"key":"Blood Vial"},{"floor":11,"key":"Runesmith:AutoHammer"},{"floor":25,"key":"ReplayTheSpireMod:Shallot"},{"floor":27,"key":"hubris:DisguiseKit"},{"floor":45,"key":"War Paint"},{"floor":45,"key":"Mercury Hourglass"}],"event_choices":[{"damage_healed":0,"gold_gain":0,"cards_transformed":["Runesmith:Strike_RS"],"player_choice":"Transformed","damage_taken":0,"max_hp_gain":0,"max_hp_loss":0,"event_name":"Transmorgrifier","floor":7,"gold_loss":0,"cards_obtained":["Runesmith:PerfectChisel"]},{"damage_healed":0,"gold_gain":0,"player_choice":"Gave Potion","damage_taken":0,"relics_obtained":["Simple Rune"],"max_hp_gain":0,"max_hp_loss":0,"event_name":"WeMeetAgain","floor":16,"gold_loss":0},{"cards_removed":["Runesmith:Strike_RS"],"damage_healed":0,"gold_gain":0,"player_choice":"Card Removal","damage_taken":0,"max_hp_gain":0,"max_hp_loss":0,"event_name":"Wheel of Change","floor":24,"gold_loss":0},{"cards_removed":["Runesmith:Defend_RS"],"damage_healed":0,"gold_gain":0,"player_choice":"Purged","damage_taken":0,"max_hp_gain":0,"max_hp_loss":0,"event_name":"Purifier","floor":30,"gold_loss":0},{"damage_healed":0,"gold_gain":0,"player_choice":"Forge","damage_taken":0,"max_hp_gain":0,"max_hp_loss":0,"event_name":"Accursed Blacksmith","floor":31,"gold_loss":0,"cards_upgraded":["Runesmith:Reinforce"]},{"cards_removed":["Runesmith:Strike_RS"],"damage_healed":0,"gold_gain":0,"player_choice":"Purged","damage_taken":0,"max_hp_gain":0,"max_hp_loss":0,"event_name":"Purifier","floor":41,"gold_loss":0}],"is_beta":false,"boss_relics":[{"not_picked":["Philosopher\u0027s Stone","Honey Jar"],"picked":"Cursed Key"},{"not_picked":["SlaversCollar","SacredBark"],"picked":"Black Star"}],"items_purged_floors":[10,34,42],"is_endless":false,"potions_floor_spawned":[1,2,8,12,21,23,29,35,45,51,53,54],"ascension_level":0}}