{"host":"474oh00kq6ni8dn3","time":1609750327,"event":{"mods":["AchievementEnabler","Aspiration","Bartender","BaseMod","Bestiary","Clockwork Mod","Colored Map","Colored Powertips","Conspire","Custom Start","Defuse TimeMaze Blight","Downfall","GifTheSpireLib","Googly Eyes","GungeonMod","Halation","Hubris","Infinite Spire","Jedi Mod","Minty Spire (QoL Compilation)","Permanent Neow","Quick Restart","Random Character Button","Replay The Spire","Shop Mod","StSLib","Stuff the Spire","The Construct","The Factory","The Jungle","Trackpad","Unceasing Turn Reminder","thorton","vexMod"],"gold_per_floor":[118,130,30,46,46,46,66,97,146,72,72,104,117,117,117,221,221,221,221,221,221,221,221,221,221,221,221,221,146,146,146,146,146,146,146,146,146,146,146,146,146,146,146,146,146,146,146,146,146,146],"floor_reached":51,"playtime":2107,"items_purged":["Tactician"],"score":998,"play_id":"9375fe41-6f62-4ab6-8c61-42a3a8c6acda","local_time":"20210104085207","is_ascension_mode":true,"campfire_choices":[{"data":"infinitespire:OneForAll","floor":6.0,"key":"SMITH"},{"data":"Guardian:RefractedBeam","floor":11.0,"key":"SMITH"},{"data":"Guardian:RefractedBeam+1","floor":15.0,"key":"SMITH"},{"data":"Guardian:RefractedBeam+2","floor":23.0,"key":"SMITH"},{"data":"Guardian:RefractedBeam+3","floor":30.0,"key":"SMITH"},{"data":"Guardian:RefractedBeam+4","floor":32.0,"key":"SMITH"},{"data":"Guardian:RefractedBeam+5","floor":40.0,"key":"SMITH"},{"data":"Guardian:RefractedBeam+6","floor":45.0,"key":"SMITH"},{"data":"Guardian:RefractedBeam+7","floor":49.0,"key":"SMITH"}],"circlet_count":0,"master_deck":["Strike_R","Strike_R","Strike_R","Strike_R","Defend_R","Defend_R","Defend_R","infinitespire:OneForAll+1","Shrug It Off","StuffTheSpire:BrimstoneBlast","Sucker Punch","Guardian:RefractedBeam+8","Survivor","Neutralize","hubris:StunningStrike","ReplayTheSpireMod:Muscle Training","Shrug It Off","Shockwave","Battle Trance","Double Tap+1","jedi:strikingstrike"],"relics":["Burning Blood","aspiration:Nostalgia","StuffTheSpire:OccultApparatus","ReplayTheSpireMod:CursedCoin","DemoMod:SerJunkan","DemoMod:Junk","Ectoplasm","halation:PinkSoulGem","DemoMod:GoldJunk","halation:LettersToHer","vexMod:MysteryBossChallenge","hexamod:IceCube","halation:WeightlessCrab","Shuriken"],"acts_visited":["Exordium","Exordium","theJungle:Jungle"],"potions_floor_usage":[50,50,50],"damage_taken":[{"damage":2.0,"enemies":"Small Slimes","floor":1.0,"turns":4.0},{"damage":0.0,"enemies":"2 Louse","floor":2.0,"turns":4.0},{"damage":7.0,"enemies":"Jaw Worm","floor":4.0,"turns":5.0},{"damage":0.0,"enemies":"2 Fungi Beasts","floor":7.0,"turns":4.0},{"damage":51.0,"enemies":"Lagavulin","floor":8.0,"turns":12.0},{"damage":6.0,"enemies":"Gremlin Nob","floor":10.0,"turns":4.0},{"damage":11.0,"enemies":"Lagavulin","floor":12.0,"turns":7.0},{"damage":5.0,"enemies":"Blue Slaver","floor":13.0,"turns":3.0},{"damage":9.0,"enemies":"The Guardian","floor":16.0,"turns":12.0},{"damage":7.0,"enemies":"Shell Parasite","floor":18.0,"turns":3.0},{"damage":0.0,"enemies":"theJungle:MUSHROOMGANG","floor":21.0,"turns":4.0},{"damage":7.0,"enemies":"theJungle:SlimyTreeVines","floor":22.0,"turns":3.0},{"damage":16.0,"enemies":"theJungle:MamaSnecko","floor":24.0,"turns":5.0},{"damage":1.0,"enemies":"Snake Plant","floor":25.0,"turns":4.0},{"damage":1.0,"enemies":"theJungle:JungleHuntersEncounter","floor":27.0,"turns":3.0},{"damage":0.0,"enemies":"theJungle:Cassacara","floor":28.0,"turns":2.0},{"damage":0.0,"enemies":"theJungle:MamaSnecko","floor":31.0,"turns":3.0},{"damage":11.0,"enemies":"theJungle:FunGuy","floor":33.0,"turns":4.0},{"damage":2.0,"enemies":"theFactory:BigBot","floor":35.0,"turns":3.0},{"damage":4.0,"enemies":"theFactory:2_Experiment_Personnel","floor":37.0,"turns":3.0},{"damage":15.0,"enemies":"theFactory:ShrapnelTosser","floor":39.0,"turns":3.0},{"damage":1.0,"enemies":"theFactory:Manservantes","floor":41.0,"turns":2.0},{"damage":0.0,"enemies":"theFactory:Orbs_and_Orb_Walker","floor":42.0,"turns":2.0},{"damage":1.0,"enemies":"theFactory:DefectiveSentry","floor":44.0,"turns":3.0},{"damage":0.0,"enemies":"theFactory:DrinkBrewer","floor":46.0,"turns":2.0},{"damage":11.0,"enemies":"theFactory:ShrapnelTosser","floor":47.0,"turns":2.0},{"damage":2,"enemies":"theFactory:Experiment01","floor":50,"turns":3}],"seed_played":"-1427683060470903303","potions_obtained":[{"floor":8.0,"key":"Regen Potion"},{"floor":10.0,"key":"jedi:StrikingPotion"},{"floor":12.0,"key":"DistilledChaos"},{"floor":18.0,"key":"ColorlessPotion"},{"floor":22.0,"key":"DemoMod:LeadSkinPotion"},{"floor":27.0,"key":"Swift Potion"},{"floor":33.0,"key":"Elixir"},{"floor":39.0,"key":"PowerPotion"},{"floor":44.0,"key":"DemoMod:LeadSkinPotion"}],"is_trial":false,"path_per_floor":["M","M","$","M","?","R","M","E","T","E","R","E","M","?","R","B",null,"M","?","?","M","M","R","E","M","T","M","E","$","R","E","R","B",null,"M","?","M","?","M","R","E","M","T","M","R","E","M","?","R","B",null],"character_chosen":"IRONCLAD","items_purchased":["ReplayTheSpireMod:CursedCoin","DemoMod:SerJunkan"],"campfire_rested":0,"item_purchase_floors":[3,3],"current_hp_per_floor":[80,80,80,80,80,80,80,41,41,47,47,63,70,70,70,73,80,80,80,80,80,80,80,70,75,75,80,80,80,80,80,80,75,80,80,80,80,80,71,71,76,80,80,80,80,80,75,75,75,79],"gold":146,"neow_bonus":"NOSTALGIA","is_daily":false,"chose_seed":false,"campfire_upgraded":9,"win_rate":0.0,"timestamp":1609750327,"path_taken":["M","M","$","M","?","R","M","E","T","E","R","E","M","?","R","BOSS","M","?","?","M","M","R","E","M","T","M","E","?","R","E","R","BOSS","M","?","M","?","M","R","E","M","T","M","R","E","?","?","R","BOSS"],"items_purchased_type":["Relic","Relic"],"build_version":"2020-12-22","purchased_purges":1,"victory":true,"max_hp_per_floor":[80,80,80,80,80,80,80,80,80,80,80,80,80,80,80,80,80,80,80,80,80,80,80,80,80,80,80,80,80,80,80,80,80,80,80,80,80,80,80,80,80,80,80,80,80,80,80,80,80,80],"card_choices":[{"not_picked":["Battle Trance","Disarm"],"picked":"Heavy Blade","floor":1.0},{"not_picked":["Fire Breathing","Flex"],"picked":"infinitespire:OneForAll","floor":2.0},{"not_picked":["Clothesline","Anger"],"picked":"Shrug It Off","floor":4.0},{"not_picked":["True Grit","Clothesline","Whirlwind"],"picked":"SKIP","floor":7.0},{"not_picked":["Spot Weakness","Cleave"],"picked":"Guardian:RefractedBeam","floor":8.0},{"not_picked":["Havoc","Guardian:Gem_Red","Cleave"],"picked":"SKIP","floor":10.0},{"not_picked":["Heavy Blade","Warcry","Carnage"],"picked":"SKIP","floor":12.0},{"not_picked":["Headbutt","Feel No Pain","conspire:ExplosiveBarrier"],"picked":"SKIP","floor":13.0},{"not_picked":["Exhume","Demonic Infusion"],"picked":"hubris:StunningStrike","floor":16.0},{"not_picked":["Seeing Red","Heavy Blade","Cleave"],"picked":"SKIP","floor":18.0},{"not_picked":["ReplayTheSpireMod:Muscle Training","Heavy Blade","Flex"],"picked":"SKIP","floor":21.0},{"not_picked":["Heavy Blade","Flex"],"picked":"ReplayTheSpireMod:Muscle Training","floor":21.0},{"not_picked":["Cleave","Flex"],"picked":"Shrug It Off","floor":22.0},{"not_picked":["Perfected Strike","Havoc"],"picked":"Shockwave","floor":24.0},{"not_picked":["DemoMod:BlackBlade","Anger","Battle Trance"],"picked":"SKIP","floor":25.0},{"not_picked":["DemoMod:BlackBlade","Anger"],"picked":"Battle Trance","floor":25.0},{"not_picked":["StuffTheSpire:Incineration","StuffTheSpire:RagingBull"],"picked":"Double Tap","floor":27.0},{"not_picked":["jedi:hate","StuffTheSpire:Pyroclast","Shrug It Off"],"picked":"SKIP","floor":28.0},{"not_picked":["Rage","StuffTheSpire:Incineration","Headbutt"],"picked":"SKIP","floor":31.0},{"not_picked":["Berserk","Limit Break"],"picked":"jedi:strikingstrike","floor":33.0},{"not_picked":["StuffTheSpire:Incineration","Rampage+1","Dropkick"],"picked":"SKIP","floor":35.0},{"not_picked":["Havoc","Flex+1","conspire:Charge+1"],"picked":"SKIP","floor":37.0},{"not_picked":["Intimidate+1","DemoMod:WhiteBlade","Body Slam"],"picked":"SKIP","floor":39.0},{"not_picked":["True Grit+1","Burning Pact","Perfected Strike+1"],"picked":"SKIP","floor":41.0},{"not_picked":["Metallicize","conspire:ExplosiveBarrier","Massacre+1"],"picked":"SKIP","floor":42.0},{"not_picked":["Twin Strike+1","hubris:CleavingFinish","Cleave"],"picked":"SKIP","floor":44.0},{"not_picked":["StuffTheSpire:Slingshot","Corruption","Perfected Strike"],"picked":"SKIP","floor":46.0},{"not_picked":["StuffTheSpire:Pyroclast","Intimidate","True Grit"],"picked":"SKIP","floor":47.0}],"player_experience":61225,"relics_obtained":[{"floor":8.0,"key":"DemoMod:Junk"},{"floor":9.0,"key":"DemoMod:Junk"},{"floor":10.0,"key":"DemoMod:Junk"},{"floor":12.0,"key":"DemoMod:Junk"},{"floor":24.0,"key":"DemoMod:Junk"},{"floor":26.0,"key":"DemoMod:Junk"},{"floor":28.0,"key":"DemoMod:Junk"},{"floor":31.0,"key":"halation:LettersToHer"},{"floor":41.0,"key":"halation:WeightlessCrab"},{"floor":43.0,"key":"halation:LettersToHer"},{"floor":43.0,"key":"DemoMod:Junk"},{"floor":46.0,"key":"Shuriken"}],"event_choices":[{"damage_healed":0.0,"max_hp_gain":0.0,"max_hp_loss":0.0,"gold_gain":0.0,"event_name":"Upgrade Shrine","player_choice":"Upgraded","floor":38.0,"gold_loss":0.0,"damage_taken":0.0,"cards_upgraded":["Double Tap"]}],"is_beta":false,"boss_relics":[{"not_picked":["trackpad:Coffee","Runic Cube"],"picked":"Ectoplasm"},{"not_picked":["aspiration:FutureDiary","aspiration:RitualDagger"],"picked":"vexMod:MysteryBossChallenge"}],"items_purged_floors":[29],"is_endless":false,"potions_floor_spawned":[8,10,12,18,22,27,33,35,39,44,47],"ascension_level":2}}