{"host":"gkh5j5k5w4qf7k7n","time":1609727385,"event":{"mods":["2.2 Compatiblity","AchievementEnabler","BaseMod","Colored Map","Colored Powertips","Downfall","GifTheSpireLib","Keyboard Shortcuts","Minty Spire (QoL Compilation)","Quick Restart","StSLib","SuperFastMode","¡¼?Úª?ø«¡½REMEMod"],"gold_per_floor":[99,274,274,274,274,274,344,344,377,36,36,55,81,98,112,208,208,133,147,347,365,147,147,220,250,250,269,302,387,411,427,441,561,561,561,589,589,609,658,592,619,544,590,612,638,407,407,448,470,470],"floor_reached":51,"playtime":3056,"items_purged":["hexamod:Strike","hexamod:Defend","hexamod:Sear","hexamod:GhostLash"],"score":906,"play_id":"d955b60c-a6dc-4308-923c-021ed58495ab","local_time":"20210104112945","is_ascension_mode":true,"campfire_choices":[{"data":"Bullet Time","floor":1.0,"key":"SMITH"},{"data":"hexamod:Float","floor":6.0,"key":"SMITH"},{"data":"hexamod:SpectralAdrenaline","floor":8.0,"key":"SMITH"},{"data":"hexamod:ParanormalForm","floor":18.0,"key":"SMITH"},{"data":"hexamod:GhostOfSpirePast","floor":23.0,"key":"SMITH"},{"data":"REME_TwoStrings","floor":26.0,"key":"SMITH"},{"data":"hexamod:HexaLevel","floor":35.0,"key":"SMITH"},{"data":"hexamod:GhostOfSpirePast","floor":42.0,"key":"SMITH"},{"data":"hexamod:Rewind","floor":47.0,"key":"SMITH"}],"circlet_count":0,"master_deck":["hexamod:Float+1","Bullet Time+1","hexamod:SpectersWail+1","hexamod:SpectralAdrenaline+1","hexamod:Incineration+1","hexamod:ParanormalForm+1","expansioncontent:PrepareCrush","expansioncontent:QuickStudy+1","hexamod:FirstSeal","hexamod:PhantomCloak+1","hexamod:VolcanoVisage","hexamod:SecondSeal","hexamod:Haunted","hexamod:GhostOfSpirePast+1","REME_TwoStrings+1","hexamod:GhostOfSpirePast+1","hexamod:GhostOfSpirePast+1","hexamod:EtherealExpedition+1","hexamod:SixthSeal","hexamod:PhantomFireball+1","hexamod:PowerFromBeyond","hexamod:HexaLevel+1","hexamod:GhostflameInferno","hexamod:Hexaguard+1","Master of Strategy+1","hexamod:AdvancingGuard+1","hexamod:InspiringFlames+1","hexamod:Rewind+1","hexamod:GiftsFromTheDead"],"relics":["hexamod:SpiritBrand","REME_ComplimentaryCards","downfall:HeartsMalice","Pantograph","Gambling Chip","Membership Card","Sundial","hexamod:IceCube","downfall:HeartBlessingGreen","hexamod:RecyclingMachine","Bottled Tornado","Tiny Chest","Pandora\u0027s Box","MealTicket","Molten Egg 2","War Paint","downfall:HeartBlessingBlue","Ancient Tea Set","InkBottle","Whetstone"],"acts_visited":["Exordium","TheCity","TheBeyond"],"potions_floor_usage":[],"damage_taken":[{"damage":0.0,"enemies":"Jaw Worm","floor":4.0,"turns":1.0},{"damage":0.0,"enemies":"2 Louse","floor":5.0,"turns":1.0},{"damage":0.0,"enemies":"3 Sentries","floor":9.0,"turns":1.0},{"damage":0.0,"enemies":"downfall:FleeingMerchant","floor":10.0,"turns":4.0},{"damage":0.0,"enemies":"Cultist","floor":12.0,"turns":3.0},{"damage":1.0,"enemies":"Lagavulin","floor":13.0,"turns":6.0},{"damage":18.0,"enemies":"Exordium Thugs","floor":14.0,"turns":4.0},{"damage":3.0,"enemies":"Exordium Wildlife","floor":15.0,"turns":4.0},{"damage":27.0,"enemies":"downfall:Silent","floor":16.0,"turns":6.0},{"damage":2.0,"enemies":"Shell Parasite","floor":19.0,"turns":5.0},{"damage":27.0,"enemies":"Chosen","floor":21.0,"turns":5.0},{"damage":0.0,"enemies":"downfall:FleeingMerchant","floor":22.0,"turns":4.0},{"damage":12.0,"enemies":"REME_1_Revenger","floor":25.0,"turns":4.0},{"damage":0.0,"enemies":"Snake Plant","floor":27.0,"turns":2.0},{"damage":10.0,"enemies":"Centurion and Healer","floor":28.0,"turns":5.0},{"damage":20.0,"enemies":"Shelled Parasite and Fungi","floor":30.0,"turns":4.0},{"damage":0.0,"enemies":"3 Cultists","floor":31.0,"turns":2.0},{"damage":3.0,"enemies":"Snake Plant","floor":32.0,"turns":3.0},{"damage":11.0,"enemies":"downfall:Watcher","floor":33.0,"turns":7.0},{"damage":43.0,"enemies":"3 Shapes","floor":36.0,"turns":5.0},{"damage":26.0,"enemies":"Orb Walker","floor":38.0,"turns":3.0},{"damage":0.0,"enemies":"downfall:FleeingMerchant","floor":40.0,"turns":3.0},{"damage":16.0,"enemies":"Giant Head","floor":44.0,"turns":6.0},{"damage":0.0,"enemies":"Spire Growth","floor":45.0,"turns":3.0},{"damage":0.0,"enemies":"Reptomancer","floor":48.0,"turns":4.0},{"damage":23,"enemies":"Writhing Mass","floor":49,"turns":4},{"damage":0,"enemies":"downfall:Ironclad","floor":50,"turns":5}],"seed_played":"6592305701064208403","potions_obtained":[{"floor":12.0,"key":"CultistPotion"},{"floor":13.0,"key":"Strength Potion"},{"floor":21.0,"key":"PowerPotion"},{"floor":27.0,"key":"hexamod:EctoCoolerPotion"},{"floor":45.0,"key":"Fruit Juice"},{"floor":49,"key":"Block Potion"}],"is_trial":false,"path_per_floor":["R","?","?","M","M","R","T","R","E","$","?","M","E","M","M","B",null,"R","M","?","M","$","R","T","E","R","M","M","?","M","M","M","B",null,"R","M","?","M","?","$","T","R","T","E","M","$","R","E","M","B",null],"character_chosen":"THE_SPIRIT","items_purchased":["Membership Card","expansioncontent:PrepareCrush","expansioncontent:QuickStudy","hexamod:GhostOfSpirePast","REME_TwoStrings","hexamod:RecyclingMachine","Master of Strategy","hexamod:AdvancingGuard","Molten Egg 2","War Paint","hexamod:Rewind","InkBottle"],"campfire_rested":0,"item_purchase_floors":[10,10,10,22,22,22,40,40,40,40,46,46],"current_hp_per_floor":[70,70,70,70,70,70,70,70,70,70,70,70,69,58,62,50,70,70,68,68,48,55,55,55,43,43,43,40,26,20,20,24,38,70,70,34,34,15,15,37,37,47,47,38,43,58,58,65,49,81],"gold":470,"neow_bonus":"THREE_ENEMY_KILL","is_daily":false,"chose_seed":false,"campfire_upgraded":9,"win_rate":0.0,"timestamp":1609727385,"path_taken":["R","?","?","?","M","R","T","R","E","$","?","M","E","M","M","BOSS","R","M","?","M","$","R","T","E","R","M","M","?","M","M","M","BOSS","R","M","?","M","?","$","T","R","?","E","?","?","R","E","M","BOSS"],"items_purchased_type":["Relic","Card","Card","Card","Card","Relic","Card","Card","Relic","Relic","Card","Relic"],"build_version":"2020-12-22","purchased_purges":4,"victory":true,"max_hp_per_floor":[70,70,70,70,70,70,70,70,70,70,70,70,70,70,70,70,70,70,70,70,70,70,70,70,70,70,70,70,70,70,70,70,70,70,70,70,70,70,70,70,70,80,80,80,85,85,85,85,85,85],"card_choices":[{"not_picked":["hexamod:ShieldOfDarkness","hexamod:InspiringFlames"],"picked":"hexamod:SpectersWail","floor":4.0},{"not_picked":["hexamod:SpectersWail","hexamod:Incineration"],"picked":"hexamod:SpectralAdrenaline","floor":5.0},{"not_picked":["hexamod:FastForward","hexamod:GhostLash"],"picked":"hexamod:Incineration","floor":9.0},{"not_picked":["hexamod:SuperheatedStrike","hexamod:FastForward"],"picked":"hexamod:ParanormalForm","floor":10.0},{"not_picked":["hexamod:BurningTouch","hexamod:NightmareStrike"],"picked":"hexamod:FirstSeal","floor":12.0},{"not_picked":["hexamod:SoulSteal","hexamod:SuperheatedStrike","hexamod:RainOfEmbers"],"picked":"SKIP","floor":13.0},{"not_picked":["hexamod:EtherealExpedition","hexamod:Hexaguard"],"picked":"hexamod:PhantomCloak","floor":14.0},{"not_picked":["hexamod:SoulSteal","hexamod:ExtraCrispy","hexamod:HeatMetal"],"picked":"SKIP","floor":15.0},{"not_picked":["hexamod:SearingWound","hexamod:CrushingStance"],"picked":"hexamod:VolcanoVisage","floor":16.0},{"not_picked":["hexamod:ShieldOfDarkness","hexamod:RainOfEmbers"],"picked":"hexamod:SecondSeal","floor":19.0},{"not_picked":["hexamod:BurningTouch+1","hexamod:SpectersWail+1","hexamod:GhostOfSpireFuture"],"picked":"SKIP","floor":21.0},{"not_picked":["hexamod:GhostOfSpireFuture","hexamod:NightmareGuise","hexamod:SpectersWail+1"],"picked":"SKIP","floor":22.0},{"not_picked":["hexamod:AdvancingGuard","hexamod:HauntingEcho","hexamod:ExtraCrispy"],"picked":"SKIP","floor":25.0},{"not_picked":["hexamod:HauntingEcho","hexamod:BacktrackSmack","hexamod:GhostOfSpirePresent"],"picked":"SKIP","floor":27.0},{"not_picked":["hexamod:HauntingEcho","hexamod:BacktrackSmack","hexamod:GhostOfSpirePresent"],"picked":"SKIP","floor":27.0},{"not_picked":["hexamod:NightmareGuise","hexamod:HeatMetal"],"picked":"hexamod:GhostOfSpirePast+1","floor":28.0},{"not_picked":["hexamod:SpectersWail","hexamod:AdvancingGuard","hexamod:Again"],"picked":"SKIP","floor":30.0},{"not_picked":["hexamod:FourthSeal","hexamod:HauntingEcho"],"picked":"hexamod:GhostOfSpirePast","floor":31.0},{"not_picked":["hexamod:ThermalTransfer+1","hexamod:GhostLash"],"picked":"hexamod:EtherealExpedition","floor":32.0},{"not_picked":["hexamod:UnleashSpirits","hexamod:TurnItUp"],"picked":"hexamod:SixthSeal","floor":33.0},{"not_picked":["hexamod:HauntingEcho+1","hexamod:BurningTouch"],"picked":"hexamod:Hexaguard","floor":36.0},{"not_picked":["hexamod:DynamicBlow","hexamod:InspiringFlames","hexamod:SkipABeat"],"picked":"SKIP","floor":38.0},{"not_picked":["hexamod:DynamicBlow","hexamod:InspiringFlames","hexamod:SkipABeat"],"picked":"SKIP","floor":38.0},{"not_picked":["hexamod:SwordOfDarkness+1","hexamod:BacktrackSmack+1","hexamod:ChargedBarrage+1"],"picked":"SKIP","floor":44.0},{"not_picked":["hexamod:SpectersWail+1","hexamod:ShieldOfDarkness"],"picked":"hexamod:InspiringFlames+1","floor":45.0},{"not_picked":["hexamod:ThermalTransfer+1","hexamod:HauntingEcho+1","hexamod:SuperheatedStrike+1"],"picked":"SKIP","floor":48.0},{"not_picked":["hexamod:SpectralSpark+1","hexamod:HauntingEcho+1"],"picked":"hexamod:GiftsFromTheDead","floor":49}],"player_experience":731397,"relics_obtained":[{"floor":7.0,"key":"Pantograph"},{"floor":9.0,"key":"Gambling Chip"},{"floor":13.0,"key":"Sundial"},{"floor":24.0,"key":"Bottled Tornado"},{"floor":25.0,"key":"Tiny Chest"},{"floor":39.0,"key":"MealTicket"},{"floor":43.0,"key":"Ancient Tea Set"},{"floor":48.0,"key":"Whetstone"}],"event_choices":[{"cards_removed":["Doubt"],"damage_healed":0.0,"max_hp_gain":0.0,"max_hp_loss":0.0,"gold_gain":0.0,"event_name":"Purifier","player_choice":"Purged","floor":3.0,"gold_loss":0.0,"damage_taken":0.0},{"cards_removed":["hexamod:Strike"],"damage_healed":0.0,"max_hp_gain":0.0,"max_hp_loss":0.0,"gold_gain":0.0,"event_name":"The Cleric","player_choice":"Card Removal","floor":11.0,"gold_loss":0.0,"damage_taken":0.0}],"is_beta":false,"boss_relics":[{"not_picked":["REME_ChargedStone","Fusion Hammer"],"picked":"hexamod:IceCube"},{"not_picked":["Velvet Choker","Tiny House"],"picked":"Pandora\u0027s Box"}],"items_purged_floors":[10,22,40,46],"is_endless":false,"potions_floor_spawned":[12,13,21,27,28,30,32,36,38,45,49],"ascension_level":2}}