{"host":"ox77rn1xcurm2t5a","time":1609804785,"event":{"mods":["2.2 Compatiblity","AchievementEnabler","Act Like it!","Aspiration","BaseMod","Best Route Mod","Better Match","Better Note","Better Sensory Stone","Block Reminder","Colored Map","Colored Powertips","Conjunction","Conspire","Custom Start","Energized Spire","GifTheSpireLib","Gold Saver","Gremlin Skip","Halation","Highlight Path","Hubris","Infinite Spire","Minty Spire (QoL Compilation)","Pale of the Ancients","Quick Restart","Replay The Spire","Reworked Bosses","ShortenTheSpire","Spire Exporter","StSLib","Stuff the Spire","Wandering Minibosses","vexMod"],"gold_per_floor":[243,168,168,487,504,536,536,550,597,597,597,625,625,640,640,744,744,755,773,803,803,803,823,823,823],"floor_reached":24,"playtime":1000,"items_purged":["Strike_B","Strike_B"],"score":380,"play_id":"92bde608-5c55-4c50-84ec-27cc93b8fb4c","local_time":"20210105015945","is_ascension_mode":true,"campfire_choices":[{"floor":7,"key":"RECALL"},{"data":"Zap","floor":11,"key":"SMITH"},{"data":"Loop","floor":15,"key":"SMITH"}],"circlet_count":0,"master_deck":["AscendersBane","Strike_B","Strike_B","Defend_B+1","Defend_B","Defend_B+1","Defend_B","Zap+1","Dualcast","Hologram+1","Discovery+1","Gash","Loop+1","Ball Lightning","Gash","StuffTheSpire:ShieldGenerator","Machine Learning","Gash","Gash","Conserve Battery","FIFO Queue"],"relics":["Cracked Core","NeowsBlessing","War Paint","StuffTheSpire:SapphireSignet","Juzu Bracelet","Boot","hubris:TerracottaHorce","Red Mask","hubris:DeckOfHolding"],"acts_visited":["Exordium","TheCity"],"potions_floor_usage":[12,14,18,19,20,23,23,23,23],"damage_taken":[{"damage":0,"enemies":"Jaw Worm","floor":1,"turns":1},{"damage":0,"enemies":"Cultist","floor":5,"turns":1},{"damage":0,"enemies":"3 Sentries","floor":6,"turns":1},{"damage":0,"enemies":"2 Louse","floor":8,"turns":2},{"damage":11,"enemies":"Lagavulin","floor":12,"turns":8},{"damage":6,"enemies":"Red Slaver","floor":14,"turns":4},{"damage":26,"enemies":"Hexaghost","floor":16,"turns":9},{"damage":0,"enemies":"Spheric Guardian","floor":18,"turns":3},{"damage":30,"enemies":"2 Thieves","floor":19,"turns":4},{"damage":7,"enemies":"Masked Bandits","floor":20,"turns":3},{"damage":5,"enemies":"Chosen and Byrds","floor":23,"turns":4},{"damage":45,"enemies":"Slavers","floor":24,"turns":3}],"seed_played":"5184587269234318671","potions_obtained":[{"floor":5,"key":"SteroidPotion"},{"floor":12,"key":"Weak Potion"},{"floor":18,"key":"EssenceOfSteel"},{"floor":19,"key":"PowerPotion"},{"floor":20,"key":"Fire Potion"},{"floor":22,"key":"EntropicBrew"}],"is_trial":false,"path_per_floor":["M","?","?","$","M","E","R","M","T","?","R","E","?","M","R","B",null,"M","M","?","AVR","?","M","E"],"character_chosen":"DEFECT","items_purchased":["Gash","Loop","War Paint","StuffTheSpire:SapphireSignet","PowerPotion"],"campfire_rested":0,"item_purchase_floors":[4,4,4,4,4],"current_hp_per_floor":[68,68,68,68,68,68,68,68,68,68,68,57,57,51,51,25,63,65,35,28,28,28,35,0,0],"gold":823,"neow_bonus":"THREE_ENEMY_KILL","is_daily":false,"chose_seed":false,"campfire_upgraded":2,"win_rate":0.0,"timestamp":1609804785,"path_taken":["M","?","?","$","M","E","R","M","T","?","R","E","?","M","R","BOSS","M","M","?","AVR","?","M","E"],"items_purchased_type":["Card","Card","Relic","Relic","Potion"],"build_version":"2020-12-22","purchased_purges":2,"victory":false,"max_hp_per_floor":[75,75,75,75,75,75,75,75,75,75,75,75,75,75,75,75,75,75,75,75,75,75,75,75,75],"card_choices":[{"not_picked":["BasicCrystalCard","Beam Cell","aspiration:Polymerization"],"picked":"SKIP","floor":1},{"not_picked":["BasicCrystalCard+1","Panic Button+1"],"picked":"Hologram+1","floor":2},{"not_picked":["Replay:BasicMightCard+1","Replay:Parry+1"],"picked":"Discovery+1","floor":2},{"not_picked":["StuffTheSpire:Plugnplay","Stack"],"picked":"Ball Lightning","floor":5},{"not_picked":["Core Surge","ReplayTheSpireMod:Dual Polarity","Turbo"],"picked":"SKIP","floor":6},{"not_picked":["Ball Lightning","Turbo"],"picked":"Gash","floor":8},{"not_picked":["StuffTheSpire:Plugnplay","Rainbow","Undo"],"picked":"SKIP","floor":12},{"not_picked":["Aggregate","StuffTheSpire:Plugnplay"],"picked":"StuffTheSpire:ShieldGenerator","floor":14},{"not_picked":["StuffTheSpire:EventHorizon","Amplify"],"picked":"Machine Learning","floor":16},{"not_picked":["Steam","Stack"],"picked":"Gash","floor":18},{"not_picked":["Force Field","BasicCrystalCard"],"picked":"Gash","floor":19},{"not_picked":["Leap","Steam"],"picked":"Conserve Battery","floor":20},{"not_picked":["Tempest","Redo"],"picked":"FIFO Queue","floor":23}],"player_experience":2892000,"relics_obtained":[{"floor":6,"key":"Juzu Bracelet"},{"floor":12,"key":"Boot"},{"floor":20,"key":"Red Mask"}],"event_choices":[{"damage_healed":0,"gold_gain":0,"player_choice":"2","damage_taken":0,"max_hp_gain":0,"max_hp_loss":0,"event_name":"betterMatch:BetterMatch","floor":2,"gold_loss":0,"cards_obtained":["betterMatch:CommonCard","betterMatch:ColorlessUncommonCard"]},{"damage_healed":0,"gold_gain":0,"player_choice":"Ignored","damage_taken":0,"max_hp_gain":0,"max_hp_loss":0,"event_name":"betterNote:BetterNote","floor":10,"gold_loss":0,"cards_obtained":["Strike_P"]},{"damage_healed":0,"gold_gain":0,"player_choice":"Fought Bandits","damage_taken":0,"max_hp_gain":0,"max_hp_loss":0,"event_name":"Masked Bandits","floor":20,"gold_loss":0},{"damage_healed":0,"gold_gain":0,"player_choice":"Got Potions","damage_taken":0,"max_hp_gain":0,"max_hp_loss":0,"event_name":"Lab","floor":22,"gold_loss":0}],"is_beta":false,"boss_relics":[{"not_picked":["halation:CatFaceCupcake","Astrolabe"],"picked":"hubris:TerracottaHorce"}],"items_purged_floors":[4,21],"is_endless":false,"potions_floor_spawned":[5,6,12,18,19,20],"killed_by":"Slavers","ascension_level":11}}