{"host":"6gnv7me3tk2udb7q","time":1609797010,"event":{"mods":["BaseMod","Bestiary","Colored Map","Minty Spire (QoL Compilation)"],"gold_per_floor":[114,128,1,76,76,76,102,102,102,119,146,166,166,17,17,120,120,136,153,153,153,185,185,185],"floor_reached":23,"playtime":905,"items_purged":[],"score":371,"play_id":"acbdca6a-0181-4fb2-9d3d-7ea5879a8cbd","local_time":"20210104165010","is_ascension_mode":true,"campfire_choices":[{"data":"Streamline","floor":6,"key":"SMITH"},{"data":"Rainbow","floor":8,"key":"SMITH"},{"data":"Defragment","floor":13,"key":"SMITH"},{"floor":15,"key":"REST"}],"circlet_count":0,"master_deck":["Strike_B","Defend_B","Defend_B","Defend_B","Defend_B","Zap","Dualcast","Thunder Strike","FTL","Streamline+1","Rainbow+1","Self Repair","Rainbow","Defragment+1","Compile Driver","Double Energy","Machine Learning","Chill","Conserve Battery","Multi-Cast","Rip and Tear+1","Capacitor+1","Fusion+1","Stack","Barrage+1","Ghostly","Ghostly","Ghostly","Ghostly","Ghostly","Self Repair"],"relics":["Cracked Core","Cables","MealTicket","Tiny Chest","Orrery","Astrolabe","Mercury Hourglass","Red Mask"],"acts_visited":["Exordium","TheCity"],"potions_floor_usage":[7,7,7,11,16],"damage_taken":[{"damage":0,"enemies":"Small Slimes","floor":1,"turns":3},{"damage":5,"enemies":"2 Louse","floor":2,"turns":2},{"damage":10,"enemies":"Lagavulin","floor":7,"turns":3},{"damage":0,"enemies":"Cultist","floor":10,"turns":2},{"damage":16,"enemies":"Gremlin Nob","floor":11,"turns":3},{"damage":28,"enemies":"Exordium Thugs","floor":12,"turns":5},{"damage":0,"enemies":"Slime Boss","floor":16,"turns":5},{"damage":31,"enemies":"3 Byrds","floor":18,"turns":7},{"damage":10,"enemies":"Shell Parasite","floor":19,"turns":3},{"damage":24,"enemies":"Masked Bandits","floor":22,"turns":5},{"damage":17,"enemies":"Slavers","floor":23,"turns":1}],"seed_played":"-2001759116059244866","potions_obtained":[{"floor":5,"key":"Fire Potion"},{"floor":10,"key":"ColorlessPotion"},{"floor":12,"key":"GamblersBrew"},{"floor":19,"key":"CultistPotion"},{"floor":22,"key":"Dexterity Potion"}],"is_trial":false,"path_per_floor":["M","M","$","?","?","R","E","R","T","M","E","M","R","$","R","B",null,"M","M","?","T","?","E"],"character_chosen":"DEFECT","items_purchased":["AttackPotion","DuplicationPotion","Orrery"],"campfire_rested":1,"item_purchase_floors":[3,3,14],"current_hp_per_floor":[68,63,63,52,52,52,42,42,42,42,36,15,15,30,52,59,71,47,44,37,37,13,0,0],"gold":185,"neow_bonus":"ONE_RANDOM_RARE_CARD","is_daily":false,"chose_seed":false,"campfire_upgraded":3,"win_rate":0.0,"timestamp":1609797010,"path_taken":["M","M","$","?","?","R","E","R","T","M","E","?","R","?","R","BOSS","M","M","?","?","?","E"],"items_purchased_type":["Potion","Potion","Relic"],"build_version":"2020-12-22","purchased_purges":0,"victory":false,"max_hp_per_floor":[75,75,75,75,75,75,75,75,75,75,75,75,75,75,75,75,75,75,75,37,37,37,37,37],"card_choices":[{"not_picked":["Sweeping Beam","Rebound"],"picked":"FTL","floor":1},{"not_picked":["Leap","Darkness"],"picked":"Streamline","floor":2},{"not_picked":["Redo","Recycle"],"picked":"Rainbow","floor":7},{"not_picked":["Conserve Battery","Leap"],"picked":"Self Repair","floor":10},{"not_picked":["Cold Snap","Sweeping Beam"],"picked":"Rainbow","floor":11},{"not_picked":["Leap","Chill"],"picked":"Defragment","floor":12},{"not_picked":["Go for the Eyes","Meteor Strike"],"picked":"Compile Driver","floor":14},{"not_picked":["Hologram","Sunder"],"picked":"Double Energy","floor":14},{"not_picked":["Hello World","Rebound"],"picked":"Machine Learning","floor":14},{"not_picked":["Aggregate","Fission"],"picked":"Chill","floor":14},{"not_picked":["Hologram","Rebound"],"picked":"Conserve Battery","floor":14},{"not_picked":["Machine Learning","Meteor Strike"],"picked":"Multi-Cast","floor":16},{"not_picked":["Gash","Scrape"],"picked":"Stack","floor":18},{"not_picked":["Gash","Cold Snap"],"picked":"Barrage+1","floor":19},{"not_picked":["Hologram","Streamline+1"],"picked":"Self Repair","floor":22}],"player_experience":587435,"relics_obtained":[{"floor":7,"key":"Cables"},{"floor":9,"key":"MealTicket"},{"floor":11,"key":"Tiny Chest"},{"floor":21,"key":"Mercury Hourglass"},{"floor":22,"key":"Red Mask"}],"event_choices":[{"damage_healed":0,"gold_gain":75,"player_choice":"Gather Gold","damage_taken":11,"max_hp_gain":0,"max_hp_loss":0,"event_name":"World of Goop","floor":4,"gold_loss":0},{"damage_healed":0,"gold_gain":0,"player_choice":"Got Potions","damage_taken":0,"max_hp_gain":0,"max_hp_loss":0,"event_name":"Lab","floor":5,"gold_loss":0},{"damage_healed":0,"gold_gain":0,"player_choice":"Became a Ghost","damage_taken":0,"max_hp_gain":0,"max_hp_loss":38,"event_name":"Ghosts","floor":20,"gold_loss":0,"cards_obtained":["Ghostly","Ghostly","Ghostly","Ghostly","Ghostly"]},{"damage_healed":0,"gold_gain":0,"player_choice":"Fought Bandits","damage_taken":0,"max_hp_gain":0,"max_hp_loss":0,"event_name":"Masked Bandits","floor":22,"gold_loss":0}],"is_beta":false,"boss_relics":[{"not_picked":["Snecko Eye","Busted Crown"],"picked":"Astrolabe"}],"items_purged_floors":[],"is_endless":false,"potions_floor_spawned":[10,12,19,22],"killed_by":"Slavers","ascension_level":8}}