{"host":"j25kpsdysct9h495","time":1609723303,"event":{"mods":["BaseMod","Bestiary","Minty Spire (QoL Compilation)"],"gold_per_floor":[114,114,114,189,33,51,70,70,70,70,70,97,113,126,126,126,126],"floor_reached":16,"playtime":506,"items_purged":[],"score":100,"play_id":"5f7ce362-e6d3-41df-bf70-212999c15190","local_time":"20210103232143","is_ascension_mode":false,"campfire_choices":[{"floor":8,"key":"REST"},{"floor":15,"key":"REST"}],"circlet_count":0,"master_deck":["Strike_B","Strike_B","Strike_B","Strike_B","Defend_B","Defend_B","Defend_B","Zap","Dualcast","Madness","Defragment","Hologram","Gash","Leap"],"relics":["Cracked Core","PreservedInsect","White Beast Statue","Anchor"],"acts_visited":["Exordium"],"potions_floor_usage":[],"damage_taken":[{"damage":8,"enemies":"Jaw Worm","floor":1,"turns":4},{"damage":0,"enemies":"Small Slimes","floor":6,"turns":3},{"damage":2,"enemies":"2 Louse","floor":7,"turns":3},{"damage":23,"enemies":"Gremlin Nob","floor":12,"turns":4},{"damage":26,"enemies":"Exordium Thugs","floor":13,"turns":5},{"damage":6,"enemies":"Blue Slaver","floor":14,"turns":4},{"damage":26,"enemies":"Slime Boss","floor":16,"turns":4}],"seed_played":"7697310072354581924","potions_obtained":[{"floor":7,"key":"SpeedPotion"},{"floor":12,"key":"LiquidBronze"},{"floor":13,"key":"Explosive Potion"}],"is_trial":false,"path_per_floor":["M","?","?","?","$","M","M","R","T","?","?","E","M","M","R","B"],"character_chosen":"DEFECT","items_purchased":["PreservedInsect"],"campfire_rested":2,"item_purchase_floors":[5],"current_hp_per_floor":[67,67,67,56,56,56,54,75,75,75,68,45,19,13,35,9,9],"gold":126,"neow_bonus":"RANDOM_COLORLESS","is_daily":false,"chose_seed":true,"campfire_upgraded":0,"win_rate":0.0,"timestamp":1609723303,"path_taken":["M","?","?","?","$","M","M","R","T","?","?","E","?","M","R","BOSS"],"items_purchased_type":["Relic"],"build_version":"2020-12-22","purchased_purges":0,"victory":false,"max_hp_per_floor":[75,75,75,75,75,75,75,75,75,75,75,75,75,75,75,75,75],"card_choices":[{"not_picked":["Bandage Up","Trip"],"picked":"Madness","floor":0},{"not_picked":["Storm","Conserve Battery"],"picked":"Defragment","floor":1},{"not_picked":["Beam Cell","Force Field"],"picked":"Hologram","floor":6},{"not_picked":["Reprogram","Redo","Heatsinks"],"picked":"SKIP","floor":7},{"not_picked":["Darkness","Tempest"],"picked":"Gash","floor":12},{"not_picked":["Steam Power","Stack","Hello World"],"picked":"SKIP","floor":13},{"not_picked":["Storm","Consume"],"picked":"Leap","floor":14}],"player_experience":7074,"relics_obtained":[{"floor":9,"key":"White Beast Statue"},{"floor":12,"key":"Anchor"}],"event_choices":[{"damage_healed":0,"gold_gain":0,"player_choice":"Ignored","damage_taken":0,"max_hp_gain":0,"max_hp_loss":0,"event_name":"Shining Light","floor":2,"gold_loss":0},{"damage_healed":0,"gold_gain":0,"player_choice":"Ignored","damage_taken":0,"max_hp_gain":0,"max_hp_loss":0,"event_name":"Golden Idol","floor":3,"gold_loss":0},{"damage_healed":0,"gold_gain":75,"player_choice":"Gather Gold","damage_taken":11,"max_hp_gain":0,"max_hp_loss":0,"event_name":"World of Goop","floor":4,"gold_loss":0},{"damage_healed":0,"gold_gain":0,"player_choice":"Leave","damage_taken":0,"max_hp_gain":0,"max_hp_loss":0,"event_name":"The Cleric","floor":10,"gold_loss":0},{"cards_removed":["Defend_B"],"damage_healed":0,"gold_gain":0,"player_choice":"Card Removal","damage_taken":7,"max_hp_gain":0,"max_hp_loss":0,"event_name":"Golden Wing","floor":11,"gold_loss":0}],"is_beta":false,"boss_relics":[],"items_purged_floors":[],"is_endless":false,"potions_floor_spawned":[7,12,13,14],"killed_by":"Slime Boss","ascension_level":0}}