{"host":"xcuflocadasoaqda","time":1609736183,"event":{"mods":["BaseMod","Bestiary","Filter the Spire","Minty Spire (QoL Compilation)","Relic Stats"],"gold_per_floor":[117,117,132,57,132,132,164,176,200,200,212,212,112,124,124,124,124],"floor_reached":16,"playtime":817,"items_purged":["Clothesline","Bash"],"score":250,"play_id":"05b70f69-4404-45b5-9650-e0abc560451c","local_time":"20210103225623","is_ascension_mode":true,"campfire_choices":[{"data":"Uppercut","floor":6.0,"key":"SMITH"},{"data":"Ghostly Armor","floor":12,"key":"SMITH"},{"data":"Entrench","floor":15,"key":"SMITH"}],"circlet_count":0,"master_deck":["AscendersBane","Shockwave","Uppercut+1","Warcry","Ghostly Armor+1","Dropkick","Metallicize","Inflame","Dark Embrace","Entrench+1"],"relics":["Pandora\u0027s Box","Blood Vial"],"acts_visited":["Exordium"],"potions_floor_usage":[],"damage_taken":[{"damage":5.0,"enemies":"Jaw Worm","floor":1.0,"turns":3.0},{"damage":7.0,"enemies":"Small Slimes","floor":3.0,"turns":3.0},{"damage":0.0,"enemies":"Lagavulin","floor":7.0,"turns":6.0},{"damage":9.0,"enemies":"Cultist","floor":8.0,"turns":4.0},{"damage":13,"enemies":"Lots of Slimes","floor":11,"turns":6},{"damage":11,"enemies":"Exordium Wildlife","floor":14,"turns":5},{"damage":25,"enemies":"Slime Boss","floor":16,"turns":3}],"seed_played":"-2903207530407501261","potions_obtained":[{"floor":1.0,"key":"BlessingOfTheForge"},{"floor":8.0,"key":"Dexterity Potion"},{"floor":14,"key":"Dexterity Potion"}],"is_trial":false,"path_per_floor":["M","?","M","$","?","R","E","M","T","?","M","R","$","M","R","B"],"character_chosen":"IRONCLAD","items_purchased":[],"campfire_rested":0,"item_purchase_floors":[],"current_hp_per_floor":[63,68,61,61,50,50,50,43,43,43,32,32,32,23,23,0,0],"gold":124,"neow_bonus":"BOSS_RELIC","is_daily":false,"chose_seed":false,"campfire_upgraded":3,"win_rate":0.0,"timestamp":1609736183,"path_taken":["M","?","M","$","?","R","E","M","T","?","?","R","$","M","R","BOSS"],"items_purchased_type":[],"build_version":"2020-12-22","purchased_purges":2,"victory":false,"max_hp_per_floor":[75,80,80,80,80,80,80,80,80,80,80,80,80,80,80,80,80],"relic_stats":{"Blood Vial":8,"counters":[7,30],"Pandora\u0027s Box":["Shockwave","Uppercut","Warcry","Ghostly Armor","Dropkick","Metallicize","Inflame","Dark Embrace","Clothesline"],"obtain_stats":[{"Blood Vial":7,"Pandora\u0027s Box":0,"Burning Blood":0},{"Blood Vial":3,"Pandora\u0027s Box":0,"Burning Blood":0},{"Blood Vial":12,"Pandora\u0027s Box":0,"Burning Blood":0}]},"card_choices":[{"not_picked":["Inflame","Intimidate","Perfected Strike"],"picked":"SKIP","floor":1.0},{"not_picked":["Warcry","True Grit","Wild Strike"],"picked":"SKIP","floor":3.0},{"not_picked":["Uppercut","Infernal Blade","Sword Boomerang"],"picked":"SKIP","floor":7.0},{"not_picked":["Iron Wave","Flex","Evolve"],"picked":"SKIP","floor":8.0},{"not_picked":["Perfected Strike","Pommel Strike","Shrug It Off"],"picked":"SKIP","floor":11},{"not_picked":["Hemokinesis","Burning Pact","Entrench"],"picked":"SKIP","floor":14},{"not_picked":["Hemokinesis","Burning Pact"],"picked":"Entrench","floor":14}],"player_experience":1873308,"relics_obtained":[{"floor":7.0,"key":"Blood Vial"}],"event_choices":[{"damage_healed":0.0,"max_hp_gain":5.0,"max_hp_loss":0.0,"gold_gain":0.0,"event_name":"Big Fish","player_choice":"Donut","floor":2.0,"gold_loss":0.0,"damage_taken":0.0},{"damage_healed":0.0,"max_hp_gain":0.0,"max_hp_loss":0.0,"gold_gain":75.0,"event_name":"World of Goop","player_choice":"Gather Gold","floor":5.0,"gold_loss":0.0,"damage_taken":11.0},{"damage_healed":0,"gold_gain":0,"player_choice":"0 cards matched","damage_taken":0,"max_hp_gain":0,"max_hp_loss":0,"event_name":"Match and Keep!","floor":10,"gold_loss":0,"cards_obtained":[]}],"is_beta":false,"boss_relics":[],"items_purged_floors":[4,13],"is_endless":false,"potions_floor_spawned":[1,8,14],"killed_by":"Slime Boss","ascension_level":20}}