{"host":"pqhwp6kmk3x070f7","time":1609800854,"event":{"mods":["Act Like it!","BaseMod","Better Altar","Better Match","Better Note","Better Sensory Stone","Better Skull","Better Third Choice","Downfall","Energized Spire","Hallownest","Hubris","Infinite Spire","Minty Spire (QoL Compilation)","Replay The Spire","StSLib","The Animator","The Bug Knight","The Caster","The Marked"],"gold_per_floor":[13,26,26,42,117,150,150,150,150,179,198,217,229,34,34,136,136,146,118,118,135,15,15,47,47,101,116,133,133,133,159,159,261,261,276,326,326,343,343,343,343,343,343],"floor_reached":42,"playtime":5535,"items_purged":["Regret","caster:defend"],"score":496,"play_id":"e99ca5e0-d935-4f2b-b731-e318b9a4c19f","local_time":"20210104145414","is_ascension_mode":false,"campfire_choices":[{"data":"caster:Focusyn","floor":7,"key":"SMITH"},{"floor":15,"key":"REST"},{"floor":23,"key":"REST"},{"floor":25,"key":"REST"},{"floor":29,"key":"REST"},{"data":"caster:IzanagisObdurance","floor":32,"key":"SMITH"}],"circlet_count":0,"master_deck":["caster:Meteor","caster:DivertFocus","caster:strike","caster:strike","caster:defend","caster:defend","caster:defend","caster:defend","caster:WallOfThorns","caster:Illusion","caster:Focusyn+1","caster:IzanagisObdurance+1","caster:Heavy+1","caster:MegaloSpark","caster:Surge","caster:Grimoire","caster:BurnItDown","caster:ManaOverflow","caster:MagicWeapon+1","caster:SpontaneousCombustion+1","caster:Elementalize","caster:DiablosFlame+1","caster:NaturalChaos","caster:PyroclasticTide","caster:PyroclasticTide","Pot Of Greed","Pot Of Greed","Pot Of Greed","caster:Fissure","caster:GateOfBabylon","caster:MagicAttunement"],"relics":["caster:MagicBook","Replay:Kaleidoscope","hubris:TinFlute","Happy Flower","Shuriken","Dream Catcher","Membership Card","SlaversCollar","Mummified Hand","Regal Pillow","Grinning Jar","hubris:EmptyBottle","Darkstone Periapt","energizedSpire:SpiderWeb","Ginger"],"acts_visited":["Exordium","TheCity","TheBeyond"],"potions_floor_usage":[13,13,18,19,24,31,31,36,36,38,38],"damage_taken":[{"damage":0,"enemies":"Small Slimes","floor":1,"turns":3},{"damage":0,"enemies":"Jaw Worm","floor":2,"turns":4},{"damage":4,"enemies":"Cultist","floor":4,"turns":5},{"damage":3,"enemies":"Replay:BlueRogue","floor":6,"turns":8},{"damage":14,"enemies":"3 Sentries","floor":10,"turns":7},{"damage":2,"enemies":"2 Fungi Beasts","floor":11,"turns":6},{"damage":2,"enemies":"Gremlin Gang","floor":12,"turns":3},{"damage":3,"enemies":"Lots of Slimes","floor":13,"turns":3},{"damage":28,"enemies":"Slime Boss","floor":16,"turns":13},{"damage":8,"enemies":"3 Byrds","floor":18,"turns":4},{"damage":19,"enemies":"2 Thieves","floor":19,"turns":6},{"damage":10,"enemies":"Centurion and Healer","floor":21,"turns":9},{"damage":32,"enemies":"Gremlin Leader","floor":24,"turns":6},{"damage":19,"enemies":"3 Cultists","floor":27,"turns":5},{"damage":15,"enemies":"Snecko","floor":28,"turns":7},{"damage":0,"enemies":"Book of Stabbing","floor":31,"turns":5},{"damage":27,"enemies":"Collector","floor":33,"turns":9},{"damage":15,"enemies":"Orb Walker","floor":35,"turns":4},{"damage":1,"enemies":"Mind Bloom Boss Battle","floor":36,"turns":7},{"damage":14,"enemies":"3 Darklings","floor":38,"turns":5},{"damage":43,"enemies":"Reptomancer","floor":42,"turns":2}],"seed_played":"4038513181146678344","potions_obtained":[{"floor":11,"key":"Block Potion"},{"floor":12,"key":"AttackPotion"},{"floor":13,"key":"Fire Potion"},{"floor":18,"key":"Weak Potion"},{"floor":21,"key":"PowerPotion"},{"floor":28,"key":"LifebloodPotion"},{"floor":35,"key":"Languid Potion"},{"floor":36,"key":"Adrenaline Potion"}],"is_trial":false,"path_per_floor":["M","M","?","M","?","E","R","?","T","E","M","M","M","$","R","B",null,"M","M","?","M","$","R","E","R","T","M","M","R","AVR","E","R","B",null,"M","?","?","M","$","PTL","PTL","E"],"character_chosen":"THE_CASTER","items_purchased":["Membership Card","Mummified Hand"],"campfire_rested":4,"item_purchase_floors":[14,22],"current_hp_per_floor":[64,64,64,60,49,46,46,46,46,32,30,28,25,25,44,16,64,56,37,37,27,27,46,18,52,52,33,22,56,56,56,56,33,64,49,50,50,36,36,36,36,0,0],"gold":343,"neow_bonus":"ONE_RARE_RELIC","is_daily":false,"chose_seed":false,"campfire_upgraded":2,"win_rate":0.0,"timestamp":1609800854,"path_taken":["M","M","?","M","?","E","R","?","T","E","M","M","M","$","R","BOSS","M","M","?","M","$","R","E","R","T","M","M","R","AVR","E","R","BOSS","M","?","?","?","?","PTL","PTL","E"],"items_purchased_type":["Relic","Relic"],"build_version":"2020-12-22","purchased_purges":2,"victory":false,"max_hp_per_floor":[64,64,64,64,64,64,64,64,64,64,64,64,64,64,64,64,64,64,64,64,64,64,64,64,64,64,64,64,64,64,64,64,64,64,64,64,64,64,64,64,64,64,64],"card_choices":[{"not_picked":["caster:PyroclasticTide","caster:Sandstorm"],"picked":"caster:WallOfThorns","floor":1},{"not_picked":["caster:Fireball","caster:MagicBarrier"],"picked":"caster:Illusion","floor":2},{"not_picked":["caster:Fireball","caster:MeteorStorm"],"picked":"caster:Focusyn","floor":4},{"not_picked":["caster:Barbroot","caster:IcicleLance"],"picked":"caster:IzanagisObdurance","floor":6},{"not_picked":["caster:AbsoluteZero","caster:LightningBolt"],"picked":"caster:MegaloSpark","floor":10},{"not_picked":["caster:Fireball","caster:MagicWeapon","caster:Sleet"],"picked":"SKIP","floor":11},{"not_picked":["caster:FireWall","caster:LightningBolt"],"picked":"caster:Surge","floor":12},{"not_picked":["caster:IcicleLance","caster:FlashFrost"],"picked":"caster:Grimoire","floor":13},{"not_picked":["caster:MeteorStorm","caster:FrigidBeam"],"picked":"caster:BurnItDown","floor":15},{"not_picked":["caster:Susanoo","caster:Explosion"],"picked":"caster:ManaOverflow","floor":16},{"not_picked":["caster:LAZER","caster:Embers"],"picked":"caster:MagicWeapon+1","floor":18},{"not_picked":["caster:FrigidBeam","caster:FlashSpeed+1"],"picked":"caster:SpontaneousCombustion+1","floor":19},{"not_picked":["caster:MagicResonance","caster:Cryogenesis"],"picked":"caster:DiablosFlame+1","floor":21},{"not_picked":["caster:MagicWeapon","caster:Cryogenesis+1"],"picked":"caster:NaturalChaos","floor":23},{"not_picked":["caster:FrigidBeam","caster:QuickCast+1"],"picked":"caster:PyroclasticTide","floor":24},{"not_picked":["caster:Sleet","caster:FlashSpeed"],"picked":"caster:PyroclasticTide","floor":25},{"not_picked":["caster:MagicWeapon","caster:Grimoire","caster:SpontaneousCombustion"],"picked":"SKIP","floor":27},{"not_picked":["caster:BookThrow","caster:FlashSpeed+1","caster:DiablosFlame"],"picked":"SKIP","floor":28},{"not_picked":["caster:DiablosFlame","caster:MagicBarrier"],"picked":"caster:Fissure","floor":31},{"not_picked":["caster:SunGoddessAmaterasu","caster:ShortenedChant"],"picked":"caster:GateOfBabylon","floor":33},{"not_picked":["caster:Sandstorm","caster:FlashSpeed+1","caster:DiablosFlame"],"picked":"SKIP","floor":35},{"not_picked":["caster:DiamondDust","caster:FlashFrost"],"picked":"caster:MagicAttunement","floor":36},{"not_picked":["caster:FrostDriver+1","caster:Fireball","caster:WallOfAsh+1"],"picked":"SKIP","floor":38}],"player_experience":1988583,"relics_obtained":[{"floor":6,"key":"Happy Flower"},{"floor":9,"key":"Shuriken"},{"floor":10,"key":"Dream Catcher"},{"floor":24,"key":"Regal Pillow"},{"floor":26,"key":"Grinning Jar"},{"floor":31,"key":"Darkstone Periapt"},{"floor":36,"key":"Ginger"}],"event_choices":[{"damage_healed":0,"gold_gain":0,"player_choice":"Box","damage_taken":0,"relics_obtained":["hubris:TinFlute"],"max_hp_gain":0,"max_hp_loss":0,"event_name":"Big Fish","floor":3,"gold_loss":0,"cards_obtained":["Regret"]},{"damage_healed":0,"gold_gain":75,"player_choice":"Gold","damage_taken":11,"max_hp_gain":0,"max_hp_loss":0,"event_name":"betterThird:BetterGoop","floor":5,"gold_loss":0},{"damage_healed":0,"gold_gain":0,"cards_transformed":["caster:strike"],"player_choice":"Transformed","damage_taken":0,"max_hp_gain":0,"max_hp_loss":0,"event_name":"Transmorgrifier","floor":20,"gold_loss":0,"cards_obtained":["caster:Elementalize"]},{"damage_healed":0,"gold_gain":0,"player_choice":"Fight","damage_taken":0,"max_hp_gain":0,"max_hp_loss":0,"event_name":"MindBloom","floor":36,"gold_loss":0},{"cards_removed":["caster:strike"],"damage_healed":0,"gold_gain":0,"player_choice":"Offered Basic","damage_taken":0,"max_hp_gain":0,"max_hp_loss":0,"event_name":"Bonfire Elementals","floor":37,"gold_loss":0}],"is_beta":false,"boss_relics":[{"not_picked":["Fusion Hammer","hubris:CrackedHourglass"],"picked":"SlaversCollar"},{"not_picked":["energizedSpire:RedRose","Busted Crown"],"picked":"energizedSpire:SpiderWeb"}],"items_purged_floors":[14,30],"is_endless":false,"potions_floor_spawned":[1,11,12,13,18,21,28,35,36],"killed_by":"Reptomancer","ascension_level":0}}