{"host":"anox4050deqdcqoh","time":1609739039,"event":{"mods":["BaseMod","Colored Map","Highlight Path","Minty Spire (QoL Compilation)","Quick Restart","Rare Cards Sparkle","everything is the same but u backflip on backflip"],"gold_per_floor":[113,126,126,126,147,147,171,207,234,199,199,214,214,238,238,359,359,383,383,396,175,188,219,219,219,219,233,233,233,233,78,78,202,202,217,235,235,92,105,105,130,148,173,173,197,33,56,82,82,82,82],"floor_reached":50,"playtime":2469,"items_purged":[],"score":487,"play_id":"f1fb30a9-17d4-410c-8111-fb6884141d9a","local_time":"20210104004359","is_ascension_mode":true,"campfire_choices":[{"floor":6,"key":"REST"},{"data":"Infernal Blade","floor":13,"key":"SMITH"},{"floor":15,"key":"REST"},{"floor":24,"key":"REST"},{"floor":30,"key":"REST"},{"data":"Fire Breathing","floor":32,"key":"SMITH"},{"floor":40,"key":"RECALL"},{"floor":49,"key":"REST"}],"circlet_count":0,"master_deck":["Strike_R+1","Strike_R+1","Strike_R+1","Strike_R+1","Strike_R+1","Defend_R+1","Defend_R+1","Defend_R+1","Defend_R+1","Inflame","Flex","Cleave","Pommel Strike","Rage+1","Warcry","Infernal Blade+1","Limit Break","Shrug It Off","True Grit+1","Fire Breathing+1","Headbutt+1","Armaments+1","Berserk+1","Iron Wave","Fire Breathing","Heavy Blade+1","Feel No Pain+1","Wild Strike","Entrench+1","Barricade","Intimidate"],"relics":["Burning Blood","Golden Idol","Centennial Puzzle","Runic Cube","Akabeko","Omamori","Shuriken","Nloth\u0027s Gift","Lee\u0027s Waffle","Art of War","Smiling Mask"],"acts_visited":["Exordium","TheCity","TheBeyond"],"potions_floor_usage":[14,28,28,42,47,50],"damage_taken":[{"damage":8,"enemies":"Jaw Worm","floor":1,"turns":4},{"damage":2,"enemies":"2 Louse","floor":2,"turns":3},{"damage":5,"enemies":"Small Slimes","floor":5,"turns":3},{"damage":5,"enemies":"Looter","floor":7,"turns":4},{"damage":34,"enemies":"3 Sentries","floor":8,"turns":8},{"damage":0,"enemies":"2 Fungi Beasts","floor":12,"turns":3},{"damage":5,"enemies":"3 Louse","floor":14,"turns":2},{"damage":73,"enemies":"Hexaghost","floor":16,"turns":10},{"damage":20,"enemies":"Spheric Guardian","floor":18,"turns":4},{"damage":5,"enemies":"Chosen","floor":20,"turns":4},{"damage":23,"enemies":"Sentry and Sphere","floor":22,"turns":6},{"damage":45,"enemies":"Book of Stabbing","floor":23,"turns":7},{"damage":15,"enemies":"Centurion and Healer","floor":27,"turns":6},{"damage":3,"enemies":"Colosseum Slavers","floor":28,"turns":3},{"damage":75,"enemies":"Collector","floor":33,"turns":11},{"damage":17,"enemies":"Orb Walker","floor":35,"turns":4},{"damage":4,"enemies":"3 Shapes","floor":36,"turns":4},{"damage":32,"enemies":"3 Darklings","floor":39,"turns":8},{"damage":7,"enemies":"4 Shapes","floor":41,"turns":5},{"damage":37,"enemies":"Maw","floor":42,"turns":8},{"damage":62,"enemies":"Writhing Mass","floor":45,"turns":8},{"damage":29,"enemies":"Jaw Worm Horde","floor":47,"turns":5},{"damage":54,"enemies":"Donu and Deca","floor":50,"turns":5}],"seed_played":"1423532957605664187","potions_obtained":[{"floor":2,"key":"Swift Potion"},{"floor":7,"key":"SkillPotion"},{"floor":12,"key":"GamblersBrew"},{"floor":14,"key":"Fruit Juice"},{"floor":20,"key":"SkillPotion"},{"floor":36,"key":"EssenceOfSteel"},{"floor":42,"key":"DuplicationPotion"},{"floor":45,"key":"GamblersBrew"}],"is_trial":false,"path_per_floor":["M","M","?","?","M","R","M","E","T","?","?","M","R","M","R","B",null,"M","?","M","$","M","E","R","?","T","M","?","?","R","$","R","B",null,"M","M","?","$","M","R","M","M","T","?","M","$","M","T","R","B"],"character_chosen":"IRONCLAD","items_purchased":["Fire Breathing","Akabeko","Lee\u0027s Waffle","Art of War","Barricade"],"campfire_rested":5,"item_purchase_floors":[21,21,31,38,46],"current_hp_per_floor":[78,80,60,53,54,78,79,51,51,71,55,61,61,67,85,18,85,71,71,72,72,55,16,41,41,41,32,35,35,60,92,92,23,92,81,83,83,83,57,57,56,25,25,92,36,36,13,13,40,0,0],"gold":82,"neow_bonus":"THREE_CARDS","is_daily":false,"chose_seed":false,"campfire_upgraded":2,"win_rate":0.0,"timestamp":1609739039,"path_taken":["M","M","?","?","M","R","M","E","T","?","?","M","R","M","R","BOSS","M","?","M","$","M","E","R","?","T","M","?","?","R","$","R","BOSS","M","M","?","?","?","R","?","M","T","?","M","$","M","?","R","BOSS"],"items_purchased_type":["Card","Relic","Relic","Relic","Card"],"build_version":"2020-12-22","purchased_purges":0,"victory":false,"max_hp_per_floor":[80,80,80,80,80,80,80,80,80,80,80,80,80,85,85,85,85,85,85,85,85,85,85,85,85,85,85,85,85,85,92,92,92,92,92,92,92,92,92,92,92,92,92,92,92,92,92,92,92,92,92],"card_choices":[{"not_picked":["True Grit","Flex"],"picked":"Inflame","floor":0},{"not_picked":["Clash","True Grit"],"picked":"Flex","floor":1},{"not_picked":["Clash","Havoc"],"picked":"Cleave","floor":2},{"not_picked":["Thunderclap","Twin Strike"],"picked":"Pommel Strike","floor":5},{"not_picked":["Twin Strike","Flex"],"picked":"Rage","floor":7},{"not_picked":["Dropkick","Reckless Charge"],"picked":"Warcry","floor":8},{"not_picked":["Thunderclap","Power Through"],"picked":"Infernal Blade","floor":12},{"not_picked":["Dropkick","Anger","Wild Strike"],"picked":"SKIP","floor":14},{"not_picked":["Brutality","Fiend Fire"],"picked":"Limit Break","floor":16},{"not_picked":["Clash+1","Sword Boomerang"],"picked":"Shrug It Off","floor":18},{"not_picked":["Rage+1","Flex"],"picked":"True Grit+1","floor":20},{"not_picked":["Iron Wave","Combust"],"picked":"Headbutt+1","floor":22},{"not_picked":["Heavy Blade","Double Tap","Pummel"],"picked":"SKIP","floor":23},{"not_picked":["Clothesline","Anger"],"picked":"Armaments+1","floor":27},{"not_picked":["Bludgeon","Offering"],"picked":"Berserk","floor":33},{"not_picked":["Seeing Red","Twin Strike+1"],"picked":"Iron Wave","floor":35},{"not_picked":["Armaments","Havoc"],"picked":"Fire Breathing","floor":36},{"not_picked":["Sentinel+1","Havoc+1"],"picked":"Heavy Blade+1","floor":39},{"not_picked":["Pommel Strike","Carnage"],"picked":"Feel No Pain+1","floor":41},{"not_picked":["Bloodletting","Shrug It Off"],"picked":"Wild Strike","floor":42},{"not_picked":["Flex+1","Twin Strike+1"],"picked":"Entrench+1","floor":45},{"not_picked":["Pummel","Heavy Blade"],"picked":"Intimidate","floor":47}],"player_experience":263592,"relics_obtained":[{"floor":8,"key":"Pen Nib"},{"floor":9,"key":"Centennial Puzzle"},{"floor":23,"key":"Omamori"},{"floor":26,"key":"Shuriken"},{"floor":48,"key":"Smiling Mask"}],"event_choices":[{"damage_healed":0,"gold_gain":0,"player_choice":"Take Damage","damage_taken":20,"relics_obtained":["Golden Idol"],"max_hp_gain":0,"max_hp_loss":0,"event_name":"Golden Idol","floor":3,"gold_loss":0},{"cards_removed":["Bash"],"damage_healed":0,"gold_gain":0,"player_choice":"Card Removal","damage_taken":7,"max_hp_gain":0,"max_hp_loss":0,"event_name":"Golden Wing","floor":4,"gold_loss":0},{"damage_healed":20,"gold_gain":0,"player_choice":"Healed","damage_taken":0,"max_hp_gain":0,"max_hp_loss":0,"event_name":"The Cleric","floor":10,"gold_loss":35},{"damage_healed":0,"gold_gain":0,"player_choice":"Entered Light","damage_taken":16,"max_hp_gain":0,"max_hp_loss":0,"event_name":"Shining Light","floor":11,"gold_loss":0,"cards_upgraded":["Strike_R","Rage"]},{"damage_healed":0,"gold_gain":0,"player_choice":"Ignored","damage_taken":0,"max_hp_gain":0,"max_hp_loss":0,"event_name":"Ghosts","floor":19,"gold_loss":0},{"damage_healed":0,"gold_gain":0,"player_choice":"Simplicity","damage_taken":0,"max_hp_gain":0,"max_hp_loss":0,"event_name":"Back to Basics","floor":25,"gold_loss":0,"cards_upgraded":["Strike_R","Strike_R","Strike_R","Strike_R","Defend_R","Defend_R","Defend_R","Defend_R"]},{"damage_healed":0,"gold_gain":0,"player_choice":"Fight","damage_taken":0,"max_hp_gain":0,"max_hp_loss":0,"event_name":"Colosseum","floor":28,"gold_loss":0},{"damage_healed":0,"gold_gain":0,"player_choice":"Fled From Nobs","damage_taken":0,"max_hp_gain":0,"max_hp_loss":0,"event_name":"Colosseum","floor":28,"gold_loss":0},{"damage_healed":0,"gold_gain":0,"player_choice":"Traded Relic","damage_taken":0,"relics_obtained":["Nloth\u0027s Gift"],"max_hp_gain":0,"max_hp_loss":0,"event_name":"N\u0027loth","floor":29,"relics_lost":["Pen Nib"],"gold_loss":0},{"damage_healed":0,"gold_gain":0,"player_choice":"Upgraded","damage_taken":0,"max_hp_gain":0,"max_hp_loss":0,"event_name":"Upgrade Shrine","floor":37,"gold_loss":0,"cards_upgraded":["Berserk"]},{"damage_healed":67,"gold_gain":0,"player_choice":"Heal","damage_taken":0,"max_hp_gain":0,"max_hp_loss":0,"event_name":"MindBloom","floor":44,"gold_loss":0,"cards_obtained":["Doubt"]}],"is_beta":false,"boss_relics":[{"not_picked":["Coffee Dripper","Sozu"],"picked":"Runic Cube"},{"not_picked":["Snecko Eye","Velvet Choker","Cursed Key"]}],"items_purged_floors":[],"is_endless":false,"potions_floor_spawned":[2,7,12,14,20,36,42,45],"killed_by":"Donu and Deca","ascension_level":1}}