{"host":"88gj1a6q1iuldet9","time":1609729112,"event":{"mods":["Act Like it!","BaseMod","Better Note","Better Third Choice","BetterRewards","Conspire","Decade(???)","Downfall","Energized Spire","Gensokyo","GungeonMod","Hubris","Jorbs\u0027s Wanderer Trilogy","Luminous","Magitek Elite","Melee Mod","Minty Spire (QoL Compilation)","Quick Restart","Reimu??????","Replay The Spire","Robot Space Explorer","Shop Mod","StSLib","The Dragon Tamer","The Hayseed","The Marked","The Mystic","The Necromancer","The Runesmith","The Sage","TheArtist","TheFirefly","Wandering Minibosses","Yakumo Yukari mod","Yuri Mod"],"gold_per_floor":[117,117,130,157,176,176,176],"floor_reached":6,"playtime":1204,"items_purged":[],"score":36,"play_id":"b4a8768e-8e49-41b7-96b7-46ef003d2714","local_time":"20210103215832","is_ascension_mode":false,"campfire_choices":[],"circlet_count":0,"master_deck":["mysticmod:Strike_Mystic","mysticmod:Strike_Mystic","mysticmod:Strike_Mystic","mysticmod:Strike_Mystic","mysticmod:Defend_Mystic","mysticmod:Defend_Mystic","mysticmod:Defend_Mystic","mysticmod:Defend_Mystic","mysticmod:ArcaneDodge","mysticmod:ShockingGrasp","mysticmod:Momentum","mysticmod:Riposte","Regret","mysticmod:GreaterInvisibility+1","mysticmod:Disengage+1","mysticmod:BladeMaster+1"],"relics":["mysticmod:SpellBook","Toxic Egg 2","Quantum Egg"],"acts_visited":["Exordium"],"potions_floor_usage":[6],"damage_taken":[{"damage":0,"enemies":"2 Louse","floor":1,"turns":4},{"damage":3,"enemies":"Small Slimes","floor":3,"turns":2},{"damage":14,"enemies":"conspire:MimicChest","floor":4,"turns":8},{"damage":2,"enemies":"conspire:RoseBush","floor":5,"turns":2},{"damage":52,"enemies":"Replay:BlueRogue","floor":6,"turns":13}],"seed_played":"-5660040043858087767","potions_obtained":[{"floor":4,"key":"Cursed Concoction"},{"floor":5,"key":"sneckomod:MuddlingPotion"}],"is_trial":false,"path_per_floor":["M","?","M","?","M","E"],"character_chosen":"MYSTIC_CLASS","items_purchased":[],"campfire_rested":0,"item_purchase_floors":[],"current_hp_per_floor":[70,70,67,53,51,0,0],"gold":176,"neow_bonus":"THREE_RARE_CARDS","is_daily":false,"chose_seed":false,"campfire_upgraded":0,"win_rate":0.0,"timestamp":1609729112,"path_taken":["M","?","M","?","M","E"],"items_purchased_type":[],"build_version":"2020-12-22","purchased_purges":0,"victory":false,"max_hp_per_floor":[70,70,70,70,70,70,70],"card_choices":[{"not_picked":["mysticmod:Natural20","mysticmod:Haste"],"picked":"mysticmod:Momentum","floor":0},{"not_picked":["mysticmod:ArcaneAccuracy","mysticmod:TomeOfSpells"],"picked":"mysticmod:Riposte","floor":1},{"not_picked":["mysticmod:Alacrity+1","mysticmod:Daze+1"],"picked":"mysticmod:GreaterInvisibility+1","floor":3},{"not_picked":["mysticmod:Probe","mysticmod:Shield+1"],"picked":"mysticmod:Disengage+1","floor":4},{"not_picked":["mysticmod:PunishingArmor+1","mysticmod:LightningBolt"],"picked":"mysticmod:BladeMaster+1","floor":5}],"player_experience":1033159,"relics_obtained":[{"floor":4,"key":"Quantum Egg"}],"event_choices":[{"damage_healed":0,"gold_gain":0,"player_choice":"Box","damage_taken":0,"relics_obtained":["Toxic Egg 2"],"max_hp_gain":0,"max_hp_loss":0,"event_name":"Big Fish","floor":2,"gold_loss":0,"cards_obtained":["Regret"]}],"is_beta":false,"boss_relics":[],"items_purged_floors":[],"is_endless":false,"potions_floor_spawned":[4,5],"killed_by":"Replay:BlueRogue","ascension_level":0}}