{"host":"g7xvyycavwkoojg3","time":1609800854,"event":{"mods":["BaseMod","Challenge The Spire","Exacting","GifTheSpireLib","HexUI Lib","Minty Spire (QoL Compilation)","Replay The Spire","Shop Mod","StSLib","The Hierophant"],"gold_per_floor":[110,111,104,99,110,114,114,157,157,153,153],"floor_reached":10,"playtime":792,"items_purged":[],"score":72,"play_id":"9ed79050-e070-441f-84e7-a802c5300a99","local_time":"20210104175414","is_ascension_mode":false,"campfire_choices":[{"floor":7,"key":"REST"}],"circlet_count":0,"master_deck":["hierophant:Strike_Hierophant","hierophant:Strike_Hierophant","hierophant:Strike_Hierophant","hierophant:Strike_Hierophant","hierophant:Punish","hierophant:Defend_Hierophant","hierophant:Defend_Hierophant","hierophant:Defend_Hierophant","hierophant:Defend_Hierophant","hierophant:ChurchCoffers","hierophant:DisplayOfPower","hierophant:Kindle","hierophant:RepressedViolence","hierophant:Doubloon","hierophant:CursedGold","hierophant:Doubloon","hierophant:Dazzle","hierophant:RepressedViolence","hierophant:RepressedViolence"],"relics":["hierophant:PropheticMaskRelic","Tiny Chest","Pantograph"],"acts_visited":["Exordium"],"potions_floor_usage":[6,10],"damage_taken":[{"damage":8,"enemies":"Jaw Worm","floor":1,"turns":3},{"damage":0,"enemies":"2 Louse","floor":2,"turns":1},{"damage":10,"enemies":"Cultist","floor":3,"turns":3},{"damage":22,"enemies":"Exordium Thugs","floor":4,"turns":5},{"damage":11,"enemies":"Large Slime","floor":5,"turns":4},{"damage":18,"enemies":"Lagavulin","floor":6,"turns":6},{"damage":16,"enemies":"2 Fungi Beasts","floor":8,"turns":4},{"damage":37,"enemies":"Gremlin Nob","floor":10,"turns":4}],"seed_played":"-5122123748742390600","potions_obtained":[{"floor":4,"key":"Flashbang"},{"floor":8,"key":"Dexterity Potion"}],"is_trial":false,"path_per_floor":["M","M","M","M","M","E","R","M","T","E"],"character_chosen":"HIEROPHANT","items_purchased":[],"campfire_rested":1,"item_purchase_floors":[],"current_hp_per_floor":[74,74,64,42,31,13,37,21,21,0,0],"gold":153,"neow_bonus":"TEN_PERCENT_HP_BONUS","is_daily":false,"chose_seed":false,"campfire_upgraded":0,"win_rate":0.0,"timestamp":1609800854,"path_taken":["M","M","M","M","M","E","R","M","T","E"],"items_purchased_type":[],"build_version":"2020-12-22","purchased_purges":0,"victory":false,"max_hp_per_floor":[82,82,82,82,82,82,82,82,82,82,82],"card_choices":[{"not_picked":["hierophant:ThreeLashes","hierophant:Smite"],"picked":"hierophant:DisplayOfPower","floor":1},{"not_picked":["hierophant:FlamingChariot","hierophant:Mercenaries"],"picked":"hierophant:Kindle","floor":2},{"not_picked":["hierophant:MorningPrayer","hierophant:Purify"],"picked":"hierophant:RepressedViolence","floor":3},{"not_picked":["hierophant:SolarFlare","hierophant:Smite"],"picked":"hierophant:CursedGold","floor":4},{"not_picked":["hierophant:FieryStrike","hierophant:ThreeLashes"],"picked":"hierophant:Dazzle","floor":5},{"not_picked":["hierophant:Upheaval","hierophant:HolyVerse"],"picked":"hierophant:RepressedViolence","floor":6},{"not_picked":["hierophant:HammerAndAnvil","hierophant:Community"],"picked":"hierophant:RepressedViolence","floor":8}],"player_experience":99850,"relics_obtained":[{"floor":6,"key":"Tiny Chest"},{"floor":9,"key":"Pantograph"}],"event_choices":[],"is_beta":false,"boss_relics":[],"items_purged_floors":[],"is_endless":false,"potions_floor_spawned":[4,8],"killed_by":"Gremlin Nob","ascension_level":0}}