{"host":"ox77rn1xcurm2t5a","time":1609792920,"event":{"mods":["2.2 Compatiblity","AchievementEnabler","Act Like it!","Aspiration","BaseMod","Best Route Mod","Better Match","Better Note","Better Sensory Stone","Block Reminder","Colored Map","Colored Powertips","Conjunction","Conspire","Custom Start","Energized Spire","GifTheSpireLib","Gold Saver","Gremlin Skip","Halation","Highlight Path","Hubris","Infinite Spire","Minty Spire (QoL Compilation)","Pale of the Ancients","Quick Restart","Replay The Spire","Reworked Bosses","ShortenTheSpire","Spire Exporter","StSLib","Stuff the Spire","Wandering Minibosses","vexMod"],"gold_per_floor":[109,109,109,109,121,121,152,152,152,182,210,537,567,567,567,663,663,674,674,674,674,689,689,689,689,689,689,712,712,712,712],"floor_reached":30,"playtime":749,"items_purged":["Zap"],"score":408,"play_id":"01db2cec-bfce-40fc-92dc-2f677a0e59b6","local_time":"20210104224200","is_ascension_mode":true,"campfire_choices":[{"floor":6.0,"key":"RECALL"},{"data":"Dualcast","floor":8.0,"key":"SMITH"},{"floor":15.0,"key":"REST"},{"data":"StuffTheSpire:Innocence","floor":23.0,"key":"SMITH"},{"data":"Chill","floor":27.0,"key":"SMITH"},{"data":"Cold Snap","floor":29.0,"key":"SMITH"}],"circlet_count":0,"master_deck":["AscendersBane","Strike_B","Strike_B","Strike_B","Strike_B","Defend_B","Defend_B","Defend_B","Defend_B","Dualcast+1","Chill+1","Cold Snap+1","Cold Snap","FIFO Queue","Chill+1","Conserve Battery","StuffTheSpire:Innocence+1"],"relics":["Cracked Core","NeowsBlessing","StuffTheSpire:Experiment12","infinitespire:CheckeredPen","Odd Mushroom","Juzu Bracelet","conspire:TopHat","OrangePellets","Lantern"],"acts_visited":["Exordium","TheCity"],"potions_floor_usage":[30],"damage_taken":[{"damage":0.0,"enemies":"Jaw Worm","floor":1.0,"turns":1.0},{"damage":0.0,"enemies":"2 Louse","floor":5.0,"turns":1.0},{"damage":0.0,"enemies":"Gremlin Nob","floor":7.0,"turns":1.0},{"damage":8.0,"enemies":"The Mushroom Lair","floor":10.0,"turns":5.0},{"damage":27.0,"enemies":"Lagavulin","floor":11.0,"turns":9.0},{"damage":14.0,"enemies":"Gremlin Nob","floor":13.0,"turns":5.0},{"damage":7.0,"enemies":"Hexaghost","floor":16.0,"turns":10.0},{"damage":1.0,"enemies":"Spheric Guardian","floor":18.0,"turns":5.0},{"damage":6.0,"enemies":"3 Byrds","floor":22.0,"turns":9.0},{"damage":46,"enemies":"Book of Stabbing","floor":30,"turns":8}],"seed_played":"520076269693963158","potions_obtained":[{"floor":4.0,"key":"Cursed Concoction"},{"floor":4.0,"key":"CultistPotion"},{"floor":16.0,"key":"Swift Potion"},{"floor":18.0,"key":"SteroidPotion"},{"floor":22.0,"key":"Fire Potion"}],"is_trial":false,"path_per_floor":["M","?","?","?","M","R","E","R","T","?","E","$","E","?","R","B",null,"M","?","?","T","M","R","PTL","PTL","?","R","T","R","E"],"character_chosen":"DEFECT","items_purchased":["FIFO Queue","conspire:TopHat","OrangePellets","Chill","Conserve Battery"],"campfire_rested":1,"item_purchase_floors":[12,12,12,12,12],"current_hp_per_floor":[68,68,68,68,68,68,68,68,68,60,33,33,19,19,41,34,65,64,64,64,64,58,58,58,58,58,58,58,58,12,12],"gold":712,"neow_bonus":"THREE_ENEMY_KILL","is_daily":false,"chose_seed":false,"campfire_upgraded":4,"win_rate":0.0,"timestamp":1609792920,"path_taken":["M","?","?","?","?","R","E","R","T","?","E","$","E","?","R","BOSS","M","?","?","?","M","R","PTL","PTL","?","R","T","R","E"],"items_purchased_type":["Card","Relic","Relic","Card","Card"],"build_version":"2020-12-22","purchased_purges":1,"victory":false,"max_hp_per_floor":[75,75,75,75,75,75,75,75,75,75,75,75,75,75,75,75,75,75,75,75,75,75,75,75,75,75,75,75,75,75,75],"card_choices":[{"not_picked":["Leap","hubris:PowerSurge"],"picked":"Chill","floor":1.0},{"not_picked":["Leap","FTL"],"picked":"Cold Snap","floor":5.0},{"not_picked":["Go for the Eyes","Aggregate","BasicCrystalCard"],"picked":"SKIP","floor":7.0},{"not_picked":["StuffTheSpire:LoadUp","Blizzard"],"picked":"Cold Snap","floor":11.0},{"not_picked":["Leap","All For One","Compile Driver"],"picked":"SKIP","floor":13.0},{"not_picked":["StuffTheSpire:LoadUp","Time Bomb+1","Streamline"],"picked":"SKIP","floor":18.0},{"not_picked":["StuffTheSpire:Ambrosia","StuffTheSpire:Perfection"],"picked":"StuffTheSpire:Innocence","floor":20.0},{"not_picked":["Leap","Conserve Battery","Rebound"],"picked":"SKIP","floor":22.0}],"player_experience":2892000,"relics_obtained":[{"floor":7.0,"key":"StuffTheSpire:Experiment12"},{"floor":9.0,"key":"infinitespire:CheckeredPen"},{"floor":10.0,"key":"Odd Mushroom"},{"floor":11.0,"key":"Juzu Bracelet"},{"floor":13.0,"key":"aspiration:EnhancedActuators"},{"floor":21.0,"key":"Lantern"}],"event_choices":[{"damage_healed":0.0,"max_hp_gain":0.0,"max_hp_loss":0.0,"gold_gain":0.0,"event_name":"Golden Idol","player_choice":"Ignored","floor":3.0,"gold_loss":0.0,"damage_taken":0.0},{"damage_healed":0.0,"max_hp_gain":0.0,"max_hp_loss":0.0,"gold_gain":0.0,"event_name":"Lab","player_choice":"Got Potions","floor":4.0,"gold_loss":0.0,"damage_taken":0.0},{"damage_healed":0.0,"max_hp_gain":0.0,"max_hp_loss":0.0,"gold_gain":0.0,"event_name":"Mushrooms","player_choice":"Fought Mushrooms","floor":10.0,"gold_loss":0.0,"damage_taken":0.0},{"damage_healed":0.0,"max_hp_gain":0.0,"max_hp_loss":0.0,"gold_gain":0.0,"event_name":"betterNote:BetterNote","player_choice":"Ignored","floor":19.0,"gold_loss":0.0,"damage_taken":0.0,"cards_obtained":["Strike_P"]},{"damage_healed":0.0,"max_hp_gain":0.0,"max_hp_loss":0.0,"gold_gain":0.0,"event_name":"Accursed Blacksmith","player_choice":"Forge","floor":26.0,"gold_loss":0.0,"damage_taken":0.0,"cards_upgraded":["Chill"]}],"is_beta":false,"boss_relics":[{"not_picked":["StuffTheSpire:ModemDavis","hubris:Stopwatch","vexMod:EndlessSickness"]}],"items_purged_floors":[12],"is_endless":false,"potions_floor_spawned":[7,10,16,18,22],"killed_by":"Book of Stabbing","ascension_level":11}}