{"host":"wg29woj1pduqw9vg","time":1609747214,"event":{"mods":["BaseMod","Better Third Choice","Colored Map","Downfall","Highlight Path","Minty Spire (QoL Compilation)","Quick Restart","StSLib"],"gold_per_floor":[99,99,110,124,143,169,169,169,195,212,212,230,230,230,242,341,341,341,358,358,76,92,92,92,92,120,135,135,147,164,178,191,191,191,191],"floor_reached":33,"playtime":3348,"items_purged":["Guardian:Strike_Guardian"],"score":331,"play_id":"11d2d603-6f5f-4938-8e63-35c1feca2dea","local_time":"20210104000014","is_ascension_mode":false,"campfire_choices":[{"data":"Guardian:Strike_Guardian","floor":1,"key":"SMITH"},{"data":"Guardian:CurlUp","floor":8,"key":"SMITH"},{"data":"Guardian:EvasiveProtocol","floor":11,"key":"SMITH"},{"data":"Guardian:ArmoredProtocol","floor":18,"key":"SMITH"},{"data":"Guardian:Suspension","floor":23,"key":"SMITH"}],"circlet_count":0,"master_deck":["Guardian:Strike_Guardian","Guardian:Strike_Guardian+1","Guardian:Strike_Guardian+1","Guardian:Defend_Guardian","Guardian:Defend_Guardian","Guardian:Defend_Guardian","Guardian:Defend_Guardian","Guardian:CurlUp+1","Guardian:TwinSlam+1","Guardian:ArmoredProtocol+1","Guardian:CrystalBeam","Guardian:EvasiveProtocol+1","Guardian:ChargeCore","Guardian:BronzeArmor","Guardian:AncientConstruct","Guardian:GuardianWhirl+1","Guardian:Suspension+1","Guardian:RollAttack","Guardian:SphericShield","Guardian:ShieldSpikes","Guardian:SentryBeam+1"],"relics":["Guardian:ModeShifter","Anchor","Pantograph","Sozu","Whetstone","Nloth\u0027s Gift","Potion Belt"],"acts_visited":["Exordium","TheCity"],"potions_floor_usage":[6,9,16,19,26,26],"damage_taken":[{"damage":0,"enemies":"Cultist","floor":3,"turns":3},{"damage":0,"enemies":"Jaw Worm","floor":4,"turns":3},{"damage":4,"enemies":"2 Louse","floor":5,"turns":3},{"damage":14,"enemies":"Gremlin Nob","floor":6,"turns":5},{"damage":13,"enemies":"3 Sentries","floor":9,"turns":10},{"damage":1,"enemies":"Red Slaver","floor":10,"turns":4},{"damage":0,"enemies":"3 Louse","floor":12,"turns":2},{"damage":0,"enemies":"Lots of Slimes","floor":15,"turns":4},{"damage":0,"enemies":"downfall:Watcher","floor":16,"turns":15},{"damage":6,"enemies":"Spheric Guardian","floor":19,"turns":5},{"damage":0,"enemies":"downfall:FleeingMerchant","floor":21,"turns":4},{"damage":16,"enemies":"Shelled Parasite and Fungi","floor":22,"turns":7},{"damage":6,"enemies":"Book of Stabbing","floor":26,"turns":5},{"damage":3,"enemies":"Sentry and Sphere","floor":27,"turns":8},{"damage":11,"enemies":"Centurion and Healer","floor":29,"turns":6},{"damage":0,"enemies":"Chosen and Byrds","floor":30,"turns":2},{"damage":0,"enemies":"Shelled Parasite and Fungi","floor":31,"turns":7},{"damage":0,"enemies":"Sentry and Sphere","floor":32,"turns":4},{"damage":19,"enemies":"downfall:Ironclad","floor":33,"turns":9}],"seed_played":"9156390935660317227","potions_obtained":[{"floor":4,"key":"Fire Potion"},{"floor":5,"key":"SkillPotion"},{"floor":6,"key":"Fire Potion"},{"floor":9,"key":"Regen Potion"},{"floor":10,"key":"Ancient Potion"},{"floor":12,"key":"Weak Potion"},{"floor":16,"key":"Explosive Potion"}],"is_trial":false,"path_per_floor":["R","?","M","M","M","E","T","R","E","M","R","M","?","?","M","B",null,"R","M","?","$","M","R","T","?","E","M","?","M","M","M","M","B"],"character_chosen":"GUARDIAN","items_purchased":["Guardian:RollAttack","Whetstone"],"campfire_rested":0,"item_purchase_floors":[21,21],"current_hp_per_floor":[80,80,80,80,76,62,62,62,49,48,48,48,48,48,48,73,80,80,74,74,74,58,58,58,58,52,49,49,38,38,38,38,44,44,44],"gold":191,"neow_bonus":"UPGRADE_CARD","is_daily":false,"chose_seed":false,"campfire_upgraded":5,"win_rate":0.0,"timestamp":1609747214,"path_taken":["R","?","M","?","M","E","T","R","E","M","R","M","?","?","M","BOSS","R","M","?","$","M","R","T","?","E","?","?","M","M","?","M","BOSS"],"items_purchased_type":["Card","Relic"],"build_version":"2020-12-22","purchased_purges":1,"victory":false,"max_hp_per_floor":[80,80,80,80,80,80,80,80,80,80,80,80,80,80,80,80,80,80,80,80,80,80,80,80,80,80,80,80,80,80,80,80,80,80,80],"card_choices":[{"not_picked":["Guardian:Gem_Green","Guardian:ShieldCharger","Guardian:PolyBeam"],"picked":"SKIP","floor":3},{"not_picked":["Guardian:Gem_Green","Guardian:ShieldCharger","Guardian:PolyBeam"],"picked":"SKIP","floor":3},{"not_picked":["Guardian:PrimingBeam","Guardian:Recover"],"picked":"Guardian:Gem_Purple","floor":4},{"not_picked":["Guardian:Reroute","Guardian:WalkerClaw"],"picked":"Guardian:ArmoredProtocol","floor":5},{"not_picked":["Guardian:PiercingHide","Guardian:SentryBeam"],"picked":"Guardian:CrystalBeam","floor":6},{"not_picked":["Guardian:RollAttack","Guardian:Reroute"],"picked":"Guardian:EvasiveProtocol","floor":9},{"not_picked":["Guardian:Recover","Guardian:VentSteam","Guardian:FastForward"],"picked":"SKIP","floor":10},{"not_picked":["Guardian:RefractedBeam","Guardian:Gem_Red"],"picked":"Guardian:ChargeCore","floor":12},{"not_picked":["Guardian:EvasiveProtocol","Guardian:Gem_Lightblue"],"picked":"Guardian:BronzeArmor","floor":15},{"not_picked":["Guardian:ConstructionForm","Guardian:RevengeProtocol"],"picked":"Guardian:AncientConstruct","floor":16},{"not_picked":["Guardian:Preprogram","Guardian:WalkerClaw"],"picked":"Guardian:Gem_Cyan","floor":19},{"not_picked":["Guardian:TemporalShield+1","Guardian:Gem_Fragmented"],"picked":"Guardian:Suspension","floor":21},{"not_picked":["Guardian:BronzeArmor","Guardian:PiercingHide"],"picked":"Guardian:Gem_Blue","floor":22},{"not_picked":["Guardian:BronzeOrb","Guardian:StasisStrike"],"picked":"Guardian:SphericShield","floor":26},{"not_picked":["Guardian:TemporalShield","Guardian:TimeBomb+1"],"picked":"Guardian:ShieldSpikes","floor":27},{"not_picked":["Guardian:AncientConstruct","Guardian:Reroute","Guardian:RollAttack+1"],"picked":"SKIP","floor":29},{"not_picked":["Guardian:VentSteam","Guardian:Gem_Lightblue","Guardian:PrimingBeam"],"picked":"SKIP","floor":30},{"not_picked":["Guardian:Gem_Lightblue","Guardian:RollAttack"],"picked":"Guardian:SentryBeam+1","floor":31},{"not_picked":["Guardian:Gem_Purple","Guardian:MultiBeam","Guardian:RollAttack"],"picked":"SKIP","floor":32}],"player_experience":19761,"relics_obtained":[{"floor":6,"key":"White Beast Statue"},{"floor":7,"key":"Anchor"},{"floor":9,"key":"Pantograph"},{"floor":26,"key":"Potion Belt"}],"event_choices":[{"damage_healed":0,"gold_gain":0,"player_choice":"Leave","damage_taken":0,"max_hp_gain":0,"max_hp_loss":0,"event_name":"FaceTrader","floor":14,"gold_loss":0},{"damage_healed":0,"gold_gain":0,"player_choice":"Read","damage_taken":0,"max_hp_gain":0,"max_hp_loss":0,"event_name":"The Library","floor":20,"gold_loss":0,"cards_obtained":["Guardian:GuardianWhirl"]}],"is_beta":false,"boss_relics":[{"not_picked":["Empty Cage","Busted Crown"],"picked":"Sozu"}],"items_purged_floors":[21],"is_endless":false,"potions_floor_spawned":[4,5,6,9,10,12,15,16,19,21,22,31,32],"killed_by":"downfall:Ironclad","ascension_level":0}}