{"host":"ya062ahhhuj9au1o","time":1609773619,"event":{"mods":["BaseMod","Better Third Choice","Downfall","Filter the Spire","Hermit","Minty Spire (QoL Compilation)","Random Character Button","Robot Space Explorer","Somnambulant","StSLib","The Bug Knight","The Cursed","The Marked","The Servant 0.9.4"],"gold_per_floor":[114,114,114,127,139,139,154,154,226,226,2,16,16,49,49,150,150,150],"floor_reached":17,"playtime":850,"items_purged":["RobotSpaceExplorer:Defend"],"score":248,"play_id":"81bc6e07-c5bf-486e-bf68-a24932ee3eac","local_time":"20210104102019","is_ascension_mode":true,"campfire_choices":[{"data":"RobotSpaceExplorer:ToxicBomb","floor":8.0,"key":"SMITH"},{"floor":13,"key":"REST"},{"data":"RobotSpaceExplorer:ExhaustFan","floor":15,"key":"SMITH"}],"circlet_count":0,"master_deck":["AscendersBane","RobotSpaceExplorer:Strike","RobotSpaceExplorer:Strike+1","RobotSpaceExplorer:Strike+1","RobotSpaceExplorer:Strike","RobotSpaceExplorer:Defend","RobotSpaceExplorer:Defend","RobotSpaceExplorer:Defend","RobotSpaceExplorer:Scan","RobotSpaceExplorer:MiniLasers","RobotSpaceExplorer:FreezeRay","Decay","RobotSpaceExplorer:StunGrenade","RobotSpaceExplorer:ExhaustFan+1","RobotSpaceExplorer:ToxicBomb+1","RobotSpaceExplorer:Probe","RobotSpaceExplorer:GlueShot","RobotSpaceExplorer:BlastShield"],"relics":["Runic Pyramid","RobotSpaceExplorer:PlasmaHourglass","Nunchaku","Oddly Smooth Stone","Pen Nib","Philosopher\u0027s Stone"],"acts_visited":["Exordium","TheCity"],"potions_floor_usage":[14],"damage_taken":[{"damage":4.0,"enemies":"Small Slimes","floor":1.0,"turns":4.0},{"damage":5.0,"enemies":"2 Louse","floor":4.0,"turns":4.0},{"damage":2.0,"enemies":"Cultist","floor":5.0,"turns":5.0},{"damage":3.0,"enemies":"2 Fungi Beasts","floor":7.0,"turns":3.0},{"damage":10,"enemies":"Looter","floor":12,"turns":3},{"damage":5,"enemies":"HollowMod:MossKnight","floor":14,"turns":8},{"damage":33,"enemies":"Slime Boss","floor":16,"turns":9}],"seed_played":"8614977257199794650","potions_obtained":[{"floor":5.0,"key":"RobotSpaceExplorer:PlasmaFlask"},{"floor":7.0,"key":"ColorlessPotion"},{"floor":12,"key":"Weak Potion"},{"floor":14,"key":"Swift Potion"}],"is_trial":false,"path_per_floor":["M","?","?","M","M","?","M","R","T","?","$","M","R","E","R","B",null],"character_chosen":"RobotSpaceExplorer","items_purchased":["Oddly Smooth Stone"],"campfire_rested":1,"item_purchase_floors":[11],"current_hp_per_floor":[64,64,64,59,57,42,39,39,39,36,36,26,48,43,43,10,59,59],"gold":150,"neow_bonus":"BOSS_RELIC","is_daily":false,"chose_seed":false,"campfire_upgraded":2,"win_rate":0.0,"timestamp":1609773619,"path_taken":["M","?","?","M","?","?","M","R","T","?","?","M","R","E","R","BOSS"],"items_purchased_type":["Relic"],"build_version":"2020-12-22","purchased_purges":1,"victory":false,"max_hp_per_floor":[75,75,75,75,75,75,75,75,75,75,75,75,75,75,75,75,75,75],"card_choices":[{"not_picked":["RobotSpaceExplorer:MiniDrones","RobotSpaceExplorer:Counterblock"],"picked":"RobotSpaceExplorer:FreezeRay","floor":1.0},{"not_picked":["RobotSpaceExplorer:ImprovisedAttack","RobotSpaceExplorer:Counterblock"],"picked":"RobotSpaceExplorer:StunGrenade","floor":4.0},{"not_picked":["RobotSpaceExplorer:SelfCleaning","RobotSpaceExplorer:TurboDodge"],"picked":"RobotSpaceExplorer:ExhaustFan","floor":5.0},{"not_picked":["RobotSpaceExplorer:Electropulse","RobotSpaceExplorer:Ammunition"],"picked":"RobotSpaceExplorer:ToxicBomb","floor":7.0},{"not_picked":["RobotSpaceExplorer:Ammunition","RobotSpaceExplorer:SurgingShield"],"picked":"RobotSpaceExplorer:Probe","floor":12},{"not_picked":["RobotSpaceExplorer:Smokescreen","RobotSpaceExplorer:Reload"],"picked":"RobotSpaceExplorer:GlueShot","floor":14},{"not_picked":["RobotSpaceExplorer:ShockMissile","RobotSpaceExplorer:HighVoltage"],"picked":"RobotSpaceExplorer:BlastShield","floor":16}],"player_experience":1762231,"relics_obtained":[{"floor":9.0,"key":"RobotSpaceExplorer:PlasmaHourglass"},{"floor":14,"key":"Pen Nib"}],"event_choices":[{"damage_healed":0.0,"max_hp_gain":0.0,"max_hp_loss":0.0,"gold_gain":0.0,"event_name":"betterThird:BetterSerpent","player_choice":"Ignored","floor":2.0,"gold_loss":0.0,"damage_taken":114.0},{"damage_healed":0.0,"max_hp_gain":0.0,"max_hp_loss":0.0,"gold_gain":0.0,"event_name":"Wheel of Change","player_choice":"Cursed","floor":3.0,"gold_loss":0.0,"damage_taken":0.0,"cards_obtained":["Decay"]},{"damage_healed":57.0,"max_hp_gain":0.0,"max_hp_loss":75.0,"gold_gain":0.0,"event_name":"betterThird:BetterShining","player_choice":"Upgrade","floor":6.0,"gold_loss":0.0,"damage_taken":15.0,"cards_upgraded":["RobotSpaceExplorer:Strike","RobotSpaceExplorer:Strike"]},{"damage_healed":0.0,"max_hp_gain":0.0,"max_hp_loss":0.0,"gold_gain":0.0,"event_name":"betterThird:BetterScrap","player_choice":"Relic ","floor":10.0,"gold_loss":0.0,"damage_taken":3.0,"cards_obtained":["Tempest"]}],"is_beta":false,"boss_relics":[{"not_picked":["Runic Dome","Black Star"],"picked":"Philosopher\u0027s Stone"}],"items_purged_floors":[11],"is_endless":false,"potions_floor_spawned":[5,7,12,14,16],"ascension_level":12}}