{"host":"rz01j32460kf2mtw","time":1609788396,"event":{"mods":["Arknights The Spire","BaseMod","Downfall","Koishi","Marisa????????","Minty Spire (QoL Compilation)","Prisma Mod","Quick Restart","Shade Mod","StSLib","The Alterego","The Cursed","The Disciple","The Dragon Tamer","The Jungle","The Marked","The Runesmith","The Servant 0.9.4"],"gold_per_floor":[0,18,33,47,57,18,18,18,18,3,3,0,0,25,39,134,134,134,146,164,175,275,286,312,324,324,334,354,381,381,392,412,412,412,412],"floor_reached":33,"playtime":2174,"items_purged":[],"score":298,"play_id":"a8c2b7be-2518-47c1-aafd-ecca246fae28","local_time":"20210104122636","is_ascension_mode":false,"campfire_choices":[{"data":"Slimebound:Split","floor":1,"key":"SMITH"},{"data":"Slimebound:TongueLash","floor":9,"key":"SMITH"},{"data":"Slimebound:Gluttony","floor":11,"key":"SMITH"},{"data":"Slimebound:CorrosiveSpit","floor":18,"key":"SMITH"},{"data":"Slimebound:Equalize","floor":26,"key":"SMITH"},{"data":"Slimebound:TongueLash","floor":30,"key":"SMITH"}],"circlet_count":0,"master_deck":["Slimebound:Strike_Slimebound","Slimebound:Strike_Slimebound","Slimebound:Strike_Slimebound","Slimebound:Tackle","Slimebound:Defend_Slimebound","Slimebound:Defend_Slimebound","Slimebound:Defend_Slimebound","Slimebound:Defend_Slimebound","Slimebound:Split+1","Slimebound:CorrosiveSpit+1","Slimebound:FinishingTackle","Slimebound:FirmFortitude","Slimebound:Gluttony+1","Slimebound:Schlurp","Slimebound:TongueLash+1","Slimebound:LeechingTouch","Slimebound:MassRepurpose","Slimebound:ProtectTheBoss","Slimebound:GoopSpray","Slimebound:SamplingLick","Slimebound:LeechLife","Slimebound:ViciousTackle","Slimebound:Equalize+1","Slimebound:ItLooksTasty+1","Slimebound:GoopSpray","Slimebound:TongueLash+1","Slimebound:LivingWall","Slimebound:AcidTongue+1"],"relics":["Slimebound:AbsorbEndCombat","Mercury Hourglass","downfall:ShatteredFragment","Bag of Preparation","Black Star","Tiny Chest","Girya","Strawberry"],"acts_visited":["TheCity"],"potions_floor_usage":[14,16,21,21,23,27,29,31,33,33,33],"damage_taken":[{"damage":12,"enemies":"Cultist","floor":2,"turns":3},{"damage":14,"enemies":"2 Louse","floor":3,"turns":3},{"damage":8,"enemies":"Jaw Worm","floor":4,"turns":3},{"damage":13,"enemies":"Red Slaver","floor":5,"turns":3},{"damage":12,"enemies":"downfall:FleeingMerchant","floor":6,"turns":4},{"damage":16,"enemies":"downfall:FleeingMerchant","floor":10,"turns":4},{"damage":12,"enemies":"downfall:FleeingMerchant","floor":12,"turns":4},{"damage":27,"enemies":"3 Sentries","floor":14,"turns":4},{"damage":17,"enemies":"2 Fungi Beasts","floor":15,"turns":3},{"damage":11,"enemies":"downfall:Watcher","floor":16,"turns":5},{"damage":18,"enemies":"Chosen","floor":19,"turns":4},{"damage":22,"enemies":"Shell Parasite","floor":20,"turns":4},{"damage":18,"enemies":"3 Cultists","floor":21,"turns":3},{"damage":26,"enemies":"Cultist and Chosen","floor":23,"turns":5},{"damage":56,"enemies":"Shelled Parasite and Fungi","floor":25,"turns":5},{"damage":14,"enemies":"Snake Plant","floor":27,"turns":4},{"damage":15,"enemies":"Snecko","floor":28,"turns":4},{"damage":34,"enemies":"Gremlin Leader","floor":29,"turns":4},{"damage":42,"enemies":"Centurion and Healer","floor":31,"turns":5},{"damage":42,"enemies":"Snake Plant","floor":32,"turns":3},{"damage":53,"enemies":"downfall:Silent","floor":33,"turns":6}],"seed_played":"-614718445065438028","potions_obtained":[{"floor":2,"key":"Dexterity Potion"},{"floor":4,"key":"ColorlessPotion"},{"floor":14,"key":"Strength Potion"},{"floor":15,"key":"PowerPotion"},{"floor":19,"key":"DuplicationPotion"},{"floor":21,"key":"PowerPotion"},{"floor":25,"key":"Weak Potion"},{"floor":28,"key":"LiquidMemories"},{"floor":32,"key":"EntropicBrew"}],"is_trial":false,"path_per_floor":["R","M","M","M","M","$","T","?","R","$","R","$","?","E","M","B",null,"R","M","M","M","?","M","T","M","R","M","M","E","R","M","M","B"],"character_chosen":"SLIMEBOUND","items_purchased":["Slimebound:LeechingTouch"],"campfire_rested":0,"item_purchase_floors":[6],"current_hp_per_floor":[72,70,66,68,65,69,69,51,51,55,55,59,64,53,48,76,77,77,69,67,59,59,63,63,23,23,39,42,45,45,31,7,0,0,0],"gold":412,"neow_bonus":"TWENTY_PERCENT_HP_BONUS","is_daily":false,"chose_seed":false,"campfire_upgraded":6,"win_rate":0.0,"timestamp":1609788396,"path_taken":["R","M","M","?","?","?","T","?","R","$","R","$","?","E","M","BOSS","R","M","M","M","?","?","T","M","R","M","M","E","R","M","M","BOSS"],"items_purchased_type":["Card"],"build_version":"2020-12-22","purchased_purges":0,"victory":false,"max_hp_per_floor":[72,72,72,72,72,72,72,72,72,72,72,72,77,77,77,77,77,77,77,77,77,77,77,77,77,77,77,77,84,84,84,84,84,84,84],"card_choices":[{"not_picked":["Slimebound:ComboTackle","Slimebound:SamplingLick"],"picked":"Slimebound:FinishingTackle","floor":2},{"not_picked":["Slimebound:SplitLeeching","Slimebound:LeechEnergy"],"picked":"Slimebound:FirmFortitude","floor":3},{"not_picked":["Slimebound:Replication","Slimebound:SplitLeeching"],"picked":"Slimebound:Gluttony","floor":4},{"not_picked":["Slimebound:Dissolve","Slimebound:SplitAcid"],"picked":"Slimebound:Schlurp","floor":5},{"not_picked":["Slimebound:DisruptingSlam","Slimebound:Repurpose"],"picked":"Slimebound:TongueLash","floor":6},{"not_picked":["Slimebound:PressTheAttack","Slimebound:SplitMire"],"picked":"Slimebound:MassRepurpose","floor":10},{"not_picked":["Slimebound:LeechingTouch","Slimebound:MinionMaster"],"picked":"Slimebound:ProtectTheBoss","floor":12},{"not_picked":["Slimebound:FinishingTackle","Slimebound:SlimeBrawl"],"picked":"Slimebound:GoopSpray","floor":14},{"not_picked":["Slimebound:SlimeSpikes","Slimebound:SplitMire"],"picked":"Slimebound:SamplingLick","floor":15},{"not_picked":["Slimebound:SelfFormingGoo","Slimebound:PrepareCrush"],"picked":"Slimebound:LeechLife","floor":16},{"not_picked":["Slimebound:SplitBruiser","Slimebound:SplitAcid"],"picked":"Slimebound:ViciousTackle","floor":19},{"not_picked":["Slimebound:SlimeBarrage+1","Slimebound:DisruptingSlam+1"],"picked":"Slimebound:Equalize","floor":20},{"not_picked":["Slimebound:ForwardTackle","Slimebound:LeechingTouch","Slimebound:SplitAcid"],"picked":"SKIP","floor":21},{"not_picked":["Slimebound:Replication","Slimebound:SpikyOuterGoop"],"picked":"Slimebound:ItLooksTasty+1","floor":23},{"not_picked":["Slimebound:Teamwork","Slimebound:LeechingTouch","Slimebound:ProtectTheBoss"],"picked":"SKIP","floor":25},{"not_picked":["Slimebound:ViciousTackle+1","Slimebound:ComboTackle+1"],"picked":"Slimebound:GoopSpray","floor":27},{"not_picked":["Slimebound:SplitAcid","Slimebound:SplitBruiser","Slimebound:GoopSpray"],"picked":"SKIP","floor":28},{"not_picked":["Slimebound:LeechEnergy","Slimebound:GoopSpray"],"picked":"Slimebound:TongueLash","floor":29},{"not_picked":["Slimebound:SpikyOuterGoop","Slimebound:GoopSpray"],"picked":"Slimebound:LivingWall","floor":31},{"not_picked":["Slimebound:LeechEnergy","Slimebound:BestDefense"],"picked":"Slimebound:AcidTongue+1","floor":32}],"player_experience":932284,"relics_obtained":[{"floor":7,"key":"Mercury Hourglass"},{"floor":14,"key":"Bag of Preparation"},{"floor":24,"key":"Tiny Chest"},{"floor":29,"key":"Girya"},{"floor":29,"key":"Strawberry"}],"event_choices":[{"damage_healed":0,"gold_gain":0,"player_choice":"Donut","damage_taken":0,"max_hp_gain":5,"max_hp_loss":0,"event_name":"Big Fish","floor":13,"gold_loss":0}],"is_beta":false,"boss_relics":[{"not_picked":["Calling Bell","Runic Pyramid"],"picked":"Black Star"}],"items_purged_floors":[],"is_endless":false,"potions_floor_spawned":[2,4,14,15,19,21,25,28,32],"killed_by":"downfall:Silent","ascension_level":0}}