{"host":"dh8vptmequbrae31","time":1609741929,"event":{"mods":["2.2 Compatiblity","AchievementEnabler","BaseMod","Colored Map","Evolution","Minty Spire (QoL Compilation)","Td1madao Mod"],"gold_per_floor":[113,124,124,49,64,98,98,98,124,124,124,136,162,172,172,277,277,297,297,308,308,308],"floor_reached":21,"playtime":2390,"items_purged":["Defend_G"],"score":225,"play_id":"18ea14f7-9c6f-4dbf-9744-8d624ad07219","local_time":"20210104013209","is_ascension_mode":true,"campfire_choices":[{"data":"Venomology","floor":7,"key":"SMITH"},{"data":"Setup","floor":11,"key":"SMITH"},{"floor":15,"key":"RECALL"}],"circlet_count":0,"master_deck":["Sucker Punch","Sucker Punch","Sucker Punch","Strike_G+1","Strike_G","Defend_G","Defend_G","Defend_G","Defend_G+1","Survivor","Neutralize","Setup+1","Cloak And Dagger","Backstab","Venomology+1","Caltrops","Acrobatics","Doppelganger","Venomology+1"],"relics":["Ring of the Snake","EVO:Axolotl","FossilizedHelix","Strawberry","Tiny Chest","Gremlin Horn","Black Star"],"acts_visited":["Exordium","TheCity"],"potions_floor_usage":[13,13,13,13,14,14,16,16,16,18,20,21,21,21],"damage_taken":[{"damage":0,"enemies":"Jaw Worm","floor":1,"turns":4},{"damage":0,"enemies":"2 Louse","floor":2,"turns":3},{"damage":0,"enemies":"Cultist","floor":5,"turns":4},{"damage":0,"enemies":"Gremlin Nob","floor":6,"turns":5},{"damage":0,"enemies":"Large Slime","floor":12,"turns":7},{"damage":5,"enemies":"3 Sentries","floor":13,"turns":10},{"damage":0,"enemies":"Gremlin Gang","floor":14,"turns":4},{"damage":36,"enemies":"The Guardian","floor":16,"turns":8},{"damage":11,"enemies":"Spheric Guardian","floor":18,"turns":5},{"damage":0,"enemies":"Shell Parasite","floor":20,"turns":5},{"damage":104,"enemies":"Cultist and Chosen","floor":21,"turns":7}],"seed_played":"5464673393643768589","potions_obtained":[{"floor":1,"key":"Energy Potion"},{"floor":6,"key":"LiquidBronze"},{"floor":10,"key":"CultistPotion"},{"floor":10,"key":"EssenceOfSteel"},{"floor":20,"key":"FearPotion"}],"is_trial":false,"path_per_floor":["M","M","?","$","M","E","R","?","T","?","R","M","E","M","R","B",null,"M","?","M","M"],"character_chosen":"THE_SILENT","items_purchased":[],"campfire_rested":0,"item_purchase_floors":[],"current_hp_per_floor":[63,63,50,50,50,57,57,62,62,62,62,62,70,70,70,34,75,64,64,64,0,0],"gold":308,"neow_bonus":"ONE_RARE_RELIC","is_daily":false,"chose_seed":false,"campfire_upgraded":2,"win_rate":0.0,"timestamp":1609741929,"path_taken":["M","M","?","$","M","E","R","?","T","?","R","?","E","M","R","BOSS","M","?","M","M"],"items_purchased_type":[],"build_version":"2020-12-22","purchased_purges":1,"victory":false,"max_hp_per_floor":[63,63,63,63,63,70,70,75,75,75,75,75,75,75,75,75,75,75,75,75,75,75],"card_choices":[{"not_picked":["Sucker Punch","Underhanded Strike"],"picked":"Setup","floor":1},{"not_picked":["Prepared","Dodge and Roll"],"picked":"Cloak And Dagger","floor":2},{"not_picked":["Slice","Calculated Gamble"],"picked":"Backstab","floor":5},{"not_picked":["Endless Agony","Grand Finale"],"picked":"Venomology","floor":6},{"not_picked":["Deflect","Slice"],"picked":"Caltrops","floor":12},{"not_picked":["Prepared","Expertise"],"picked":"Acrobatics","floor":13},{"not_picked":["Slice","Dodge and Roll","Deadly Poison"],"picked":"SKIP","floor":14},{"not_picked":["A Thousand Cuts","Adrenaline"],"picked":"Doppelganger","floor":16},{"not_picked":["Poisoned Stab","Dagger Spray","Quick Slash"],"picked":"SKIP","floor":18},{"not_picked":["Poisoned Stab+1","Bouncing Flask","Dagger Spray"],"picked":"SKIP","floor":20}],"player_experience":194138,"relics_obtained":[{"floor":6,"key":"Strawberry"},{"floor":9,"key":"Tiny Chest"},{"floor":13,"key":"Gremlin Horn"}],"event_choices":[{"damage_healed":0,"gold_gain":0,"player_choice":"Entered Light","damage_taken":13,"max_hp_gain":0,"max_hp_loss":0,"event_name":"Shining Light","floor":3,"gold_loss":0,"cards_upgraded":["Strike_G","Defend_G"]},{"damage_healed":0,"gold_gain":0,"player_choice":"Donut","damage_taken":0,"max_hp_gain":5,"max_hp_loss":0,"event_name":"Big Fish","floor":8,"gold_loss":0},{"damage_healed":0,"gold_gain":0,"player_choice":"Got Potions","damage_taken":0,"max_hp_gain":0,"max_hp_loss":0,"event_name":"Lab","floor":10,"gold_loss":0},{"damage_healed":0,"gold_gain":0,"player_choice":"Copied","damage_taken":0,"max_hp_gain":0,"max_hp_loss":0,"event_name":"Duplicator","floor":19,"gold_loss":0,"cards_obtained":["Venomology"]}],"is_beta":false,"boss_relics":[{"not_picked":["Snecko Eye","Ring of the Serpent"],"picked":"Black Star"}],"items_purged_floors":[4],"is_endless":false,"potions_floor_spawned":[1,6,12,20],"killed_by":"Cultist and Chosen","ascension_level":1}}