{"host":"etr9f2q07ig588e0","time":1609774389,"event":{"mods":["BaseMod","Downfall","Googly Eyes","Hubris","Minty Spire (QoL Compilation)","Replay The Spire","StSLib","SuperFastMode"],"gold_per_floor":[115,16,16,16,27,55,55,83,83,102,10,10,10,20,20,118,118,134,146,146,48,126,156,42,42,66,66,84,84,84,103,103,208,208,221,221,18,18,18,18,18,31,31,31,51,76,76,88,88,88,88],"floor_reached":50,"playtime":2477,"items_purged":[],"score":773,"play_id":"f0cc60f7-5c99-440d-8f9c-0f86d5f4ef77","local_time":"20210104183309","is_ascension_mode":true,"campfire_choices":[{"floor":7,"key":"REST"},{"floor":12,"key":"REST"},{"data":"Echo Form","floor":15,"key":"SMITH"},{"floor":25,"key":"REST"},{"floor":27,"key":"REST"},{"floor":29,"key":"REST"},{"floor":32,"key":"REST"},{"floor":40,"key":"REST"},{"floor":44,"key":"REST"},{"floor":47,"key":"REST"},{"floor":49,"key":"REST"}],"circlet_count":0,"master_deck":["Defend_B","Defend_B","Defend_B","Defend_B","Zap+1","Dualcast","ReplayTheSpireMod:Omega Cannon","Ball Lightning","Storm","Storm","Echo Form+1","Sweeping Beam","Static Discharge","Streamline","BootSequence","Undo","ReplayTheSpireMod:Omega Cannon","ReplayTheSpireMod:Calculation Training+1","Redo","Replay:SS_forest_6","Rebound+1","ReplayTheSpireMod:Omega Cannon","Streamline","Rip and Tear+1","Ball Lightning","Amplify","AbeCurse","Panic Button+1","Apotheosis","Doom and Gloom","Auto Shields+1","Conserve Battery","Loop+1","Static Discharge"],"relics":["Cracked Core","hubris:SoftwareUpdate","Lizard Tail","Replay:PocketPolymizer","Matryoshka","Sozu","hubris:BallOfYels","The Courier","hubris:ToyBattleship","Tiny Chest","Replay:Mystery Machine","Replay:Baseball","hubris:Towel","Abe\u0027s Treasure","Solar Panel","Onion Ring","Regal Pillow"],"acts_visited":["Exordium","TheCity","TheBeyond"],"potions_floor_usage":[8,33,33],"damage_taken":[{"damage":0,"enemies":"Small Slimes","floor":1,"turns":3},{"damage":0,"enemies":"Cultist","floor":5,"turns":2},{"damage":10,"enemies":"3 Sentries","floor":6,"turns":3},{"damage":20,"enemies":"Lagavulin","floor":8,"turns":5},{"damage":7,"enemies":"Jaw Worm","floor":10,"turns":2},{"damage":0,"enemies":"Gremlin Gang","floor":14,"turns":1},{"damage":15,"enemies":"Slime Boss","floor":16,"turns":6},{"damage":2,"enemies":"Chosen","floor":18,"turns":3},{"damage":23,"enemies":"Shell Parasite","floor":19,"turns":4},{"damage":22,"enemies":"Book of Stabbing","floor":23,"turns":4},{"damage":33,"enemies":"Snake Plant","floor":28,"turns":3},{"damage":0,"enemies":"Centurion and Healer","floor":31,"turns":2},{"damage":42,"enemies":"Pondfish","floor":33,"turns":8},{"damage":35,"enemies":"3 Darklings","floor":35,"turns":4},{"damage":4,"enemies":"3 Shapes","floor":42,"turns":2},{"damage":4,"enemies":"Maw","floor":45,"turns":5},{"damage":60,"enemies":"Nemesis","floor":46,"turns":5},{"damage":36,"enemies":"Sphere and 2 Shapes","floor":48,"turns":4},{"damage":93,"enemies":"Replay:Hell Engine","floor":50,"turns":6}],"seed_played":"-5812652436468642776","potions_obtained":[{"floor":1,"key":"Adrenaline Potion"},{"floor":6,"key":"PotionOfCapacity"},{"floor":10,"key":"Energy Potion"}],"is_trial":false,"path_per_floor":["M","?","$","?","M","E","R","E","T","M","$","R","$","M","R","B",null,"M","M","?","$","T","E","$","R","T","R","M","R","?","M","R","B",null,"M","?","$","?","T","R","$","M","T","R","M","E","R","M","R","B"],"character_chosen":"DEFECT","items_purchased":["Static Discharge","Streamline","Replay:SS_forest_6","Tiny Chest","Apotheosis","Doom and Gloom"],"campfire_rested":10,"item_purchase_floors":[11,11,21,24,37,37],"current_hp_per_floor":[68,68,68,68,68,58,68,48,48,41,41,61,61,61,61,46,68,66,43,43,43,43,21,21,41,41,61,28,48,48,48,68,26,68,33,33,33,33,33,53,53,51,51,68,64,8,43,11,46,0,0],"gold":88,"neow_bonus":"THREE_RARE_CARDS","is_daily":false,"chose_seed":false,"campfire_upgraded":1,"win_rate":0.0,"timestamp":1609774389,"path_taken":["M","?","?","?","M","E","R","E","T","M","$","R","$","M","R","BOSS","M","?","?","$","?","E","$","R","T","R","M","R","?","M","R","BOSS","M","?","$","?","?","R","?","M","T","R","?","E","R","M","R","BOSS"],"items_purchased_type":["Card","Card","Card","Relic","Card","Card"],"build_version":"2020-12-22","purchased_purges":0,"victory":false,"max_hp_per_floor":[68,68,68,68,68,68,68,68,68,68,68,68,68,68,68,68,68,68,68,68,68,68,68,68,68,68,68,68,68,68,68,68,68,68,68,68,68,68,68,68,68,68,68,68,68,68,68,68,68,68,68],"card_choices":[{"not_picked":["Machine Learning","Buffer"],"picked":"ReplayTheSpireMod:Omega Cannon","floor":0},{"not_picked":["White Noise","Turbo"],"picked":"Ball Lightning","floor":1},{"not_picked":["Rebound","Turbo"],"picked":"Storm","floor":5},{"not_picked":["Panic Button","Redo"],"picked":"Storm","floor":6},{"not_picked":["Sweeping Beam","Steam"],"picked":"Echo Form","floor":8},{"not_picked":["Cold Snap","Go for the Eyes"],"picked":"Sweeping Beam","floor":10},{"not_picked":["Skim","Cold Snap"],"picked":"BootSequence","floor":14},{"not_picked":["Reboot","Seek"],"picked":"ReplayTheSpireMod:Omega Cannon","floor":16},{"not_picked":["Turbo","ReplayTheSpireMod:System Scan"],"picked":"ReplayTheSpireMod:Calculation Training+1","floor":18},{"not_picked":["Rip and Tear","Streamline"],"picked":"Redo","floor":19},{"not_picked":["FTL","Cold Snap"],"picked":"Rebound+1","floor":23},{"not_picked":["Compile Driver","Force Field"],"picked":"Rip and Tear+1","floor":28},{"not_picked":["Hologram","Redo"],"picked":"Ball Lightning","floor":31},{"not_picked":["Hyperbeam","hubris:Prefetch"],"picked":"Amplify","floor":33},{"not_picked":["Tempest","Heatsinks"],"picked":"Panic Button+1","floor":35},{"not_picked":["ReplaySolidLightProjector","Chill+1"],"picked":"Auto Shields+1","floor":42},{"not_picked":["Rebound+1","Darkness+1"],"picked":"Conserve Battery","floor":45},{"not_picked":["Turbo","Streamline"],"picked":"Loop+1","floor":46},{"not_picked":["ReplayTheSpireMod:Reroute Power+1","Go for the Eyes"],"picked":"Static Discharge","floor":48}],"player_experience":496067,"relics_obtained":[{"floor":6,"key":"Lizard Tail"},{"floor":8,"key":"Replay:PocketPolymizer"},{"floor":9,"key":"Matryoshka"},{"floor":22,"key":"hubris:BallOfYels"},{"floor":22,"key":"The Courier"},{"floor":23,"key":"hubris:ToyBattleship"},{"floor":26,"key":"Replay:Mystery Machine"},{"floor":26,"key":"Replay:Baseball"},{"floor":39,"key":"Solar Panel"},{"floor":43,"key":"Onion Ring"},{"floor":46,"key":"Regal Pillow"}],"event_choices":[{"damage_healed":0,"gold_gain":0,"player_choice":"Paid Gold","damage_taken":0,"relics_obtained":["hubris:SoftwareUpdate"],"max_hp_gain":0,"max_hp_loss":0,"event_name":"WeMeetAgain","floor":2,"gold_loss":99},{"damage_healed":0,"gold_gain":0,"player_choice":"Upgraded","damage_taken":0,"max_hp_gain":0,"max_hp_loss":0,"event_name":"Upgrade Shrine","floor":4,"gold_loss":0,"cards_upgraded":["Zap"]},{"cards_removed":["Strike_B"],"damage_healed":0,"gold_gain":0,"player_choice":"Purged","damage_taken":0,"max_hp_gain":0,"max_hp_loss":0,"event_name":"Purifier","floor":20,"gold_loss":0},{"damage_healed":0,"gold_gain":0,"player_choice":"Ignored","damage_taken":0,"max_hp_gain":0,"max_hp_loss":0,"event_name":"The Moai Head","floor":36,"gold_loss":0},{"damage_healed":0,"gold_gain":0,"player_choice":"Got Potions","damage_taken":0,"max_hp_gain":0,"max_hp_loss":0,"event_name":"Lab","floor":38,"gold_loss":0}],"is_beta":false,"boss_relics":[{"not_picked":["hubris:TerracottaHorce","FrozenCore"],"picked":"Sozu"},{"not_picked":["Velvet Choker","Empty Cage"],"picked":"Abe\u0027s Treasure"}],"items_purged_floors":[],"is_endless":false,"potions_floor_spawned":[1,6,10,23,28,31,33,42,45,46],"killed_by":"Replay:Hell Engine","ascension_level":4}}