{"host":"f1miojwxaupu79sp","time":1609777447,"event":{"mods":["BaseMod","Better Vampires","Minty Spire (QoL Compilation)","Shop Mod"],"gold_per_floor":[118,134,59,59,9,9,9,20,20,34,34,34,44,72,72,146,146,163,163,63,83,6,6,6,6],"floor_reached":24,"playtime":1157,"items_purged":["Strike_G","Strike_G"],"score":330,"play_id":"68f2dd53-9886-407c-960e-9e605de4cf90","local_time":"20210104112407","is_ascension_mode":true,"campfire_choices":[{"data":"Predator","floor":6,"key":"SMITH"},{"data":"Malaise","floor":15,"key":"SMITH"},{"data":"Corpse Explosion","floor":23,"key":"SMITH"}],"circlet_count":0,"master_deck":["AscendersBane","Defend_G","Defend_G+1","Defend_G","Defend_G","Defend_G","Survivor+1","Neutralize","Predator+1","Finisher","Deadly Poison+1","Deadly Poison","Slice","Malaise+1","Corpse Explosion+1","Footwork","Noxious Fumes"],"relics":["Ring of the Snake","Singing Bowl","Calipers","Bag of Preparation","WristBlade","MutagenicStrength"],"acts_visited":["Exordium","TheCity"],"potions_floor_usage":[14,16],"damage_taken":[{"damage":2,"enemies":"Cultist","floor":1,"turns":4},{"damage":0,"enemies":"2 Louse","floor":2,"turns":2},{"damage":7,"enemies":"Small Slimes","floor":8,"turns":4},{"damage":0,"enemies":"Red Slaver","floor":10,"turns":2},{"damage":8,"enemies":"Exordium Wildlife","floor":13,"turns":3},{"damage":10,"enemies":"Lagavulin","floor":14,"turns":4},{"damage":4,"enemies":"Hexaghost","floor":16,"turns":8},{"damage":6,"enemies":"3 Byrds","floor":18,"turns":3},{"damage":6,"enemies":"Spheric Guardian","floor":21,"turns":4},{"damage":41,"enemies":"Book of Stabbing","floor":24,"turns":6}],"seed_played":"2127892110574215659","potions_obtained":[{"floor":2,"key":"Dexterity Potion"},{"floor":8,"key":"Energy Potion"},{"floor":21,"key":"Fire Potion"}],"is_trial":false,"path_per_floor":["M","M","$","?","?","R","?","M","T","M","T","$","M","E","R","B",null,"M","?","$","M","$","R","E"],"character_chosen":"THE_SILENT","items_purchased":["Noxious Fumes"],"campfire_rested":0,"item_purchase_floors":[22],"current_hp_per_floor":[57,57,57,45,45,45,45,38,38,40,40,40,34,24,24,20,53,49,49,49,43,43,43,2,2],"gold":6,"neow_bonus":"TRANSFORM_TWO_CARDS","is_daily":false,"chose_seed":false,"campfire_upgraded":3,"win_rate":0.0,"timestamp":1609777447,"path_taken":["M","?","$","?","?","R","?","?","T","M","?","$","M","E","R","BOSS","M","?","$","M","$","R","E"],"items_purchased_type":["Card"],"build_version":"2020-12-22","purchased_purges":2,"victory":false,"max_hp_per_floor":[60,60,60,60,60,60,60,60,60,62,62,62,64,64,64,64,64,66,66,66,66,66,66,66,66],"card_choices":[{"not_picked":["Blade Dance","Bane"],"picked":"Deadly Poison","floor":1},{"not_picked":["Dodge and Roll","Concentrate"],"picked":"Deadly Poison","floor":2},{"not_picked":["Flechettes","Dagger Throw"],"picked":"Slice","floor":8},{"not_picked":["Eviscerate","Poisoned Stab","Deadly Poison"],"picked":"Singing Bowl","floor":10},{"not_picked":["Backflip","Accuracy","Outmaneuver"],"picked":"Singing Bowl","floor":13},{"not_picked":["Bane","Dash"],"picked":"Malaise","floor":14},{"not_picked":["Tools of the Trade","Wraith Form v2"],"picked":"Corpse Explosion","floor":16},{"not_picked":["Reflex","Bane","Acrobatics+1"],"picked":"Singing Bowl","floor":18},{"not_picked":["Caltrops","Finisher"],"picked":"Footwork","floor":21}],"player_experience":1013070,"relics_obtained":[{"floor":9,"key":"Singing Bowl"},{"floor":11,"key":"Calipers"},{"floor":14,"key":"Bag of Preparation"}],"event_choices":[{"damage_healed":0,"gold_gain":0,"player_choice":"Entered Light","damage_taken":12,"max_hp_gain":0,"max_hp_loss":0,"event_name":"Shining Light","floor":4,"gold_loss":0,"cards_upgraded":["Defend_G","Survivor"]},{"cards_removed":["Strike_G"],"damage_healed":0,"gold_gain":0,"player_choice":"Card Removal","damage_taken":0,"max_hp_gain":0,"max_hp_loss":0,"event_name":"The Cleric","floor":5,"gold_loss":50},{"damage_healed":0,"gold_gain":0,"player_choice":"Upgraded","damage_taken":0,"max_hp_gain":0,"max_hp_loss":0,"event_name":"Upgrade Shrine","floor":7,"gold_loss":0,"cards_upgraded":["Deadly Poison"]},{"damage_healed":0,"gold_gain":0,"player_choice":"Inject Mutagens","damage_taken":0,"relics_obtained":["MutagenicStrength"],"max_hp_gain":0,"max_hp_loss":0,"event_name":"Drug Dealer","floor":19,"gold_loss":0}],"is_beta":false,"boss_relics":[{"not_picked":["Runic Dome","Astrolabe"],"picked":"WristBlade"}],"items_purged_floors":[3,20],"is_endless":false,"potions_floor_spawned":[2,8,10,21],"killed_by":"Book of Stabbing","ascension_level":14}}