{"host":"gkp57zoegrd3f2ij","time":1609774668,"event":{"mods":["BaseMod","Colored Map","Colored Powertips","Minty Spire (QoL Compilation)","StSLib"],"gold_per_floor":[213,12,12,12,12,12,48,63,63,63,107,107,122,122,122,248,248,262,187,206,224,249,249,249,249,249,268,268,65,108,108,108,228,228,248,248,267,281,30,30,6,6,31,31,72,72,95,119,119,119],"floor_reached":51,"playtime":4005,"items_purged":["Strike_R","Strike_R"],"score":749,"play_id":"7cc1c93a-34ad-43c3-bc67-d5190f924154","local_time":"20210104163748","is_ascension_mode":true,"campfire_choices":[{"data":"Iron Wave","floor":6,"key":"SMITH"},{"floor":10,"key":"REST"},{"data":"Spot Weakness","floor":12,"key":"SMITH"},{"floor":15,"key":"REST"},{"floor":23,"key":"REST"},{"floor":25,"key":"REST"},{"floor":28,"key":"REST"},{"floor":32,"key":"REST"},{"data":"Demon Form","floor":40,"key":"SMITH"},{"floor":42,"key":"REST"},{"data":"Enlightenment","floor":44,"key":"SMITH"},{"data":"Thunderclap","floor":49,"key":"SMITH"}],"circlet_count":0,"master_deck":["Strike_R","Strike_R","Defend_R","Defend_R","Defend_R","Defend_R","Bash","Iron Wave+1","Clothesline","Burning Pact","Spot Weakness+1","Anger","Flame Barrier","Demon Form+1","Spot Weakness+1","Metallicize+1","Armaments","Thunderclap+1","Enlightenment+1","Carnage","Impervious","Disarm+1","Shrug It Off"],"relics":["Burning Blood","Sling","Golden Idol","Omamori","Meat on the Bone","Kunai","PreservedInsect","Philosopher\u0027s Stone","FossilizedHelix","Orichalcum","MutagenicStrength","Snecko Eye","Anchor","Smiling Mask","Nunchaku"],"acts_visited":["Exordium","TheCity","TheBeyond"],"potions_floor_usage":[16,30,30,33,37,50],"damage_taken":[{"damage":8,"enemies":"Small Slimes","floor":1,"turns":5},{"damage":36,"enemies":"Lagavulin","floor":7,"turns":8},{"damage":7,"enemies":"Cultist","floor":8,"turns":4},{"damage":35,"enemies":"3 Sentries","floor":11,"turns":7},{"damage":0,"enemies":"Jaw Worm","floor":13,"turns":3},{"damage":20,"enemies":"Slime Boss","floor":16,"turns":11},{"damage":36,"enemies":"3 Byrds","floor":18,"turns":4},{"damage":10,"enemies":"Shell Parasite","floor":20,"turns":4},{"damage":45,"enemies":"Snake Plant","floor":21,"turns":5},{"damage":10,"enemies":"Snecko","floor":22,"turns":6},{"damage":50,"enemies":"Sentry and Sphere","floor":27,"turns":8},{"damage":28,"enemies":"Slavers","floor":30,"turns":4},{"damage":61,"enemies":"Automaton","floor":33,"turns":9},{"damage":30,"enemies":"3 Shapes","floor":35,"turns":4},{"damage":13,"enemies":"3 Darklings","floor":37,"turns":6},{"damage":1,"enemies":"Sphere and 2 Shapes","floor":38,"turns":6},{"damage":18,"enemies":"Reptomancer","floor":45,"turns":7},{"damage":0,"enemies":"Maw","floor":47,"turns":6},{"damage":0,"enemies":"Writhing Mass","floor":48,"turns":5},{"damage":22,"enemies":"Awakened One","floor":50,"turns":9}],"seed_played":"-7250302644915004285","potions_obtained":[{"floor":7,"key":"ElixirPotion"},{"floor":8,"key":"Strength Potion"},{"floor":18,"key":"LiquidBronze"},{"floor":27,"key":"BlessingOfTheForge"},{"floor":30,"key":"LiquidBronze"},{"floor":33,"key":"Strength Potion"},{"floor":45,"key":"ElixirPotion"},{"floor":47,"key":"DuplicationPotion"}],"is_trial":false,"path_per_floor":["M","$","?","?","?","R","E","M","T","R","E","R","M","?","R","B",null,"M","?","M","M","M","R","?","R","T","M","R","$","E","?","R","B",null,"M","?","M","M","$","R","$","R","T","R","E","?","M","M","R","B",null],"character_chosen":"IRONCLAD","items_purchased":["Sling","Clothesline","Enlightenment","Carnage","Anchor","Shrug It Off"],"campfire_rested":7,"item_purchase_floors":[2,2,29,29,39,41],"current_hp_per_floor":[78,78,78,71,71,71,41,40,40,64,47,47,53,41,65,51,80,50,50,58,31,39,63,63,80,80,48,72,72,50,50,74,31,80,56,56,49,54,54,54,54,78,78,78,66,66,72,78,78,62],"gold":119,"neow_bonus":"HUNDRED_GOLD","is_daily":false,"chose_seed":false,"campfire_upgraded":5,"win_rate":0.0,"timestamp":1609774668,"path_taken":["M","$","?","?","?","R","E","M","T","R","E","R","?","?","R","BOSS","M","?","M","M","M","R","?","R","T","M","R","$","E","?","R","BOSS","M","?","?","M","?","R","$","R","T","R","E","?","M","M","R","BOSS"],"items_purchased_type":["Relic","Card","Card","Card","Relic","Card"],"build_version":"2020-12-22","purchased_purges":2,"victory":true,"max_hp_per_floor":[80,80,80,80,80,80,80,80,80,80,80,80,80,80,80,80,80,80,80,80,80,80,80,80,80,80,80,80,80,80,80,80,80,80,80,80,80,80,80,80,80,80,80,80,80,80,80,80,80,80],"card_choices":[{"not_picked":["Havoc","Cleave"],"picked":"Iron Wave","floor":1},{"not_picked":["Rampage","Combust"],"picked":"Spot Weakness","floor":7},{"not_picked":["Battle Trance","Warcry"],"picked":"Anger","floor":8},{"not_picked":["Power Through","Metallicize"],"picked":"Flame Barrier","floor":11},{"not_picked":["Battle Trance","Warcry","Havoc"],"picked":"SKIP","floor":13},{"not_picked":["Fiend Fire","Corruption"],"picked":"Demon Form","floor":16},{"not_picked":["Flex","Sword Boomerang"],"picked":"Spot Weakness+1","floor":18},{"not_picked":["Headbutt","Dropkick+1"],"picked":"Metallicize+1","floor":20},{"not_picked":["Twin Strike","Combust"],"picked":"Armaments","floor":21},{"not_picked":["Clash","Flex","Seeing Red"],"picked":"SKIP","floor":22},{"not_picked":["Shrug It Off","Fire Breathing"],"picked":"Thunderclap","floor":27},{"not_picked":["Power Through","Bludgeon","Bloodletting"],"picked":"SKIP","floor":30},{"not_picked":["Exhume","Demon Form"],"picked":"Impervious","floor":33},{"not_picked":["Wild Strike","Burning Pact+1","Clash+1"],"picked":"SKIP","floor":35},{"not_picked":["Hemokinesis+1","Sword Boomerang+1","Clothesline+1"],"picked":"SKIP","floor":37},{"not_picked":["Iron Wave","Dark Embrace+1"],"picked":"Disarm+1","floor":38},{"not_picked":["Perfected Strike+1","Clash+1","Hemokinesis+1"],"picked":"SKIP","floor":45},{"not_picked":["Hemokinesis+1","Perfected Strike+1","Clothesline+1"],"picked":"SKIP","floor":47},{"not_picked":["Dual Wield+1","Warcry","Headbutt"],"picked":"SKIP","floor":48}],"player_experience":247093,"relics_obtained":[{"floor":7,"key":"Omamori"},{"floor":9,"key":"Meat on the Bone"},{"floor":11,"key":"Kunai"},{"floor":26,"key":"FossilizedHelix"},{"floor":30,"key":"Orichalcum"},{"floor":43,"key":"Smiling Mask"},{"floor":45,"key":"Nunchaku"}],"event_choices":[{"damage_healed":0,"gold_gain":0,"player_choice":"Take Wound","damage_taken":0,"relics_obtained":["Golden Idol"],"max_hp_gain":0,"max_hp_loss":0,"event_name":"Golden Idol","floor":3,"gold_loss":0,"cards_obtained":["Injury"]},{"cards_removed":["Injury"],"damage_healed":0,"gold_gain":0,"player_choice":"Card Removal","damage_taken":7,"max_hp_gain":0,"max_hp_loss":0,"event_name":"Golden Wing","floor":4,"gold_loss":0},{"damage_healed":0,"gold_gain":0,"player_choice":"1 cards matched","damage_taken":0,"max_hp_gain":0,"max_hp_loss":0,"event_name":"Match and Keep!","floor":5,"gold_loss":0,"cards_obtained":["Burning Pact"]},{"damage_healed":0,"gold_gain":0,"player_choice":"Success","damage_taken":12,"relics_obtained":["PreservedInsect"],"max_hp_gain":0,"max_hp_loss":0,"event_name":"Scrap Ooze","floor":14,"gold_loss":0},{"cards_removed":["Strike_R"],"damage_healed":0,"gold_gain":0,"player_choice":"Gave Gold","damage_taken":0,"max_hp_gain":0,"max_hp_loss":0,"event_name":"Beggar","floor":19,"gold_loss":75},{"damage_healed":0,"gold_gain":0,"player_choice":"Ignored","damage_taken":0,"max_hp_gain":0,"max_hp_loss":0,"event_name":"Ghosts","floor":24,"gold_loss":0},{"damage_healed":0,"gold_gain":0,"player_choice":"Inject Mutagens","damage_taken":0,"relics_obtained":["MutagenicStrength"],"max_hp_gain":0,"max_hp_loss":0,"event_name":"Drug Dealer","floor":31,"gold_loss":0},{"damage_healed":0,"gold_gain":0,"player_choice":"Ignored","damage_taken":0,"max_hp_gain":0,"max_hp_loss":0,"event_name":"SecretPortal","floor":36,"gold_loss":0},{"damage_healed":0,"gold_gain":0,"player_choice":"Ignored","damage_taken":0,"max_hp_gain":0,"max_hp_loss":0,"event_name":"Mysterious Sphere","floor":46,"gold_loss":0}],"is_beta":false,"boss_relics":[{"not_picked":["Runic Cube","Calling Bell"],"picked":"Philosopher\u0027s Stone"},{"not_picked":["Runic Pyramid","Coffee Dripper"],"picked":"Snecko Eye"}],"items_purged_floors":[29,39],"is_endless":false,"potions_floor_spawned":[7,8,18,27,30,33,45,47,48],"ascension_level":3}}