{"host":"Sumable","time":1609743806,"event":{"mods":["AchievementEnabler","BaseMod","Better Note","BetterRewards","Googly Eyes","Hermit","Minty Spire (QoL Compilation)","Quick Restart","Shop Mod","StSLib","The Cursed","everything is the same but u backflip on backflip","slay the spire mod where everything is the same but ironclad has a cowboy hat"],"gold_per_floor":[111,111,286,361,374,374,400,414,485,485,27,55,71,106,106,204,204,223,223,223,79,89,89,120,132,132,132,132,166,182,182,182,280,280,291,291,291,291,304,304,329,329,329,360,360,383,383,399,399,399,399],"floor_reached":50,"playtime":4501,"items_purged":[],"score":924,"play_id":"417e79d8-b806-4c77-8f22-97890c987d49","local_time":"20210104000326","is_ascension_mode":true,"campfire_choices":[{"floor":6,"key":"REST"},{"floor":10,"key":"REST"},{"floor":15,"key":"REST"},{"data":"Adrenaline","floor":23,"key":"SMITH"},{"floor":28,"key":"REST"},{"floor":32,"key":"REST"},{"floor":45,"key":"REST"},{"data":"Adrenaline","floor":47,"key":"SMITH"},{"floor":49,"key":"REST"}],"circlet_count":0,"master_deck":["Strike_G+1","Strike_G+1","Strike_G+1","Strike_G+1","Defend_G+1","Defend_G+1","Defend_G+1","Defend_G+1","Defend_G+1","Survivor","Neutralize","Sucker Punch","Doubt","Infinite Blades","Adrenaline+1","Poisoned Stab","Adrenaline+1","Caltrops","Dagger Spray","Dagger Spray","Venomology","Footwork","Shame","Sucker Punch+1","Blade Dance","Cloak And Dagger+1","Prepared","Backstab","PiercingWail","Crippling Poison+1","PiercingWail","Normality","TheCursedMod:Dregs","Doppelganger","Slice+1","Sadistic Nature","Shame","PiercingWail+1","Parasite","Pain","Slice+1","Parasite"],"relics":["Ring of the Snake","Bag of Marbles","Toy Ornithopter","Mercury Hourglass","DollysMirror","Happy Flower","Orichalcum","Snake Skull","Pen Nib","Cursed Key","Shuriken","Orrery","Tiny Chest","Ninja Scroll","Strawberry","Molten Egg 2","Black Star","Darkstone Periapt","Nunchaku","FossilizedHelix","White Beast Statue","Blood Vial","Smiling Mask"],"acts_visited":["Exordium","TheCity","TheBeyond"],"potions_floor_usage":[12,12,13,16,22,24,33,33,35,39,41,42,44,50,50],"damage_taken":[{"damage":4,"enemies":"Small Slimes","floor":1,"turns":4},{"damage":6,"enemies":"2 Louse","floor":5,"turns":2},{"damage":54,"enemies":"Gremlin Nob","floor":7,"turns":6},{"damage":7,"enemies":"Jaw Worm","floor":8,"turns":4},{"damage":8,"enemies":"3 Sentries","floor":12,"turns":5},{"damage":1,"enemies":"Blue Slaver","floor":13,"turns":2},{"damage":15,"enemies":"Lagavulin","floor":14,"turns":5},{"damage":13,"enemies":"Hexaghost","floor":16,"turns":9},{"damage":4,"enemies":"3 Byrds","floor":18,"turns":3},{"damage":0,"enemies":"Chosen","floor":22,"turns":1},{"damage":17,"enemies":"Book of Stabbing","floor":24,"turns":4},{"damage":12,"enemies":"Snake Plant","floor":25,"turns":2},{"damage":13,"enemies":"Gremlin Leader","floor":29,"turns":3},{"damage":2,"enemies":"Chosen and Byrds","floor":30,"turns":3},{"damage":28,"enemies":"Collector","floor":33,"turns":7},{"damage":0,"enemies":"Orb Walker","floor":35,"turns":2},{"damage":0,"enemies":"3 Shapes","floor":39,"turns":2},{"damage":0,"enemies":"Nemesis","floor":41,"turns":1},{"damage":0,"enemies":"Writhing Mass","floor":42,"turns":3},{"damage":57,"enemies":"Giant Head","floor":44,"turns":8},{"damage":41,"enemies":"Spire Growth","floor":48,"turns":4},{"damage":78,"enemies":"Awakened One","floor":50,"turns":6}],"seed_played":"-1932698950922895210","potions_obtained":[{"floor":7,"key":"FearPotion"},{"floor":8,"key":"PowerPotion"},{"floor":12,"key":"Block Potion"},{"floor":13,"key":"Swift Potion"},{"floor":18,"key":"LiquidMemories"},{"floor":22,"key":"ColorlessPotion"},{"floor":25,"key":"Explosive Potion"},{"floor":35,"key":"Block Potion"},{"floor":38,"key":"SmokeBomb"},{"floor":39,"key":"Fruit Juice"},{"floor":48,"key":"LiquidBronze"}],"is_trial":false,"path_per_floor":["M","?","?","?","M","R","E","M","T","R","$","E","M","E","R","B",null,"M","?","T","$","M","R","E","M","T","?","R","E","M","T","R","B",null,"M","?","T","?","M","?","E","M","T","E","R","T","R","M","R","B"],"character_chosen":"THE_SILENT","items_purchased":["DollysMirror","Happy Flower","Orichalcum","Orrery"],"campfire_rested":7,"item_purchase_floors":[11,11,11,21],"current_hp_per_floor":[66,66,66,55,49,70,16,9,9,30,30,32,36,21,42,34,61,57,57,57,57,62,62,50,38,38,38,59,53,51,51,74,54,71,76,76,76,76,82,82,82,88,94,37,65,71,71,32,62,0,0],"gold":399,"neow_bonus":"RANDOM_COMMON_RELIC","is_daily":false,"chose_seed":false,"campfire_upgraded":2,"win_rate":0.0,"timestamp":1609743806,"path_taken":["M","?","?","?","?","R","E","M","T","R","$","E","M","E","R","BOSS","M","?","?","$","?","R","E","M","T","?","R","E","M","?","R","BOSS","M","?","?","?","?","?","E","M","T","E","R","?","R","M","R","BOSS"],"items_purchased_type":["Relic","Relic","Relic","Relic"],"build_version":"2020-12-18","purchased_purges":0,"victory":false,"max_hp_per_floor":[70,70,70,70,70,70,70,70,70,70,70,70,70,70,70,70,70,70,70,70,70,70,70,70,70,70,70,70,77,77,77,77,77,77,77,77,77,77,82,82,82,88,94,94,94,100,100,100,100,100,100],"card_choices":[{"not_picked":["Deflect","Blade Dance"],"picked":"Sucker Punch","floor":1},{"not_picked":["Setup","Deflect"],"picked":"Infinite Blades","floor":5},{"not_picked":["Deflect","Underhanded Strike"],"picked":"Adrenaline","floor":7},{"not_picked":["Deflect","Quick Slash"],"picked":"Poisoned Stab","floor":8},{"not_picked":["Acrobatics","Endless Agony"],"picked":"Caltrops","floor":12},{"not_picked":["Well Laid Plans","Distraction"],"picked":"Dagger Spray","floor":13},{"not_picked":["Night Terror","Underhanded Strike"],"picked":"Dagger Spray","floor":14},{"not_picked":["Tools of the Trade","Malaise"],"picked":"Venomology","floor":16},{"not_picked":["Blade Dance","Slice"],"picked":"Footwork","floor":18},{"not_picked":["Deadly Poison","Acrobatics"],"picked":"Sucker Punch+1","floor":21},{"not_picked":["Sucker Punch","Acrobatics+1"],"picked":"Blade Dance","floor":21},{"not_picked":["Skewer","PiercingWail"],"picked":"Cloak And Dagger+1","floor":21},{"not_picked":["Tactician","Underhanded Strike+1"],"picked":"Prepared","floor":21},{"not_picked":["Accuracy","Finisher"],"picked":"Backstab","floor":21},{"not_picked":["Infinite Blades+1","Bane"],"picked":"PiercingWail","floor":22},{"not_picked":["Finisher","Dash"],"picked":"Crippling Poison+1","floor":24},{"not_picked":["Calculated Gamble","Sucker Punch"],"picked":"PiercingWail","floor":25},{"not_picked":["Dagger Throw","After Image","Backflip"],"picked":"SKIP","floor":29},{"not_picked":["Poisoned Stab","Predator","Masterful Stab+1"],"picked":"SKIP","floor":30},{"not_picked":["Die Die Die+1","Wraith Form v2"],"picked":"Doppelganger","floor":33},{"not_picked":["Quick Slash+1","Reflex"],"picked":"Slice+1","floor":35},{"not_picked":["Master of Strategy","Mayhem"],"picked":"Sadistic Nature","floor":36},{"not_picked":["Deadly Poison+1","Blade Dance+1"],"picked":"PiercingWail+1","floor":39},{"not_picked":["Dodge and Roll","Storm of Steel","Concentrate"],"picked":"SKIP","floor":41},{"not_picked":["Cloak And Dagger","Leg Sweep+1"],"picked":"Slice+1","floor":44},{"not_picked":["Reflex","Flying Knee+1","Deflect+1"],"picked":"SKIP","floor":48}],"player_experience":1050035,"relics_obtained":[{"floor":7,"key":"Toy Ornithopter"},{"floor":9,"key":"Mercury Hourglass"},{"floor":12,"key":"Snake Skull"},{"floor":14,"key":"Pen Nib"},{"floor":20,"key":"Shuriken"},{"floor":24,"key":"Tiny Chest"},{"floor":26,"key":"Ninja Scroll"},{"floor":29,"key":"Strawberry"},{"floor":31,"key":"Molten Egg 2"},{"floor":37,"key":"Darkstone Periapt"},{"floor":41,"key":"Nunchaku"},{"floor":41,"key":"FossilizedHelix"},{"floor":44,"key":"White Beast Statue"},{"floor":44,"key":"Blood Vial"},{"floor":46,"key":"Smiling Mask"}],"event_choices":[{"damage_healed":0,"gold_gain":0,"player_choice":"Ignored","damage_taken":0,"max_hp_gain":0,"max_hp_loss":0,"event_name":"Golden Wing","floor":2,"gold_loss":0},{"damage_healed":0,"gold_gain":175,"player_choice":"AGREE","damage_taken":0,"max_hp_gain":0,"max_hp_loss":0,"event_name":"Liars Game","floor":3,"gold_loss":0,"cards_obtained":["Doubt"]},{"damage_healed":0,"gold_gain":75,"player_choice":"Gather Gold","damage_taken":11,"max_hp_gain":0,"max_hp_loss":0,"event_name":"World of Goop","floor":4,"gold_loss":0},{"damage_healed":0,"gold_gain":0,"player_choice":"Simplicity","damage_taken":0,"max_hp_gain":0,"max_hp_loss":0,"event_name":"Back to Basics","floor":19,"gold_loss":0,"cards_upgraded":["Strike_G","Strike_G","Strike_G","Strike_G","Strike_G","Defend_G","Defend_G","Defend_G","Defend_G","Defend_G"]},{"damage_healed":0,"gold_gain":0,"player_choice":"Ignored","damage_taken":0,"max_hp_gain":0,"max_hp_loss":0,"event_name":"Ghosts","floor":27,"gold_loss":0},{"damage_healed":0,"gold_gain":0,"player_choice":"Memory 1","damage_taken":0,"max_hp_gain":0,"max_hp_loss":0,"event_name":"SensoryStone","floor":36,"gold_loss":0},{"damage_healed":0,"gold_gain":0,"player_choice":"Got Potions","damage_taken":0,"max_hp_gain":0,"max_hp_loss":0,"event_name":"Lab","floor":38,"gold_loss":0},{"cards_removed":["Strike_G"],"damage_healed":0,"gold_gain":0,"player_choice":"Removed Attack","damage_taken":0,"max_hp_gain":0,"max_hp_loss":0,"event_name":"Falling","floor":40,"gold_loss":0}],"is_beta":true,"boss_relics":[{"not_picked":["Pandora\u0027s Box","Snecko Eye"],"picked":"Cursed Key"},{"not_picked":["SacredBark","Empty Cage"],"picked":"Black Star"}],"items_purged_floors":[],"is_endless":false,"potions_floor_spawned":[7,8,12,13,18,22,25,35,39,48],"killed_by":"Awakened One","ascension_level":5}}