{"host":"662n7794wuevbd4i","time":1609769989,"event":{"mods":["BaseMod","KOR Keyword Fix","Minty Spire (QoL Compilation)","StSLib","The Cursed","The Dragon Tamer","The Hierophant","The Poker Player"],"gold_per_floor":[112,125,138,151,34,34,61,81,81,114,176,20,53,53,53,156,156,171,190,190,200,200,200,235,248,248,248,276,291,325,345,345,441,441,528,617,617,702,62,162,162,8,8,100,193,193,193,193,193],"floor_reached":47,"playtime":2213,"items_purged":["DTMod:DoubleHit"],"score":743,"play_id":"be4ba33b-568b-4843-9174-7b8ce7da1b8a","local_time":"20210104231949","is_ascension_mode":true,"metric_token":543,"campfire_choices":[{"data":"DTMod:InvisibleFlame","floor":6.0,"key":"SMITH"},{"floor":15.0,"key":"REST"},{"data":"DTMod:Training","floor":23.0,"key":"SMITH"},{"data":"DTMod:Training","floor":27.0,"key":"SMITH"},{"data":"DTMod:Training","floor":32.0,"key":"SMITH"},{"floor":41.0,"key":"REST"}],"dtmod_dragon_data":[33,50,3,4,14,3],"circlet_count":0,"master_deck":["DTMod:Strike","DTMod:Strike","DTMod:Strike","DTMod:Strike","DTMod:TargetDefense","DTMod:TargetDefense","DTMod:TargetDefense","DTMod:TargetDefense","DTMod:SwitchingTactic+1","DTMod:Training+1","DTMod:MagiciansMark","DTMod:BurningEnergy","DTMod:CleansingStrike","DTMod:InvisibleFlame+1","DTMod:Feint","DTMod:RunningTactic","DTMod:SneakAttack","DTMod:FlameSlash","DTMod:Training+1","DTMod:ComboAttack","DTMod:WarmUp","DTMod:ShadowImage","DTMod:BalancedStrike","DTMod:SneakAttack+1","DTMod:MagiciansMark","DTMod:QuickFly","DTMod:MasterPlan","DTMod:Observe","DTMod:InvisibleFlame+1","DTMod:Training+1","DTMod:LightShield","DTMod:Dissolve+1","DTMod:Astonish+1","DTMod:MasterPlan+1","DTMod:BuildUp+1","DTMod:BreakAttack+1","DTMod:Feint+1","DTMod:QuickFly+1","Parasite","DTMod:SneakAttack+1","Forethought"],"relics":["DTMod:MagicStone","The Courier","Darkstone Periapt","Bottled Flame","Blue Candle","Lantern","InkBottle","Meat on the Bone","FaceOfCleric","Bag of Marbles","Pear","White Beast Statue","Molten Egg 2","Black Star","Matryoshka","Sling","Orichalcum","Pen Nib","DTMod:BasicTextbook","Boot","Dream Catcher","Juzu Bracelet","DTMod:DragonFood"],"acts_visited":["Exordium","TheCity","TheBeyond"],"potions_floor_usage":[],"damage_taken":[{"damage":0.0,"enemies":"Cultist","floor":1.0,"turns":4.0},{"damage":0.0,"enemies":"Small Slimes","floor":2.0,"turns":3.0},{"damage":0.0,"enemies":"Jaw Worm","floor":3.0,"turns":3.0},{"damage":0.0,"enemies":"Exordium Wildlife","floor":4.0,"turns":3.0},{"damage":0.0,"enemies":"Lagavulin","floor":7.0,"turns":6.0},{"damage":7.0,"enemies":"Large Slime","floor":8.0,"turns":5.0},{"damage":24.0,"enemies":"Gremlin Nob","floor":10.0,"turns":4.0},{"damage":0.0,"enemies":"Gremlin Nob","floor":11.0,"turns":4.0},{"damage":8.0,"enemies":"3 Sentries","floor":13.0,"turns":6.0},{"damage":0.0,"enemies":"Slime Boss","floor":16.0,"turns":7.0},{"damage":0.0,"enemies":"Spheric Guardian","floor":18.0,"turns":3.0},{"damage":0.0,"enemies":"3 Byrds","floor":19.0,"turns":5.0},{"damage":8.0,"enemies":"Snecko","floor":21.0,"turns":5.0},{"damage":29.0,"enemies":"Book of Stabbing","floor":24.0,"turns":5.0},{"damage":28.0,"enemies":"Cultist and Chosen","floor":25.0,"turns":5.0},{"damage":13.0,"enemies":"Gremlin Leader","floor":28.0,"turns":3.0},{"damage":0.0,"enemies":"Centurion and Healer","floor":29.0,"turns":3.0},{"damage":23.0,"enemies":"Book of Stabbing","floor":30.0,"turns":4.0},{"damage":25.0,"enemies":"Sentry and Sphere","floor":31.0,"turns":4.0},{"damage":31.0,"enemies":"Champ","floor":33.0,"turns":8.0},{"damage":18.0,"enemies":"3 Darklings","floor":35.0,"turns":5.0},{"damage":14.0,"enemies":"Orb Walker","floor":36.0,"turns":3.0},{"damage":30.0,"enemies":"3 Darklings","floor":38.0,"turns":4.0},{"damage":26.0,"enemies":"Giant Head","floor":40.0,"turns":8.0},{"damage":34,"enemies":"Transient","floor":44,"turns":5},{"damage":18,"enemies":"Writhing Mass","floor":45,"turns":6},{"damage":64,"enemies":"Reptomancer","floor":47,"turns":2}],"seed_played":"-5806156274834638100","potions_obtained":[{"floor":3.0,"key":"Weak Potion"},{"floor":7.0,"key":"Weak Potion"},{"floor":10.0,"key":"Block Potion"},{"floor":16.0,"key":"DuplicationPotion"},{"floor":18.0,"key":"Weak Potion"},{"floor":24.0,"key":"DistilledChaos"},{"floor":29.0,"key":"Fruit Juice"},{"floor":30.0,"key":"ColorlessPotion"},{"floor":31.0,"key":"LiquidMemories"},{"floor":33.0,"key":"Strength Potion"},{"floor":36.0,"key":"Fruit Juice"},{"floor":38.0,"key":"ColorlessPotion"}],"is_trial":false,"path_per_floor":["M","M","M","M","$","R","E","M","T","E","?","$","E","T","R","B",null,"M","M","?","M","?","R","E","M","T","R","E","M","E","M","R","B",null,"M","M","?","M","$","E","R","$","T","M","M","?","E"],"character_chosen":"THE_DT","items_purchased":["DTMod:InvisibleFlame","DTMod:Feint","Lantern","DTMod:ComboAttack","DTMod:BuildUp+1","Matryoshka","Sling","Orichalcum","Pen Nib","Dream Catcher","DTMod:Feint+1"],"campfire_rested":2,"item_purchase_floors":[5,5,12,12,39,39,39,39,39,42,42],"current_hp_per_floor":[45,45,45,45,45,45,45,38,38,14,14,14,6,6,19,31,45,45,45,45,37,37,37,28,20,30,30,37,50,35,30,30,19,67,50,49,49,39,39,33,55,55,55,41,49,49,0,0,0],"gold":193,"neow_bonus":"UPGRADE_CARD","is_daily":false,"chose_seed":false,"campfire_upgraded":4,"win_rate":0.0,"timestamp":1609769989,"path_taken":["M","M","?","?","$","R","E","M","T","E","?","?","E","?","R","BOSS","M","M","?","M","?","R","E","M","T","R","E","M","E","M","R","BOSS","M","M","?","M","$","E","R","$","T","M","M","?","E"],"items_purchased_type":["Card","Card","Relic","Card","Card","Relic","Relic","Relic","Relic","Relic","Card"],"build_version":"2020-12-22","purchased_purges":1,"victory":false,"max_hp_per_floor":[45,45,45,45,45,45,45,45,45,45,45,45,45,45,45,45,45,45,45,45,45,45,45,46,47,57,57,58,64,65,66,66,67,67,68,74,74,75,75,76,76,76,76,77,84,84,84,84,84],"card_choices":[{"not_picked":["DTMod:Feint","DTMod:QuickFly"],"picked":"DTMod:Training","floor":1.0},{"not_picked":["DTMod:ForkedFire","DTMod:BuildUp"],"picked":"DTMod:MagiciansMark","floor":2.0},{"not_picked":["DTMod:MagicField","DTMod:Threaten"],"picked":"DTMod:BurningEnergy","floor":3.0},{"not_picked":["DTMod:LastStand","DTMod:HeatWave"],"picked":"DTMod:CleansingStrike","floor":4.0},{"not_picked":["DTMod:Haste","DTMod:ShieldDrain"],"picked":"DTMod:RunningTactic","floor":7.0},{"not_picked":["DTMod:BurningEnergy","DTMod:Adaptation"],"picked":"DTMod:SneakAttack","floor":8.0},{"not_picked":["DTMod:MaximumCharge","DTMod:ResonanceForm"],"picked":"DTMod:FlameSlash","floor":10.0},{"not_picked":["DTMod:Astonish","DTMod:TauntingStrike"],"picked":"DTMod:Training","floor":11.0},{"not_picked":["DTMod:Threaten","DTMod:MasterPlan"],"picked":"DTMod:WarmUp","floor":13.0},{"not_picked":["DTMod:HeadStart","DTMod:Harmonize"],"picked":"DTMod:ShadowImage","floor":16.0},{"not_picked":["DTMod:DeepFocus","DTMod:Threaten"],"picked":"DTMod:BalancedStrike","floor":18.0},{"not_picked":["DTMod:Cover","DTMod:FlameSlash"],"picked":"DTMod:SneakAttack+1","floor":19.0},{"not_picked":["DTMod:Cover","DTMod:Astonish"],"picked":"DTMod:MagiciansMark","floor":21.0},{"not_picked":["DTMod:InvisibleFlame","DTMod:EchoTactic"],"picked":"DTMod:QuickFly","floor":24.0},{"not_picked":["DTMod:Haste","DTMod:Threaten"],"picked":"DTMod:MasterPlan","floor":25.0},{"not_picked":["DTMod:PurifyingFlame+1","DTMod:Conduct"],"picked":"DTMod:Observe","floor":28.0},{"not_picked":["DTMod:Punisher+1","DTMod:Training"],"picked":"DTMod:InvisibleFlame+1","floor":29.0},{"not_picked":["DTMod:DarkBreath+1","DTMod:MasterPlan","DTMod:StarRain+1"],"picked":"SKIP","floor":30.0},{"not_picked":["DTMod:BizarreTactic","DTMod:HeatWave+1"],"picked":"DTMod:Training","floor":31.0},{"not_picked":["DTMod:SealedStrike+1","DTMod:StunTrap"],"picked":"DTMod:LightShield","floor":33.0},{"not_picked":["DTMod:HeatWave+1","DTMod:CalculatedDefense"],"picked":"DTMod:Dissolve+1","floor":35.0},{"not_picked":["DTMod:MaximumCharge+1","DTMod:Punisher+1"],"picked":"DTMod:Astonish+1","floor":36.0},{"not_picked":["DTMod:BlazingStrike+1","DTMod:Training"],"picked":"DTMod:MasterPlan+1","floor":38.0},{"not_picked":["DTMod:BlueScale+1","DTMod:CalculatedDefense+1"],"picked":"DTMod:BreakAttack+1","floor":40.0},{"not_picked":["DTMod:Training+1","DTMod:BalancedStrike+1"],"picked":"DTMod:QuickFly+1","floor":44},{"not_picked":["DTMod:PurifyingFlame+1","DTMod:ForkedFire+1"],"picked":"DTMod:SneakAttack+1","floor":45},{"not_picked":["Trip","Madness"],"picked":"Forethought","floor":46}],"player_experience":133121,"relics_obtained":[{"floor":7.0,"key":"The Courier"},{"floor":9.0,"key":"Darkstone Periapt"},{"floor":10.0,"key":"Bottled Flame"},{"floor":11.0,"key":"Blue Candle"},{"floor":13.0,"key":"InkBottle"},{"floor":14.0,"key":"Meat on the Bone"},{"floor":24.0,"key":"Bag of Marbles"},{"floor":26.0,"key":"Pear"},{"floor":28.0,"key":"White Beast Statue"},{"floor":30.0,"key":"Molten Egg 2"},{"floor":40.0,"key":"DTMod:BasicTextbook"},{"floor":40.0,"key":"Boot"},{"floor":43.0,"key":"Juzu Bracelet"},{"floor":43.0,"key":"DTMod:DragonFood"}],"event_choices":[{"damage_healed":0.0,"max_hp_gain":0.0,"max_hp_loss":0.0,"gold_gain":0.0,"event_name":"Dead Adventurer","player_choice":"Searched \u00271\u0027 times","floor":11.0,"gold_loss":0.0,"damage_taken":0.0},{"damage_healed":0.0,"max_hp_gain":0.0,"max_hp_loss":0.0,"gold_gain":0.0,"event_name":"Ghosts","player_choice":"Ignored","floor":20.0,"gold_loss":0.0,"damage_taken":0.0},{"damage_healed":0.0,"max_hp_gain":0.0,"max_hp_loss":0.0,"gold_gain":0.0,"event_name":"FaceTrader","player_choice":"Trade","floor":22.0,"gold_loss":0.0,"damage_taken":0.0,"relics_obtained":["FaceOfCleric"]},{"damage_healed":0.0,"max_hp_gain":0.0,"max_hp_loss":0.0,"gold_gain":0.0,"event_name":"Tomb of Lord Red Mask","player_choice":"Ignored","floor":37.0,"gold_loss":0.0,"damage_taken":0.0},{"damage_healed":0,"gold_gain":0,"player_choice":"Memory 1","damage_taken":0,"max_hp_gain":0,"max_hp_loss":0,"event_name":"SensoryStone","floor":46,"gold_loss":0}],"is_beta":false,"boss_relics":[{"not_picked":["Cursed Key","Runic Dome"],"picked":"DTMod:MagicStone"},{"not_picked":["Runic Pyramid","Snecko Eye"],"picked":"Black Star"}],"items_purged_floors":[39],"is_endless":false,"potions_floor_spawned":[3,7,10,16,18,24,25,29,30,31,33,35,36,38,44,45],"killed_by":"Reptomancer","ascension_level":1}}