{"host":"mzp3pvw1g1kyjyte","time":1609753865,"event":{"mods":["AchievementEnabler","Arknights The Spire","BaseMod","Colored Powertips","Highlight Path","Minty Spire (QoL Compilation)","Quick Restart","Relic Stats","Remilia£®¿Ÿ√◊¿Ú—«£©","Shop Mod","StSLib","SuperFastMode","TestMod","[IsaacMod]“‘»ˆº‚À˛"],"gold_per_floor":[267,267,267,0,17,48,48,48,48,61,81,101,20,36,36,36,36],"floor_reached":16,"playtime":658,"items_purged":[],"score":127,"play_id":"beb1ef7d-5ac1-4fb6-8243-2b1fceb6429e","local_time":"20210104175105","is_ascension_mode":false,"campfire_choices":[{"floor":8,"key":"REST"},{"floor":15,"key":"REST"}],"circlet_count":0,"master_deck":["Strike_RM","Strike_RM","Strike_RM","Strike_RM","Defend_RM","Defend_RM","Defend_RM","Defend_RM","RedMoon","ScarletShoot","UnstableMagic","StarOfDavid","UnderTheZenith"],"relics":["ScarletHat","HushsDoor","testmod-TestBox","testmod-DreamHouse","Happy Flower","Lantern","BloodDonationBag","NeowsBlessing","Bronze Scales","testmod-EqualTreatment","Du-Vu Doll","GuppysHead"],"acts_visited":["Exordium"],"potions_floor_usage":[],"damage_taken":[{"damage":0,"enemies":"Small Slimes","floor":1,"turns":1},{"damage":0,"enemies":"Jaw Worm","floor":5,"turns":1},{"damage":0,"enemies":"Lagavulin","floor":6,"turns":1},{"damage":0,"enemies":"Cultist","floor":10,"turns":2},{"damage":0,"enemies":"Gremlin Gang","floor":11,"turns":3},{"damage":9,"enemies":"3 Louse","floor":12,"turns":2},{"damage":0,"enemies":"Large Slime","floor":14,"turns":3},{"damage":9,"enemies":"Hexaghost","floor":16,"turns":9}],"seed_played":"753482017721880154","potions_obtained":[{"floor":12,"key":"SpeedPotion"},{"floor":14,"key":"PowerPotion"}],"is_trial":false,"path_per_floor":["M","?","?","$","M","E","$","R","T","M","M","M","$","M","R","B"],"character_chosen":"REMILIA","items_purchased":["ScarletNetherworld","testmod-EqualTreatment","CeilingFear"],"campfire_rested":2,"item_purchase_floors":[4,4,13],"current_hp_per_floor":[48,48,41,12,12,12,12,34,34,37,39,30,30,31,53,49,49],"gold":36,"neow_bonus":"THREE_ENEMY_KILL","is_daily":false,"chose_seed":false,"campfire_upgraded":0,"win_rate":0.0,"timestamp":1609753865,"path_taken":["M","?","?","?","M","E","$","R","T","M","M","M","$","M","R","BOSS"],"items_purchased_type":["Card","Relic","Card"],"build_version":"2020-12-22","purchased_purges":0,"victory":false,"max_hp_per_floor":[75,75,75,75,75,75,75,75,75,75,75,75,75,75,75,75,75],"relic_stats":{"Happy Flower":[7],"counters":[8,22],"Bronze Scales":[53],"obtain_stats":[{"KeepersGift":0,"Lantern":0,"testmod-TestBox":0,"Happy Flower":0,"NeowsBlessing":0,"testmod-EqualTreatment":4,"ScarletHat":0,"Du-Vu Doll":6,"Bronze Scales":3,"BloodDonationBag":0,"testmod-DreamHouse":0,"GuppysHead":9,"HushsDoor":0,"BloodDonationMachine":0},{"KeepersGift":0,"Lantern":0,"testmod-TestBox":0,"Happy Flower":0,"NeowsBlessing":0,"testmod-EqualTreatment":1,"ScarletHat":0,"Du-Vu Doll":3,"Bronze Scales":1,"BloodDonationBag":0,"testmod-DreamHouse":0,"GuppysHead":3,"HushsDoor":0,"BloodDonationMachine":0},{"KeepersGift":0,"Lantern":0,"testmod-TestBox":0,"Happy Flower":0,"NeowsBlessing":0,"testmod-EqualTreatment":1,"ScarletHat":0,"Du-Vu Doll":3,"Bronze Scales":1,"BloodDonationBag":0,"testmod-DreamHouse":0,"GuppysHead":3,"HushsDoor":0,"BloodDonationMachine":0}]},"card_choices":[{"not_picked":[],"picked":"BloodyBrimstone","floor":0},{"not_picked":["StarOfDavid","NightDance"],"picked":"UnstableMagic","floor":1},{"not_picked":["Bomb","FavorOfDestiny"],"picked":"StarOfDavid","floor":5},{"not_picked":["EternalNight","MastersStateliness"],"picked":"LeisurelyOfLord","floor":6},{"not_picked":["BloodAndWine","AfternoonTea"],"picked":"VampirishNight","floor":10},{"not_picked":["UltimateOffering","ScarletDevil"],"picked":"MiserableFate","floor":11},{"not_picked":["BadLadyScramble","DiffusionOfMisfortune"],"picked":"UnderTheZenith","floor":12},{"not_picked":["NightDance","UnderTheZenith"],"picked":"MillenniumVampire","floor":14}],"player_experience":21087,"relics_obtained":[{"floor":6,"key":"Du-Vu Doll"},{"floor":9,"key":"GuppysHead"}],"event_choices":[{"damage_healed":0,"gold_gain":0,"cards_transformed":["BloodyBrimstone"],"player_choice":"Change","damage_taken":0,"max_hp_gain":0,"max_hp_loss":0,"event_name":"Living Wall","floor":2,"gold_loss":0,"cards_obtained":["testmod-EnhanceArmerment"]},{"damage_healed":0,"gold_gain":0,"player_choice":"Success","damage_taken":7,"relics_obtained":["Bronze Scales"],"max_hp_gain":0,"max_hp_loss":0,"event_name":"Scrap Ooze","floor":3,"gold_loss":0}],"is_beta":false,"boss_relics":[],"items_purged_floors":[],"is_endless":false,"potions_floor_spawned":[12,14],"killed_by":"Hexaghost","ascension_level":0}}