{"host":"sum4dy402bbv9y4o","time":1609779813,"event":{"mods":["Aspiration","BaseMod","Conspire","Highlight Path","Minty Spire (QoL Compilation)","StSLib"],"gold_per_floor":[110,10,160,160,180,210,210,244,244,257,271,271,299,315,315,394,394,409,624,635,156,167,167,196,206,260,287,287,287,287,20,20,98,98,113,132,132,149,149,177,177,1,1,1,13,32,32,42,42,42,42],"floor_reached":50,"playtime":1649,"items_purged":["Strike_P","Strike_P","Strike_P","Defend_P"],"score":1135,"play_id":"d563322c-6a9e-41b9-b3df-661e3aef4bd9","local_time":"20210104200333","is_ascension_mode":true,"campfire_choices":[{"data":"Eruption","floor":7,"key":"SMITH"},{"floor":12,"key":"REST"},{"data":"CrushJoints","floor":15,"key":"SMITH"},{"data":"BowlingBash","floor":23,"key":"SMITH"},{"floor":28,"key":"REST"},{"floor":30,"key":"REST"},{"data":"Tantrum","floor":32,"key":"SMITH"},{"data":"Madness","floor":41,"key":"SMITH"},{"floor":47,"key":"REST"},{"data":"Madness","floor":49,"key":"SMITH"}],"circlet_count":0,"master_deck":["AscendersBane","Defend_P","Defend_P","Defend_P","Eruption+1","Vigilance","FollowUp","CrushJoints+1","BowlingBash+1","Tantrum+1","EmptyFist+1","Protect","TalkToTheHand+1","SashWhip+1","Protect","SpiritShield","FearNoEvil+1","LikeWater+1","Consecrate+1","EmptyBody","FlurryOfBlows+1","BowlingBash+1","Crescendo+1","FlurryOfBlows+1","Ragnarok+1","EmptyBody+1","Madness+1","Madness+1","Halt+1","Consecrate+1","CarveReality+1"],"relics":["HolyWater","aspiration:Nostalgia","Cracked Core","aspiration:FetidBarrel","Molten Egg 2","Regal Pillow","Meat on the Bone","Old Coin","White Beast Statue","Gremlin Horn","Anchor","aspiration:Stabinomicon","aspiration:IroncladSkillbook","aspiration:ChemicalBlood","aspiration:FrozenJewel"],"acts_visited":["Exordium","TheCity","TheBeyond"],"potions_floor_usage":[22,24,25,27,38,40,40,48,50,50,50,50,50,50,50],"damage_taken":[{"damage":0,"enemies":"Cultist","floor":1,"turns":3},{"damage":0,"enemies":"Jaw Worm","floor":5,"turns":2},{"damage":0,"enemies":"Gremlin Nob","floor":6,"turns":2},{"damage":42,"enemies":"Lagavulin","floor":8,"turns":4},{"damage":0,"enemies":"Small Slimes","floor":10,"turns":2},{"damage":1,"enemies":"2 Fungi Beasts","floor":11,"turns":3},{"damage":16,"enemies":"Gremlin Nob","floor":13,"turns":3},{"damage":4,"enemies":"Exordium Thugs","floor":14,"turns":2},{"damage":8,"enemies":"Slime Boss","floor":16,"turns":6},{"damage":0,"enemies":"3 Byrds","floor":18,"turns":4},{"damage":14,"enemies":"2 Thieves","floor":20,"turns":3},{"damage":0,"enemies":"Shelled Parasite and Fungi","floor":22,"turns":4},{"damage":37,"enemies":"Gremlin Leader","floor":24,"turns":8},{"damage":7,"enemies":"Snake Plant","floor":25,"turns":3},{"damage":15,"enemies":"Book of Stabbing","floor":27,"turns":4},{"damage":15,"enemies":"conspire:MysteriousRune","floor":33,"turns":5},{"damage":0,"enemies":"3 Darklings","floor":35,"turns":2},{"damage":0,"enemies":"3 Shapes","floor":36,"turns":2},{"damage":2,"enemies":"Writhing Mass","floor":38,"turns":3},{"damage":34,"enemies":"Giant Head","floor":40,"turns":5},{"damage":7,"enemies":"Maw","floor":45,"turns":4},{"damage":0,"enemies":"Jaw Worm Horde","floor":46,"turns":4},{"damage":6,"enemies":"Writhing Mass","floor":48,"turns":4},{"damage":140,"enemies":"conspire:OrnateMirror","floor":50,"turns":6}],"seed_played":"-4897627089184645451","potions_obtained":[{"floor":10,"key":"LiquidBronze"},{"floor":14,"key":"Block Potion"},{"floor":22,"key":"StancePotion"},{"floor":24,"key":"Swift Potion"},{"floor":25,"key":"SneckoOil"},{"floor":27,"key":"BlessingOfTheForge"},{"floor":33,"key":"LiquidMemories"},{"floor":38,"key":"SteroidPotion"},{"floor":40,"key":"PowerPotion"},{"floor":45,"key":"Block Potion"},{"floor":48,"key":"BottledMiracle"},{"floor":50,"key":"EntropicBrew"},{"floor":50,"key":"SpeedPotion"}],"is_trial":false,"path_per_floor":["M","$","?","?","M","E","R","E","T","M","M","R","E","M","R","B",null,"M","?","M","$","M","R","E","M","T","E","R","?","R","$","R","B",null,"M","M","?","M","?","E","R","$","T","$","M","M","R","M","R","B"],"character_chosen":"WATCHER","items_purchased":["CrushJoints","White Beast Statue","PowerPotion","Consecrate+1","FlurryOfBlows+1","LiquidMemories","Consecrate+1"],"campfire_rested":4,"item_purchase_floors":[2,21,21,21,31,31,42],"current_hp_per_floor":[61,61,61,61,61,61,61,19,19,19,18,53,37,45,45,37,60,60,60,46,46,46,46,21,26,26,23,58,39,73,73,73,58,69,73,73,60,62,62,44,44,44,44,44,41,45,73,71,71,0,0],"gold":42,"neow_bonus":"NOSTALGIA","is_daily":false,"chose_seed":false,"campfire_upgraded":6,"win_rate":0.0,"timestamp":1609779813,"path_taken":["M","$","?","?","M","E","R","E","T","M","M","R","E","M","R","BOSS","M","?","M","$","M","R","E","M","T","E","R","?","R","$","R","BOSS","M","M","?","M","?","E","R","$","T","$","M","M","R","M","R","BOSS"],"items_purchased_type":["Card","Relic","Potion","Card","Card","Potion","Card"],"build_version":"2020-12-22","purchased_purges":4,"victory":false,"max_hp_per_floor":[68,68,68,68,68,68,68,68,68,68,68,68,68,68,68,68,68,68,68,68,68,68,68,68,68,68,68,68,73,73,73,73,73,73,73,73,73,73,73,73,73,73,73,73,73,73,73,73,73,73,73],"card_choices":[{"not_picked":["Halt","LikeWater"],"picked":"FollowUp","floor":1},{"not_picked":["CrushJoints","Evaluate"],"picked":"BowlingBash","floor":5},{"not_picked":["SandsOfTime","ClearTheMind"],"picked":"Tantrum","floor":6},{"not_picked":["PathToVictory","CarveReality+1"],"picked":"EmptyFist+1","floor":8},{"not_picked":["ForeignInfluence","CarveReality+1"],"picked":"Protect","floor":10},{"not_picked":["FlyingSleeves+1","EmptyBody"],"picked":"TalkToTheHand+1","floor":11},{"not_picked":["LikeWater","EmptyBody"],"picked":"SashWhip+1","floor":13},{"not_picked":["Swivel","Study"],"picked":"Protect","floor":14},{"not_picked":["Scrawl","Alpha"],"picked":"SpiritShield","floor":16},{"not_picked":["FlurryOfBlows+1","CrushJoints+1"],"picked":"FearNoEvil+1","floor":18},{"not_picked":["Wireheading+1","Prostrate+1"],"picked":"LikeWater+1","floor":20},{"not_picked":["InnerPeace","Nirvana"],"picked":"EmptyBody","floor":22},{"not_picked":["Sanctity","InnerPeace"],"picked":"FlurryOfBlows+1","floor":24},{"not_picked":["ForeignInfluence","WreathOfFlame+1"],"picked":"BowlingBash+1","floor":25},{"not_picked":["FollowUp+1","Adaptation"],"picked":"Crescendo+1","floor":27},{"not_picked":["Wish","Vault"],"picked":"Ragnarok+1","floor":33},{"not_picked":["Anger+1","Entrench","Iron Wave+1","CrushJoints+1"],"picked":"SKIP","floor":35},{"not_picked":["Study","Shrug It Off+1","Thunderclap+1"],"picked":"EmptyBody+1","floor":36},{"not_picked":["Pommel Strike+1","JustLucky+1","Evaluate","Hemokinesis+1"],"picked":"SKIP","floor":38},{"not_picked":["Clothesline+1","Shrug It Off+1","FearNoEvil+1"],"picked":"Halt+1","floor":40},{"not_picked":["Prostrate","Havoc+1","Demon Form","FlurryOfBlows+1"],"picked":"SKIP","floor":45},{"not_picked":["Wireheading","InnerPeace","SashWhip+1","Flex"],"picked":"SKIP","floor":46},{"not_picked":["Seeing Red","LikeWater","Reckless Charge+1"],"picked":"CarveReality+1","floor":48}],"player_experience":2904387,"relics_obtained":[{"floor":6,"key":"aspiration:FetidBarrel"},{"floor":8,"key":"Molten Egg 2"},{"floor":9,"key":"Regal Pillow"},{"floor":13,"key":"Meat on the Bone"},{"floor":24,"key":"Gremlin Horn"},{"floor":26,"key":"Anchor"},{"floor":27,"key":"aspiration:Stabinomicon"},{"floor":40,"key":"aspiration:ChemicalBlood"},{"floor":43,"key":"aspiration:FrozenJewel"}],"event_choices":[{"damage_healed":0,"gold_gain":150,"player_choice":"AGREE","damage_taken":0,"max_hp_gain":0,"max_hp_loss":0,"event_name":"Liars Game","floor":3,"gold_loss":0,"cards_obtained":["Doubt"]},{"cards_removed":["Doubt"],"damage_healed":0,"gold_gain":0,"player_choice":"Forget","damage_taken":0,"max_hp_gain":0,"max_hp_loss":0,"event_name":"Living Wall","floor":4,"gold_loss":0},{"damage_healed":0,"gold_gain":0,"player_choice":"Obtained Relic","damage_taken":0,"relics_obtained":["Old Coin"],"max_hp_gain":0,"max_hp_loss":0,"event_name":"Addict","floor":19,"gold_loss":85},{"damage_healed":0,"gold_gain":0,"player_choice":"Shed Blood","damage_taken":24,"max_hp_gain":5,"max_hp_loss":0,"event_name":"Forgotten Altar","floor":29,"gold_loss":0},{"damage_healed":0,"gold_gain":0,"player_choice":"Embrace Madness","damage_taken":13,"max_hp_gain":0,"max_hp_loss":0,"event_name":"Winding Halls","floor":37,"gold_loss":0,"cards_obtained":["Madness","Madness"]},{"cards_removed":["Strike_P"],"damage_healed":0,"gold_gain":0,"player_choice":"Purged","damage_taken":0,"max_hp_gain":0,"max_hp_loss":0,"event_name":"Purifier","floor":39,"gold_loss":0}],"is_beta":false,"boss_relics":[{"not_picked":["Sozu","conspire:SlowCooker"],"picked":"HolyWater"},{"not_picked":["Black Star","conspire:RunicOctahedron"],"picked":"aspiration:IroncladSkillbook"}],"items_purged_floors":[2,21,31,42],"is_endless":false,"potions_floor_spawned":[10,14,16,22,24,25,27,33,35,36,38,40,45,46,48],"killed_by":"conspire:OrnateMirror","ascension_level":20}}