{"host":"4sjakdxyb9lejcxv","time":1609734123,"event":{"mods":["BaseMod","Downfall","Minty Spire (QoL Compilation)","StSLib"],"gold_per_floor":[117,132,132,162,181,181,208,227,244,254,179,196,211,24,24,128,128,145,160,245,245,265,265,265,278,278,295,295,295,295,245,245,343,343,356,369,127,139,155,155,155,255,272,285,299,299,299,299,299],"floor_reached":47,"playtime":3195,"items_purged":[],"score":475,"play_id":"d6196857-b97b-4981-b30c-7479df22a24f","local_time":"20210103232203","is_ascension_mode":false,"campfire_choices":[{"data":"champ:BerserkersShout","floor":6,"key":"SMITH"},{"data":"champ:AdrenalArmor","floor":11,"key":"SMITH"},{"data":"champ:Taunt","floor":15,"key":"SMITH"},{"data":"champ:DancingMaster","floor":23,"key":"SMITH"},{"data":"champ:GutPunch","floor":26,"key":"SMITH"},{"data":"champ:Execute","floor":29,"key":"SMITH"},{"floor":32,"key":"REST"},{"data":"expansioncontent:Chronoboost","floor":46,"key":"SMITH"}],"circlet_count":0,"master_deck":["champ:Strike","champ:Strike","champ:Strike","champ:Defend","champ:Defend","champ:Defend","champ:Defend","champ:Execute+1","champ:Taunt+1","champ:BerserkersShout+1","champ:FlashCut","champ:FocusedDefense","champ:AdrenalArmor+1","champ:Backstep","champ:FanOfKnives","champ:GutPunch+1","champ:Haymaker","champ:IronFortress","champ:TornadoPunch","champ:DancingMaster+1","champ:Encircle+1","champ:Improvising","champ:BerserkerStyle","champ:FocusedBerserking+1","champ:RapidStrikes","champ:PreciseThrust+1","champ:FalseCounter","expansioncontent:DonusPower","expansioncontent:Chronoboost+1","expansioncontent:TimeRipple","champ:FightOn"],"relics":["champ:ChampionCrown","champ:LiftRelic","Ornamental Fan","downfall:HeartBlessingBlue","Lee\u0027s Waffle","Sozu","Mercury Hourglass","champ:BerserkersGuideToSlaughter","Runic Dome","Bag of Marbles","PreservedInsect"],"acts_visited":["Exordium","TheCity","TheBeyond"],"potions_floor_usage":[27,33],"damage_taken":[{"damage":18,"enemies":"2 Louse","floor":1,"turns":4},{"damage":25,"enemies":"Jaw Worm","floor":2,"turns":4},{"damage":11,"enemies":"Small Slimes","floor":5,"turns":3},{"damage":37,"enemies":"2 Fungi Beasts","floor":8,"turns":5},{"damage":53,"enemies":"Large Slime","floor":9,"turns":8},{"damage":21,"enemies":"Lots of Slimes","floor":10,"turns":5},{"damage":25,"enemies":"Blue Slaver","floor":12,"turns":4},{"damage":23,"enemies":"Large Slime","floor":13,"turns":5},{"damage":13,"enemies":"downfall:FleeingMerchant","floor":14,"turns":4},{"damage":106,"enemies":"downfall:Watcher","floor":16,"turns":16},{"damage":35,"enemies":"Shell Parasite","floor":18,"turns":7},{"damage":53,"enemies":"Snecko","floor":19,"turns":6},{"damage":30,"enemies":"Snake Plant","floor":22,"turns":4},{"damage":49,"enemies":"Centurion and Healer","floor":25,"turns":10},{"damage":27,"enemies":"Snecko","floor":27,"turns":5},{"damage":85,"enemies":"downfall:Silent","floor":33,"turns":9},{"damage":30,"enemies":"3 Darklings","floor":35,"turns":4},{"damage":26,"enemies":"3 Shapes","floor":36,"turns":5},{"damage":33,"enemies":"downfall:FleeingMerchant","floor":37,"turns":4},{"damage":32,"enemies":"Sphere and 2 Shapes","floor":38,"turns":3},{"damage":45,"enemies":"Jaw Worm Horde","floor":39,"turns":3},{"damage":61,"enemies":"Transient","floor":43,"turns":5},{"damage":24,"enemies":"3 Darklings","floor":44,"turns":3},{"damage":20,"enemies":"4 Shapes","floor":45,"turns":3},{"damage":45,"enemies":"Writhing Mass","floor":47,"turns":4}],"seed_played":"-68202972219182637","potions_obtained":[{"floor":2,"key":"Block Potion"},{"floor":5,"key":"Ancient Potion"},{"floor":12,"key":"hexamod:EctoCoolerPotion"}],"is_trial":false,"path_per_floor":["M","M","?","?","M","R","T","M","M","M","R","M","M","$","R","B",null,"M","M","?","?","M","R","T","M","R","M","?","R","?","?","R","B",null,"M","M","$","M","M","?","T","?","M","M","M","R","M"],"character_chosen":"THE_CHAMP","items_purchased":["Lee\u0027s Waffle","champ:TornadoPunch","champ:RapidStrikes","Bag of Marbles"],"campfire_rested":1,"item_purchase_floors":[14,14,37,37],"current_hp_per_floor":[91,80,80,80,80,80,80,54,36,36,46,36,31,116,116,69,116,98,73,55,55,43,43,43,34,34,26,26,26,26,66,102,75,121,106,105,105,96,82,72,72,72,51,54,43,43,0,0,0],"gold":299,"neow_bonus":"TEN_PERCENT_HP_BONUS","is_daily":false,"chose_seed":false,"campfire_upgraded":7,"win_rate":0.0,"timestamp":1609734123,"path_taken":["M","M","?","?","M","R","T","M","M","M","R","M","M","$","R","BOSS","M","M","?","?","M","R","T","M","R","M","?","R","?","?","R","BOSS","M","M","$","M","M","?","T","?","M","?","M","R","M"],"items_purchased_type":["Relic","Card","Card","Relic"],"build_version":"2020-12-22","purchased_purges":0,"victory":false,"max_hp_per_floor":[99,99,99,99,99,99,99,99,99,99,109,109,109,116,116,116,116,116,116,116,116,116,116,116,121,121,121,121,121,121,121,121,121,121,121,121,121,121,121,121,121,121,121,121,121,121,121,121,121],"card_choices":[{"not_picked":["champ:Haymaker","champ:ArenaPreparation"],"picked":"champ:BerserkersShout","floor":1},{"not_picked":["champ:Circumvent","champ:BladeFlurry"],"picked":"champ:FlashCut","floor":2},{"not_picked":["champ:BerserkersShout","champ:DefensiveShout"],"picked":"champ:FocusedDefense","floor":5},{"not_picked":["champ:PreciseThrust","champ:PerfectedStrike"],"picked":"champ:AdrenalArmor","floor":8},{"not_picked":["champ:ShieldWall","champ:MurderStrike"],"picked":"champ:Backstep","floor":9},{"not_picked":["champ:Backstep","champ:BringItOn"],"picked":"champ:FanOfKnives","floor":10},{"not_picked":["champ:BerserkersShout","champ:BladeFlurry"],"picked":"champ:GutPunch","floor":12},{"not_picked":["champ:FlashCut","champ:FanOfKnives"],"picked":"champ:Haymaker","floor":13},{"not_picked":["champ:Encircle","champ:CrookedStrike"],"picked":"champ:IronFortress","floor":14},{"not_picked":["champ:ShieldThrow","champ:Improvising"],"picked":"champ:DancingMaster","floor":16},{"not_picked":["champ:Lariat+1","champ:PerfectedStrike","champ:Haymaker"],"picked":"SKIP","floor":18},{"not_picked":["champ:BerserkersShout","champ:AdrenalArmor"],"picked":"champ:FightOn","floor":19},{"not_picked":["champ:StanceDance","champ:Backstep"],"picked":"champ:Encircle+1","floor":22},{"not_picked":["champ:PerfectedStrike","champ:GutPunch","champ:GladiatorStyle+1"],"picked":"SKIP","floor":25},{"not_picked":["champ:Encircle","champ:Circumvent","champ:StanceDance"],"picked":"SKIP","floor":27},{"not_picked":["champ:ShieldThrow","champ:ShieldSlam"],"picked":"champ:Improvising","floor":33},{"not_picked":["champ:CrookedStrike+1","champ:AdrenalArmor+1"],"picked":"champ:BerserkerStyle","floor":35},{"not_picked":["champ:StanceDance","champ:FaceSlap"],"picked":"champ:FocusedBerserking+1","floor":36},{"not_picked":["champ:Lariat","champ:FlashCut","champ:FanOfKnives+1"],"picked":"SKIP","floor":37},{"not_picked":["champ:FanOfKnives+1","champ:FlashCut"],"picked":"champ:PreciseThrust+1","floor":38},{"not_picked":["champ:FaceSlap","champ:PerfectedStrike"],"picked":"champ:FalseCounter","floor":39},{"not_picked":["expansioncontent:PolyBeam","expansioncontent:TimeRipple"],"picked":"expansioncontent:DonusPower","floor":40},{"not_picked":["expansioncontent:SuperHexaguard","expansioncontent:ChargeUp"],"picked":"expansioncontent:Chronoboost","floor":40},{"not_picked":["expansioncontent:YouAreMine","expansioncontent:PrepareCrush"],"picked":"expansioncontent:TimeRipple","floor":40},{"not_picked":["champ:PerfectedStrike","champ:TornadoPunch+1","champ:CrookedStrike+1"],"picked":"SKIP","floor":43},{"not_picked":["champ:Haymaker","champ:PerfectedStrike"],"picked":"champ:FightOn","floor":44},{"not_picked":["champ:DefensiveShout","champ:Lariat","champ:Duel"],"picked":"SKIP","floor":45}],"player_experience":204926,"relics_obtained":[{"floor":24,"key":"Mercury Hourglass"},{"floor":41,"key":"PreservedInsect"}],"event_choices":[],"is_beta":false,"boss_relics":[{"not_picked":["Tiny House","SlaversCollar"],"picked":"Sozu"},{"not_picked":["Velvet Choker","Coffee Dripper"],"picked":"Runic Dome"}],"items_purged_floors":[],"is_endless":false,"potions_floor_spawned":[2,5,12,19,22,27,35,36,38,43,44],"killed_by":"Writhing Mass","ascension_level":0}}