{"host":"fhfrys8rsohjmyb0","time":1609799669,"event":{"mods":["Aspiration","BaseMod","Beaked The Cultist","Chat Monstrosity","Colored Powertips","Conspire","Downfall","Googly Eyes","Halation","Hermit","Highlight Path","Hubris","Infinite Spire","Minty Spire (QoL Compilation)","Replay The Spire","ShortenTheSpire","Spikes Relics","StSLib","SuperFastMode","The Bug Knight","The Construct","The Cursed","The Disciple","The Elementalist","The IronCluck","The Jungle","The Runesmith","TheBandit","slay the spire mod where everything is the same but ironclad has a cowboy hat"],"gold_per_floor":[114,114,126,126,140,170,170,170,170,170,201,230,242,264,276,288,288],"floor_reached":16,"playtime":817,"items_purged":[],"score":121,"play_id":"9da85d4e-8c1a-4231-bf22-cb3021280fea","local_time":"20210104223429","is_ascension_mode":true,"campfire_choices":[{"floor":8,"key":"REST"},{"data":"ReplayTheSpireMod:From All Sides","floor":10,"key":"SMITH"},{"floor":15,"key":"REST"}],"circlet_count":0,"master_deck":["Strike_G","Strike_G","Strike_G","Strike_G","Strike_G","Defend_G","Defend_G","Defend_G","Defend_G","Defend_G","Survivor","Neutralize","ReplayTheSpireMod:From All Sides+1","Dagger Spray","Regret","Deadly Poison","Deadly Poison"],"relics":["Ring of the Snake","hubris:Towel","Oddly Smooth Stone","MealTicket","Rawhide","The Courier","MawBank"],"acts_visited":["Exordium"],"potions_floor_usage":[11,16,16],"damage_taken":[{"damage":0,"enemies":"2 Louse","floor":1,"turns":3},{"damage":0,"enemies":"Small Slimes","floor":3,"turns":3},{"damage":1,"enemies":"Jaw Worm","floor":5,"turns":5},{"damage":20,"enemies":"3 Sentries","floor":6,"turns":8},{"damage":22,"enemies":"Gremlin Nob","floor":11,"turns":5},{"damage":17,"enemies":"conspire:2 RoseBushes","floor":12,"turns":6},{"damage":2,"enemies":"Large Slime","floor":14,"turns":6},{"damage":77,"enemies":"Fading Forest","floor":16,"turns":8}],"seed_played":"3872253068402163432","potions_obtained":[{"floor":1,"key":"Weak Potion"},{"floor":11,"key":"Fruit Juice"},{"floor":12,"key":"Energy Potion"}],"is_trial":false,"path_per_floor":["M","?","M","?","M","E","T","R","T","R","E","M","$","M","R","B"],"character_chosen":"THE_SILENT","items_purchased":[],"campfire_rested":2,"item_purchase_floors":[],"current_hp_per_floor":[70,70,70,70,69,49,49,70,70,70,53,36,51,49,71,0,0],"gold":288,"neow_bonus":"ONE_RANDOM_RARE_CARD","is_daily":false,"chose_seed":false,"campfire_upgraded":1,"win_rate":0.0,"timestamp":1609799669,"path_taken":["M","?","M","?","M","E","?","R","T","R","E","M","?","M","R","BOSS"],"items_purchased_type":[],"build_version":"2020-12-22","purchased_purges":0,"victory":false,"max_hp_per_floor":[70,70,70,70,70,70,70,70,70,70,75,75,75,75,75,75,75],"card_choices":[{"not_picked":["Quick Slash","ReplayTheSpireMod:Scrap Shanks","Acrobatics"],"picked":"SKIP","floor":1},{"not_picked":["Quick Slash","ReplayTheSpireMod:Scrap Shanks","Acrobatics"],"picked":"SKIP","floor":1},{"not_picked":["Dash","hubris:Counter"],"picked":"Dagger Spray","floor":3},{"not_picked":["Dagger Throw","Cloak And Dagger","Endless Agony"],"picked":"SKIP","floor":5},{"not_picked":["Dodge and Roll","PiercingWail"],"picked":"Deadly Poison","floor":6},{"not_picked":["Infinite Blades","Tools of the Trade","Blade Dance"],"picked":"SKIP","floor":11},{"not_picked":["hubris:SlightOfHand","Deflect","Footwork"],"picked":"SKIP","floor":12},{"not_picked":["Tactician","Dagger Throw"],"picked":"Deadly Poison","floor":14}],"player_experience":260256,"relics_obtained":[{"floor":6,"key":"MealTicket"},{"floor":7,"key":"Rawhide"},{"floor":9,"key":"The Courier"},{"floor":11,"key":"MawBank"}],"event_choices":[{"damage_healed":0,"gold_gain":0,"player_choice":"Box","damage_taken":0,"relics_obtained":["Oddly Smooth Stone"],"max_hp_gain":0,"max_hp_loss":0,"event_name":"Big Fish","floor":4,"gold_loss":0,"cards_obtained":["Regret"]}],"is_beta":false,"boss_relics":[],"items_purged_floors":[],"is_endless":false,"potions_floor_spawned":[1,11,12],"killed_by":"Fading Forest","ascension_level":2}}