{"host":"i4eavuqabbk5mi94","time":1609785921,"event":{"mods":["BaseMod","Googly Eyes","Minty Spire (QoL Compilation)"],"gold_per_floor":[114,114,127,202,251,280,280,310,336,336,350,362,33,51,51,152,152,166,185,7,7,7,7,7],"floor_reached":23,"playtime":818,"items_purged":["Strike_B","Strike_B"],"score":291,"play_id":"0858e50b-9217-47f0-9e0a-a58aa0921cf4","local_time":"20210104184521","is_ascension_mode":true,"campfire_choices":[{"data":"Darkness","floor":7,"key":"SMITH"},{"floor":15,"key":"REST"}],"circlet_count":0,"master_deck":["Strike_B","Strike_B","Defend_B","Defend_B","Defend_B","Defend_B","Zap","Dualcast","Darkness+1","Cold Snap","Ball Lightning","Consume","Redo","All For One","FTL","Coolheaded","Loop","Shame"],"relics":["FrozenCore","NeowsBlessing","Vajra","Pen Nib","Oddly Smooth Stone","Boot","Bag of Preparation","PreservedInsect","Anchor","Dream Catcher"],"acts_visited":["Exordium","TheCity"],"potions_floor_usage":[8,8,14,23,23],"damage_taken":[{"damage":0,"enemies":"Cultist","floor":1,"turns":1},{"damage":0,"enemies":"2 Louse","floor":3,"turns":1},{"damage":0,"enemies":"3 Sentries","floor":6,"turns":1},{"damage":37,"enemies":"Gremlin Nob","floor":8,"turns":4},{"damage":0,"enemies":"Jaw Worm","floor":11,"turns":3},{"damage":6,"enemies":"2 Fungi Beasts","floor":12,"turns":3},{"damage":8,"enemies":"Exordium Wildlife","floor":14,"turns":3},{"damage":11,"enemies":"The Guardian","floor":16,"turns":10},{"damage":33,"enemies":"3 Byrds","floor":18,"turns":7},{"damage":11,"enemies":"Spheric Guardian","floor":19,"turns":4},{"damage":34,"enemies":"3 Cultists","floor":23,"turns":3}],"seed_played":"3033354491405578331","potions_obtained":[{"floor":1,"key":"Fruit Juice"},{"floor":3,"key":"FearPotion"},{"floor":8,"key":"SmokeBomb"},{"floor":12,"key":"SteroidPotion"},{"floor":18,"key":"SkillPotion"}],"is_trial":false,"path_per_floor":["M","?","M","?","T","E","R","E","T","?","M","M","$","M","R","B",null,"M","M","$","?","?","M"],"character_chosen":"DEFECT","items_purchased":["PreservedInsect","Fruit Juice","Loop"],"campfire_rested":1,"item_purchase_floors":[13,13,20],"current_hp_per_floor":[68,68,68,57,57,57,57,25,25,25,25,19,19,16,41,30,71,38,27,27,27,27,0,0],"gold":7,"neow_bonus":"THREE_ENEMY_KILL","is_daily":false,"chose_seed":false,"campfire_upgraded":1,"win_rate":0.0,"timestamp":1609785921,"path_taken":["M","?","M","?","?","E","R","E","T","?","M","?","$","M","R","BOSS","M","M","$","?","?","?"],"items_purchased_type":["Relic","Potion","Card"],"build_version":"2020-12-22","purchased_purges":2,"victory":false,"max_hp_per_floor":[75,75,75,75,75,75,75,80,80,80,80,80,80,85,85,85,85,85,85,85,85,85,85,85],"card_choices":[{"not_picked":["Scrape","Hologram"],"picked":"Darkness","floor":1},{"not_picked":["Storm","Sunder"],"picked":"Cold Snap","floor":3},{"not_picked":["Barrage","Core Surge","Steam"],"picked":"SKIP","floor":6},{"not_picked":["Auto Shields","Hologram"],"picked":"Ball Lightning","floor":8},{"not_picked":["Stack","Compile Driver","Turbo"],"picked":"SKIP","floor":11},{"not_picked":["Gash","Beam Cell"],"picked":"Consume","floor":12},{"not_picked":["Turbo","Steam"],"picked":"Redo","floor":14},{"not_picked":["Electrodynamics","Seek"],"picked":"All For One","floor":16},{"not_picked":["BootSequence","Conserve Battery"],"picked":"FTL","floor":18},{"not_picked":["Steam Power+1","Force Field"],"picked":"Coolheaded","floor":19}],"player_experience":372466,"relics_obtained":[{"floor":5,"key":"Pen Nib"},{"floor":6,"key":"Oddly Smooth Stone"},{"floor":8,"key":"Boot"},{"floor":9,"key":"Bag of Preparation"}],"event_choices":[{"damage_healed":0,"gold_gain":0,"player_choice":"Box","damage_taken":0,"relics_obtained":["Vajra"],"max_hp_gain":0,"max_hp_loss":0,"event_name":"Big Fish","floor":2,"gold_loss":0,"cards_obtained":["Regret"]},{"damage_healed":0,"gold_gain":75,"player_choice":"Gather Gold","damage_taken":11,"max_hp_gain":0,"max_hp_loss":0,"event_name":"World of Goop","floor":4,"gold_loss":0},{"cards_removed":["Regret"],"damage_healed":0,"gold_gain":0,"player_choice":"Forget","damage_taken":0,"max_hp_gain":0,"max_hp_loss":0,"event_name":"Living Wall","floor":10,"gold_loss":0},{"damage_healed":0,"gold_gain":0,"player_choice":"Stole Relic","damage_taken":0,"relics_obtained":["Anchor"],"max_hp_gain":0,"max_hp_loss":0,"event_name":"Addict","floor":21,"gold_loss":0,"cards_obtained":["Shame"]},{"damage_healed":0,"gold_gain":0,"player_choice":"Gave Potion","damage_taken":0,"relics_obtained":["Dream Catcher"],"max_hp_gain":0,"max_hp_loss":0,"event_name":"WeMeetAgain","floor":22,"gold_loss":0}],"is_beta":false,"boss_relics":[{"not_picked":["SlaversCollar","Pandora\u0027s Box"],"picked":"FrozenCore"}],"items_purged_floors":[13,20],"is_endless":false,"potions_floor_spawned":[1,3,8,12,18],"killed_by":"3 Cultists","ascension_level":6}}