{"host":"61xbmbtf5zrn7rzc","time":1609796672,"event":{"mods":["BaseMod","Challenge The Spire","Hubris","Minty Spire (QoL Compilation)","Replay The Spire","StSLib","SuperFastMode","The Marked"],"gold_per_floor":[118,118,133,133,58,58,68,85,85,85,95,112,128,138,138,236,236,252,265,277,277,295,295,307,307,307,317,227,247,259,276,276,380,380,397,53,53,65,65,65,140,140,166,166,195,244,244,264,264,264,264],"floor_reached":50,"playtime":2184,"items_purged":["Strike_G","Strike_G"],"score":820,"play_id":"eb661cfe-e044-4561-8d78-66ca5c3fee71","local_time":"20210104164432","is_ascension_mode":false,"campfire_choices":[{"data":"Glass Knife","floor":6,"key":"SMITH"},{"data":"Quick Slash","floor":10,"key":"SMITH"},{"data":"Footwork","floor":15,"key":"SMITH"},{"data":"Caltrops","floor":23,"key":"SMITH"},{"data":"Replay:Poison Smokescreen","floor":25,"key":"SMITH"},{"floor":32,"key":"REST"},{"data":"Specialist","floor":40,"key":"SMITH"},{"data":"Noxious Fumes","floor":42,"key":"SMITH"},{"data":"Draining Mist","floor":44,"key":"SMITH"},{"data":"Leg Sweep","floor":49,"key":"SMITH"}],"circlet_count":0,"master_deck":["Strike_G","Defend_G+1","Defend_G+1","Defend_G+1","Defend_G+1","Defend_G+1","Survivor","Neutralize+1","Dagger Spray","Glass Knife+1","Caltrops+1","Quick Slash+1","Dodge and Roll","Poisoned Stab","Malaise+1","Footwork+1","Adrenaline","Deadly Poison+1","Dagger Throw","Caltrops+1","Replay:Poison Smokescreen+1","Prepared+1","Noxious Fumes+1","Leg Sweep+1","Specialist+1","Draining Mist+1","Replay:Poison Smokescreen+1","Bane+1","Concentrate+1"],"relics":["Ring of the Snake","Replay:Bottled Eggs","hubris:VirtuousBlindfold","hubris:TinFlute","Garlic","hubris:Stopwatch","BargainBundle","Strawberry","Potion Belt","Replay:Baseball","ReplayTheSpireMod:Ninjato","Lizard Tail"],"acts_visited":["Exordium","TheCity","TheBeyond"],"potions_floor_usage":[16,16,22,29,33,33,38,46,50,50],"damage_taken":[{"damage":0,"enemies":"Jaw Worm","floor":1,"turns":5},{"damage":1,"enemies":"Cultist","floor":3,"turns":4},{"damage":0,"enemies":"2 Louse","floor":7,"turns":2},{"damage":0,"enemies":"Red Slaver","floor":8,"turns":3},{"damage":0,"enemies":"Blue Slaver","floor":11,"turns":4},{"damage":0,"enemies":"Lots of Slimes","floor":12,"turns":2},{"damage":6,"enemies":"Exordium Thugs","floor":13,"turns":4},{"damage":0,"enemies":"2 Fungi Beasts","floor":14,"turns":4},{"damage":0,"enemies":"The Guardian","floor":16,"turns":10},{"damage":1,"enemies":"2 Thieves","floor":18,"turns":5},{"damage":0,"enemies":"Shell Parasite","floor":19,"turns":5},{"damage":9,"enemies":"Snake Plant","floor":20,"turns":4},{"damage":0,"enemies":"Cultist and Chosen","floor":22,"turns":5},{"damage":16,"enemies":"3 Cultists","floor":24,"turns":6},{"damage":10,"enemies":"Sentry and Sphere","floor":27,"turns":7},{"damage":6,"enemies":"Snake Plant","floor":29,"turns":4},{"damage":9,"enemies":"Cultist and Chosen","floor":30,"turns":5},{"damage":5,"enemies":"Snecko","floor":31,"turns":5},{"damage":5,"enemies":"Pondfish","floor":33,"turns":9},{"damage":12,"enemies":"3 Shapes","floor":35,"turns":5},{"damage":0,"enemies":"3 Darklings","floor":38,"turns":4},{"damage":21,"enemies":"Giant Head","floor":45,"turns":9},{"damage":64,"enemies":"2 Orb Walkers","floor":46,"turns":6},{"damage":23,"enemies":"Writhing Mass","floor":48,"turns":5},{"damage":38,"enemies":"hubris:GrandSnecko","floor":50,"turns":8}],"seed_played":"-5864983475952322493","potions_obtained":[{"floor":1,"key":"ColorlessPotion"},{"floor":3,"key":"Block Potion"},{"floor":13,"key":"FairyPotion"},{"floor":19,"key":"GamblersBrew"},{"floor":20,"key":"GhostInAJar"},{"floor":22,"key":"Toxic Potion"},{"floor":24,"key":"PowerPotion"},{"floor":31,"key":"Swift Potion"},{"floor":33,"key":"Ancient Potion"},{"floor":38,"key":"Milkshake"},{"floor":45,"key":"Energy Potion"}],"is_trial":false,"path_per_floor":["M","?","M","?","$","R","M","M","T","R","M","M","M","M","R","B",null,"M","M","M","?","M","R","M","R","T","M","?","M","M","M","R","B",null,"M","$","$","M","?","R","?","R","T","R","E","?","?","M","R","B"],"character_chosen":"THE_SILENT","items_purchased":["BargainBundle","Strawberry","Regen Potion"],"campfire_rested":1,"item_purchase_floors":[36,36,36],"current_hp_per_floor":[70,70,69,69,69,69,69,69,69,69,69,69,63,63,63,63,70,69,69,60,60,60,60,44,44,44,34,34,28,19,14,35,30,70,58,65,65,77,77,77,77,77,77,77,56,23,23,38,38,0,0],"gold":264,"neow_bonus":"UPGRADE_CARD","is_daily":false,"chose_seed":false,"campfire_upgraded":9,"win_rate":0.0,"timestamp":1609796672,"path_taken":["M","?","M","?","$","R","M","M","T","R","M","?","M","M","R","BOSS","M","M","M","?","?","R","M","R","T","M","?","M","M","M","R","BOSS","M","?","$","M","?","R","?","R","T","R","E","?","?","M","R","BOSS"],"items_purchased_type":["Relic","Relic","Potion"],"build_version":"2020-12-22","purchased_purges":2,"victory":false,"max_hp_per_floor":[70,70,70,70,70,70,70,70,70,70,70,70,70,70,70,70,70,70,70,70,70,70,70,70,70,70,70,70,70,70,70,70,70,70,70,77,77,77,77,77,77,77,77,77,77,77,77,77,77,77,77],"card_choices":[{"not_picked":["Riddle With Holes","Outmaneuver"],"picked":"Dagger Spray","floor":1},{"not_picked":["Acrobatics","Tactician"],"picked":"Caltrops","floor":3},{"not_picked":["Tactician","Eviscerate","ReplayTheSpireMod:Scrap Shanks"],"picked":"SKIP","floor":7},{"not_picked":["Calculated Gamble","ReplayTheSpireMod:The Works"],"picked":"Quick Slash","floor":8},{"not_picked":["ReplayTheSpireMod:Shiv Toss","Underhanded Strike"],"picked":"Dodge and Roll","floor":11},{"not_picked":["Sucker Punch","Acrobatics"],"picked":"Poisoned Stab","floor":12},{"not_picked":["PiercingWail","Distraction"],"picked":"Malaise","floor":13},{"not_picked":["Poisoned Stab","Setup"],"picked":"Footwork","floor":14},{"not_picked":["Envenom","Atom Bomb"],"picked":"Adrenaline","floor":16},{"not_picked":["Calculated Gamble","Dodge and Roll+1"],"picked":"Deadly Poison+1","floor":18},{"not_picked":["Outmaneuver+1","Flying Knee+1"],"picked":"Dagger Throw","floor":19},{"not_picked":["Endless Agony+1","Poisoned Stab"],"picked":"Caltrops","floor":20},{"not_picked":["Slice","Choke","Outmaneuver+1"],"picked":"SKIP","floor":22},{"not_picked":["Crippling Poison","Hidden Blade"],"picked":"Replay:Poison Smokescreen","floor":24},{"not_picked":["Slice","Corpse Explosion"],"picked":"Prepared+1","floor":27},{"not_picked":["Dagger Spray","hubris:TrickCloak","PiercingWail+1"],"picked":"SKIP","floor":29},{"not_picked":["hubris:SlightOfHand","Escape Plan+1"],"picked":"Noxious Fumes","floor":30},{"not_picked":["Finisher","Predator","Outmaneuver"],"picked":"SKIP","floor":31},{"not_picked":["Acrobatics","Distraction"],"picked":"Leg Sweep","floor":35},{"not_picked":["Choke","hubris:Counter","Dagger Throw+1"],"picked":"SKIP","floor":38},{"not_picked":["Impatience","ReplayTheSpireMod:Uncanny Aura"],"picked":"Specialist","floor":39},{"not_picked":["Slice","Hidden Blade+1"],"picked":"Draining Mist","floor":41},{"not_picked":["Dash+1","Sucker Punch+1"],"picked":"Replay:Poison Smokescreen","floor":45},{"not_picked":["Blade Dance","Quick Slash"],"picked":"Bane+1","floor":46},{"not_picked":["Dagger Throw","Dagger Spray"],"picked":"Concentrate+1","floor":48}],"player_experience":96540,"relics_obtained":[{"floor":9,"key":"Replay:Bottled Eggs"},{"floor":26,"key":"Garlic"},{"floor":41,"key":"Potion Belt"},{"floor":43,"key":"Replay:Baseball"},{"floor":45,"key":"ReplayTheSpireMod:Ninjato"},{"floor":46,"key":"Lizard Tail"}],"event_choices":[{"damage_healed":0,"gold_gain":0,"cards_transformed":["Strike_G"],"player_choice":"Change","damage_taken":0,"max_hp_gain":0,"max_hp_loss":0,"event_name":"Living Wall","floor":2,"gold_loss":0,"cards_obtained":["Glass Knife"]},{"damage_healed":0,"gold_gain":0,"player_choice":"Upgraded","damage_taken":0,"max_hp_gain":0,"max_hp_loss":0,"event_name":"Upgrade Shrine","floor":4,"gold_loss":0,"cards_upgraded":["Caltrops"]},{"damage_healed":0,"gold_gain":0,"player_choice":"Opened","damage_taken":0,"relics_obtained":["hubris:TinFlute"],"max_hp_gain":0,"max_hp_loss":0,"event_name":"The Mausoleum","floor":21,"gold_loss":0},{"cards_removed":["Strike_G"],"damage_healed":0,"gold_gain":0,"player_choice":"Upgrade and Remove","damage_taken":0,"max_hp_gain":0,"max_hp_loss":0,"event_name":"Designer","floor":28,"gold_loss":90,"cards_upgraded":["Malaise"]},{"damage_healed":0,"gold_gain":0,"player_choice":"Memory 1","damage_taken":0,"max_hp_gain":0,"max_hp_loss":0,"event_name":"SensoryStone","floor":39,"gold_loss":0},{"damage_healed":0,"gold_gain":0,"player_choice":"Fight","damage_taken":0,"max_hp_gain":0,"max_hp_loss":0,"event_name":"Mysterious Sphere","floor":46,"gold_loss":0}],"is_beta":false,"boss_relics":[{"not_picked":["Pandora\u0027s Box","Abe\u0027s Treasure"],"picked":"hubris:VirtuousBlindfold"},{"not_picked":["ReplayTheSpireMod:DimensionalGlitch","hubris:TerracottaHorce"],"picked":"hubris:Stopwatch"}],"items_purged_floors":[5,36],"is_endless":false,"potions_floor_spawned":[1,3,13,14,19,20,22,24,31,33,38,45],"killed_by":"hubris:GrandSnecko","ascension_level":0}}