{"host":"ypphcgdomtfqpc2w","time":1609768231,"event":{"mods":["BaseMod","Minty Spire (QoL Compilation)","StSLib"],"gold_per_floor":[118,167,167,179,254,288,288,301,301,301,38,77,77,106,106,192,192,214,214,214,239,259,300,300,323,398,432,453,462,230,255,255,336,336,356,385,15,15,0,0,40,74,74,74,110,119,147,157,157,157,157,157,157,32,72,72],"floor_reached":57,"playtime":3421,"items_purged":["Strike_R+1","Strike_R+1","Shame"],"score":3048,"play_id":"c053bff7-3309-453f-8895-b0a272e6db47","local_time":"20210104225031","is_ascension_mode":true,"campfire_choices":[{"data":"Armaments","floor":7,"key":"SMITH"},{"data":"Cleave","floor":10,"key":"SMITH"},{"data":"Feel No Pain","floor":15,"key":"SMITH"},{"data":"Fire Breathing","floor":24,"key":"SMITH"},{"data":"Battle Trance","floor":32,"key":"SMITH"},{"data":"Barricade","floor":40,"key":"SMITH"},{"data":"Second Wind","floor":44,"key":"SMITH"},{"floor":49,"key":"RECALL"},{"data":"Shrug It Off","floor":53,"key":"SMITH"}],"circlet_count":0,"master_deck":["AscendersBane","Strike_R+1","Strike_R+1","Strike_R+1","Defend_R+1","Defend_R+1","Defend_R+1","Defend_R+1","Bash","Cleave+1","Armaments+1","Second Wind+1","Shrug It Off+1","Feel No Pain+1","Immolate","Impervious","Fire Breathing+1","Metallicize","Spot Weakness+1","Wild Strike","Shockwave+1","Offering","Battle Trance+1","Barricade+1","Flame Barrier+1","Pommel Strike+1","Impervious","Body Slam","Shrug It Off","Evolve+1","Entrench"],"relics":["Burning Blood","NeowsBlessing","Omamori","Happy Flower","Bag of Preparation","Mercury Hourglass","CeramicFish","White Beast Statue","Velvet Choker","Centennial Puzzle","Akabeko","Bronze Scales","Matryoshka","Sundial","PreservedInsect","Champion Belt","Cursed Key","Kunai","Red Mask","Darkstone Periapt","Lizard Tail","Dream Catcher","Letter Opener","Toy Ornithopter","Self Forming Clay","Blood Vial"],"acts_visited":["Exordium","TheCity","TheBeyond","TheEnding"],"potions_floor_usage":[12,18,22,23,27,28,33,35,45,56,56,56],"damage_taken":[{"damage":0,"enemies":"Cultist","floor":1,"turns":1},{"damage":0,"enemies":"Jaw Worm","floor":4,"turns":1},{"damage":0,"enemies":"3 Sentries","floor":6,"turns":2},{"damage":9,"enemies":"2 Louse","floor":8,"turns":5},{"damage":8,"enemies":"Gremlin Nob","floor":12,"turns":3},{"damage":8,"enemies":"Blue Slaver","floor":14,"turns":3},{"damage":41,"enemies":"Slime Boss","floor":16,"turns":9},{"damage":9,"enemies":"3 Byrds","floor":18,"turns":4},{"damage":6,"enemies":"Shell Parasite","floor":21,"turns":6},{"damage":5,"enemies":"Centurion and Healer","floor":22,"turns":8},{"damage":44,"enemies":"Gremlin Leader","floor":23,"turns":6},{"damage":13,"enemies":"Book of Stabbing","floor":27,"turns":4},{"damage":3,"enemies":"Sentry and Sphere","floor":28,"turns":7},{"damage":6,"enemies":"Gremlin Leader","floor":31,"turns":3},{"damage":44,"enemies":"Collector","floor":33,"turns":8},{"damage":6,"enemies":"3 Shapes","floor":35,"turns":2},{"damage":6,"enemies":"3 Darklings","floor":36,"turns":5},{"damage":0,"enemies":"Reptomancer","floor":41,"turns":6},{"damage":6,"enemies":"Mind Bloom Boss Battle","floor":42,"turns":8},{"damage":6,"enemies":"Giant Head","floor":45,"turns":8},{"damage":6,"enemies":"Sphere and 2 Shapes","floor":47,"turns":6},{"damage":0,"enemies":"4 Shapes","floor":48,"turns":3},{"damage":33,"enemies":"Donu and Deca","floor":50,"turns":7},{"damage":2,"enemies":"Time Eater","floor":51,"turns":13},{"damage":6,"enemies":"Shield and Spear","floor":55,"turns":4},{"damage":23,"enemies":"The Heart","floor":56,"turns":8}],"seed_played":"3202168693390908564","potions_obtained":[{"floor":6,"key":"SteroidPotion"},{"floor":12,"key":"BloodPotion"},{"floor":14,"key":"BloodPotion"},{"floor":18,"key":"BloodPotion"},{"floor":22,"key":"LiquidMemories"},{"floor":23,"key":"Strength Potion"},{"floor":27,"key":"Explosive Potion"},{"floor":28,"key":"Strength Potion"},{"floor":33,"key":"Fire Potion"},{"floor":35,"key":"SteroidPotion"},{"floor":42,"key":"Fruit Juice"},{"floor":45,"key":"Dexterity Potion"},{"floor":47,"key":"EntropicBrew"}],"is_trial":false,"path_per_floor":["M","T","?","M","?","E","R","M","T","R","$","E","T","M","R","B",null,"M","T","?","M","M","E","R","T","T","E","M","?","$","E","R","B",null,"M","M","$","?","?","R","E","?","T","R","E","T","M","M","R","B","B",null,"R","$","E","B",null],"character_chosen":"IRONCLAD","items_purchased":["Mercury Hourglass","PreservedInsect","Kunai"],"campfire_rested":0,"item_purchase_floors":[11,30,37],"current_hp_per_floor":[74,74,51,57,46,52,52,49,49,49,49,47,47,45,45,10,59,71,71,71,71,75,52,52,52,52,45,48,48,48,48,48,10,59,59,59,59,74,74,74,75,75,75,75,80,86,86,86,86,59,63,80,80,80,80,79],"gold":72,"neow_bonus":"THREE_ENEMY_KILL","is_daily":false,"chose_seed":false,"campfire_upgraded":8,"win_rate":0.0,"timestamp":1609768231,"path_taken":["M","?","?","M","?","E","R","M","T","R","?","E","?","?","R","BOSS","M","?","?","M","M","E","R","?","T","E","?","?","$","E","R","BOSS","M","M","$","?","?","R","E","?","T","R","E","?","M","M","R","BOSS","BOSS","R","$","E","BOSS"],"items_purchased_type":["Relic","Relic","Relic"],"build_version":"2020-12-22","purchased_purges":3,"victory":true,"max_hp_per_floor":[75,75,75,75,75,75,75,75,75,75,75,75,75,75,75,75,75,75,75,75,75,75,75,75,75,75,75,75,75,75,75,75,75,75,75,75,75,75,75,75,75,75,75,75,80,86,86,86,86,86,86,86,86,86,86,86],"card_choices":[{"not_picked":["Clash","Combust"],"picked":"Cleave","floor":1},{"not_picked":["Heavy Blade","Sword Boomerang"],"picked":"Armaments","floor":4},{"not_picked":["Twin Strike","Heavy Blade"],"picked":"Second Wind","floor":6},{"not_picked":["Body Slam","Anger"],"picked":"Shrug It Off","floor":8},{"not_picked":["Blood for Blood","Sever Soul"],"picked":"Feel No Pain","floor":12},{"not_picked":["Iron Wave","Perfected Strike"],"picked":"Immolate","floor":14},{"not_picked":["Juggernaut","Barricade"],"picked":"Impervious","floor":16},{"not_picked":["Warcry","Metallicize"],"picked":"Fire Breathing","floor":18},{"not_picked":["Fire Breathing","Rupture"],"picked":"Metallicize","floor":21},{"not_picked":["Warcry","Clothesline"],"picked":"Spot Weakness+1","floor":22},{"not_picked":["Perfected Strike","Bloodletting"],"picked":"Wild Strike","floor":23},{"not_picked":["Twin Strike","Havoc"],"picked":"Shockwave+1","floor":27},{"not_picked":["Anger","Searing Blow+1"],"picked":"Offering","floor":28},{"not_picked":["Anger","Perfected Strike","Hemokinesis+1"],"picked":"SKIP","floor":31},{"not_picked":["Feed","Limit Break"],"picked":"Barricade","floor":33},{"not_picked":["Fire Breathing","Blood for Blood"],"picked":"Flame Barrier+1","floor":35},{"not_picked":["Headbutt","Rupture"],"picked":"Pommel Strike+1","floor":36},{"not_picked":["Perfected Strike+1","Bloodletting"],"picked":"Impervious","floor":41},{"not_picked":["Iron Wave","Heavy Blade"],"picked":"Body Slam","floor":42},{"not_picked":["Blood for Blood","Limit Break"],"picked":"Shrug It Off","floor":45},{"not_picked":["Heavy Blade","Feel No Pain"],"picked":"Evolve+1","floor":47},{"not_picked":["Sword Boomerang","Warcry","Clothesline"],"picked":"SKIP","floor":48},{"not_picked":["Cleave+1","Hemokinesis"],"picked":"Entrench","floor":55}],"player_experience":1974839,"relics_obtained":[{"floor":2,"key":"Omamori"},{"floor":6,"key":"Happy Flower"},{"floor":9,"key":"Bag of Preparation"},{"floor":12,"key":"CeramicFish"},{"floor":13,"key":"White Beast Statue"},{"floor":19,"key":"Centennial Puzzle"},{"floor":23,"key":"Akabeko"},{"floor":25,"key":"Bronze Scales"},{"floor":26,"key":"Matryoshka"},{"floor":27,"key":"Sundial"},{"floor":31,"key":"Champion Belt"},{"floor":41,"key":"Darkstone Periapt"},{"floor":42,"key":"Lizard Tail"},{"floor":43,"key":"Dream Catcher"},{"floor":45,"key":"Letter Opener"},{"floor":46,"key":"Toy Ornithopter"},{"floor":46,"key":"Self Forming Clay"},{"floor":55,"key":"Blood Vial"}],"event_choices":[{"damage_healed":0,"gold_gain":0,"player_choice":"Entered Light","damage_taken":23,"max_hp_gain":0,"max_hp_loss":0,"event_name":"Shining Light","floor":3,"gold_loss":0,"cards_upgraded":["Defend_R","Strike_R"]},{"damage_healed":0,"gold_gain":75,"player_choice":"Gather Gold","damage_taken":11,"max_hp_gain":0,"max_hp_loss":0,"event_name":"World of Goop","floor":5,"gold_loss":0},{"damage_healed":0,"gold_gain":0,"player_choice":"Simplicity","damage_taken":0,"max_hp_gain":0,"max_hp_loss":0,"event_name":"Back to Basics","floor":20,"gold_loss":0,"cards_upgraded":["Strike_R","Strike_R","Strike_R","Strike_R","Defend_R","Defend_R","Defend_R"]},{"damage_healed":0,"gold_gain":0,"player_choice":"Read","damage_taken":0,"max_hp_gain":0,"max_hp_loss":0,"event_name":"The Library","floor":29,"gold_loss":0,"cards_obtained":["Battle Trance"]},{"damage_healed":15,"gold_gain":0,"player_choice":"Writhe","damage_taken":0,"max_hp_gain":0,"max_hp_loss":0,"event_name":"Winding Halls","floor":38,"gold_loss":0,"cards_obtained":["Writhe"]},{"damage_healed":0,"gold_gain":0,"player_choice":"Paid","damage_taken":0,"relics_obtained":["Red Mask"],"max_hp_gain":0,"max_hp_loss":0,"event_name":"Tomb of Lord Red Mask","floor":39,"gold_loss":15},{"damage_healed":0,"gold_gain":0,"player_choice":"Fight","damage_taken":0,"max_hp_gain":0,"max_hp_loss":0,"event_name":"MindBloom","floor":42,"gold_loss":0}],"is_beta":false,"boss_relics":[{"not_picked":["Ectoplasm","Sozu"],"picked":"Velvet Choker"},{"not_picked":["SacredBark","Black Star"],"picked":"Cursed Key"}],"items_purged_floors":[30,37,54],"is_endless":false,"potions_floor_spawned":[6,12,14,16,18,21,22,23,27,28,31,33,35,36,41,42,45,47,48,55],"ascension_level":20}}