{"host":"b4asi0laiv85suj9","time":1609760759,"event":{"mods":["ATMod(°¢èªMod)","BaseMod","Minty Spire (QoL Compilation)","MostiFishMod","Relic Stats","StSLib","TestMod","noobMod"],"gold_per_floor":[111,111,111,48,61,92,105,116,139,167,167,196,196,215,215,287,287,287],"floor_reached":17,"playtime":1366,"items_purged":[],"score":400,"play_id":"d019abdc-c66b-464e-817e-2d43792b21b8","local_time":"20210104194559","is_ascension_mode":true,"campfire_choices":[{"data":"AT_FocusSwordFire","floor":11,"key":"SMITH"},{"data":"AT_ArcaneSupremacy","floor":13,"key":"SMITH"},{"data":"Accuracy","floor":15,"key":"SMITH"}],"circlet_count":0,"master_deck":["AscendersBane","Strike_G","Defend_G+1","Survivor","Neutralize","AT_FamilyPortrait+1","Deflect","AT_EssenceShift","AT_FocusSwordFire+1","Acrobatics","AT_ArcaneSupremacy+1","Slice","Storm of Steel","Accuracy+1","MostiFishMod:AdrenalineArouse","AT_EmpoweredMortalDraw"],"relics":["testmod-TestBox","DaveBox","ice","AT_ATBox","testmod-KeyOfTheVoid","testmod-Muramasa","Membership Card","SynthV:TestCard","testmod-TurbochargingSystem","Art of War","Snake Skull","Pen Nib","testmod-HeartOfDaVinci","AT_MortalBlade"],"acts_visited":["Exordium","TheCity"],"potions_floor_usage":[],"damage_taken":[{"damage":0,"enemies":"Small Slimes","floor":1,"turns":4},{"damage":0,"enemies":"Cultist","floor":5,"turns":2},{"damage":38,"enemies":"3 Sentries","floor":6,"turns":19},{"damage":5,"enemies":"Jaw Worm","floor":7,"turns":4},{"damage":1,"enemies":"Large Slime","floor":8,"turns":6},{"damage":4,"enemies":"Lagavulin","floor":10,"turns":5},{"damage":1,"enemies":"3 Sentries","floor":12,"turns":7},{"damage":13,"enemies":"Gremlin Gang","floor":14,"turns":3},{"damage":5,"enemies":"The Guardian","floor":16,"turns":4}],"seed_played":"-4956845440163655709","potions_obtained":[{"floor":6,"key":"SteroidPotion"},{"floor":7,"key":"SpeedPotion"}],"is_trial":false,"path_per_floor":["M","?","?","?","M","E","M","M","T","E","R","E","R","M","R","B",null],"character_chosen":"THE_SILENT","items_purchased":[],"campfire_rested":0,"item_purchase_floors":[],"current_hp_per_floor":[59,59,59,59,59,21,16,15,15,62,62,61,61,50,50,45,71,71],"gold":287,"neow_bonus":"BOSS_RELIC","is_daily":false,"chose_seed":false,"campfire_upgraded":3,"win_rate":0.0,"timestamp":1609760759,"path_taken":["M","?","?","?","?","E","M","M","T","E","R","E","R","M","R","BOSS"],"items_purchased_type":[],"build_version":"2020-12-22","purchased_purges":0,"victory":false,"max_hp_per_floor":[66,66,66,66,66,66,66,66,66,67,67,71,71,74,74,80,80,80],"relic_stats":{"counters":[9,54],"Snake Skull":[16],"Pen Nib":[7],"Art of War":[10],"obtain_stats":[{"testmod-Muramasa":0,"testmod-TestBox":0,"AT_ATBox":0,"DaveBox":0,"AT_MortalBlade":17,"Snake Skull":6,"Pen Nib":9,"ice":0,"testmod-KeyOfTheVoid":0,"testmod-TurbochargingSystem":3,"SynthV:TestCard":1,"Art of War":4,"Membership Card":0,"Ring of the Snake":0,"testmod-HeartOfDaVinci":12},{"testmod-Muramasa":0,"testmod-TestBox":0,"AT_ATBox":0,"DaveBox":0,"AT_MortalBlade":9,"Snake Skull":3,"Pen Nib":5,"ice":0,"testmod-KeyOfTheVoid":0,"testmod-TurbochargingSystem":1,"SynthV:TestCard":1,"Art of War":1,"Membership Card":0,"Ring of the Snake":0,"testmod-HeartOfDaVinci":7},{"testmod-Muramasa":0,"testmod-TestBox":0,"AT_ATBox":0,"DaveBox":0,"AT_MortalBlade":54,"Snake Skull":25,"Pen Nib":35,"ice":0,"testmod-KeyOfTheVoid":0,"testmod-TurbochargingSystem":4,"SynthV:TestCard":4,"Art of War":4,"Membership Card":0,"Ring of the Snake":0,"testmod-HeartOfDaVinci":47}]},"card_choices":[{"not_picked":["Concentrate","AT_WindFlip"],"picked":"Deflect","floor":1},{"not_picked":["MostiFishMod:PerfectParry","Heel Hook","Backflip","Dagger Throw"],"picked":"AT_EssenceShift","floor":5},{"not_picked":["Reflex","AT_WindFlip","Distraction","MostiFishMod:PerfectParry"],"picked":"AT_FocusSwordFire","floor":6},{"not_picked":["Sucker Punch","Bane","MostiFishMod:ThornCasing","Deadly Poison"],"picked":"Acrobatics","floor":7},{"not_picked":["Bouncing Flask","Calculated Gamble","Outmaneuver","Deflect"],"picked":"AT_ArcaneSupremacy","floor":8},{"not_picked":["Poisoned Stab","Bouncing Flask","Skewer","Catalyst"],"picked":"Slice","floor":10},{"not_picked":["AT_WindRun","Deflect","Bouncing Flask","MostiFishMod:PoisonShield"],"picked":"Storm of Steel","floor":12},{"not_picked":["MostiFishMod:PreservedThorns","Flying Knee","Terror","Choke"],"picked":"Accuracy","floor":14},{"not_picked":["Burst","Glass Knife","Wraith Form v2","Malaise"],"picked":"MostiFishMod:AdrenalineArouse","floor":16}],"player_experience":276502,"relics_obtained":[{"floor":1,"key":"SynthV:TestCard"},{"floor":6,"key":"Snake Skull"},{"floor":9,"key":"Pen Nib"},{"floor":12,"key":"testmod-HeartOfDaVinci"}],"event_choices":[{"damage_healed":0,"gold_gain":0,"player_choice":"Grow","damage_taken":0,"max_hp_gain":0,"max_hp_loss":0,"event_name":"Living Wall","floor":2,"gold_loss":0,"cards_upgraded":["AT_FamilyPortrait"]},{"damage_healed":0,"gold_gain":0,"player_choice":"Box","damage_taken":0,"relics_obtained":["testmod-TurbochargingSystem"],"max_hp_gain":0,"max_hp_loss":0,"event_name":"Big Fish","floor":3,"gold_loss":0,"cards_obtained":["Regret"]},{"damage_healed":0,"gold_gain":0,"player_choice":"Paid Gold","damage_taken":0,"relics_obtained":["Art of War"],"max_hp_gain":0,"max_hp_loss":0,"event_name":"WeMeetAgain","floor":4,"gold_loss":63}],"is_beta":false,"boss_relics":[{"not_picked":["Philosopher\u0027s Stone","testmod-DreamHouse"],"picked":"AT_MortalBlade"}],"items_purged_floors":[],"is_endless":false,"potions_floor_spawned":[6,7,12,14],"ascension_level":20}}