{"host":"ox77rn1xcurm2t5a","time":1609784514,"event":{"mods":["2.2 Compatiblity","AchievementEnabler","Act Like it!","Aspiration","BaseMod","Best Route Mod","Better Match","Better Note","Better Sensory Stone","Block Reminder","Colored Map","Colored Powertips","Conjunction","Conspire","Custom Start","Energized Spire","GifTheSpireLib","Gold Saver","Gremlin Skip","Halation","Highlight Path","Hubris","Infinite Spire","Minty Spire (QoL Compilation)","Pale of the Ancients","Quick Restart","Replay The Spire","Reworked Bosses","ShortenTheSpire","Spire Exporter","StSLib","Stuff the Spire","Wandering Minibosses","vexMod"],"gold_per_floor":[119,130,141,141,141,175,27,27,105,123,157,157,186,186,186,186,186],"floor_reached":16,"playtime":345,"items_purged":[],"score":183,"play_id":"75891949-d36e-46ba-8f63-9f47f5f70cfd","local_time":"20210104202154","is_ascension_mode":true,"campfire_choices":[{"floor":8.0,"key":"RECALL"},{"floor":12,"key":"REST"},{"data":"Static Discharge","floor":15,"key":"SMITH"}],"circlet_count":0,"master_deck":["AscendersBane","Strike_B","Strike_B","Strike_B+1","Strike_B+1","Defend_B","Defend_B","Defend_B","Defend_B","Zap+1","Dualcast","Coolheaded","Static Discharge+1"],"relics":["Cracked Core","NeowsBlessing","hubris:Zylophone","Membership Card","Frozen Egg 2","conspire:TopHat","Prayer Wheel"],"acts_visited":["Exordium"],"potions_floor_usage":[16],"damage_taken":[{"damage":0.0,"enemies":"Small Slimes","floor":1.0,"turns":1.0},{"damage":0.0,"enemies":"2 Louse","floor":2.0,"turns":1.0},{"damage":0.0,"enemies":"Jaw Worm","floor":3.0,"turns":1.0},{"damage":11.0,"enemies":"Lagavulin","floor":6.0,"turns":6.0},{"damage":2.0,"enemies":"Red Slaver","floor":10.0,"turns":3.0},{"damage":27,"enemies":"Gremlin Nob","floor":11,"turns":4},{"damage":30,"enemies":"3 Sentries","floor":13,"turns":10},{"damage":5,"enemies":"Hexaghost","floor":16,"turns":7}],"seed_played":"-3696551279323393532","potions_obtained":[{"floor":1.0,"key":"FearPotion"},{"floor":2.0,"key":"SteroidPotion"},{"floor":13,"key":"ColorlessPotion"}],"is_trial":false,"path_per_floor":["M","M","M","?","?","E","$","R","T","M","E","R","E","?","R","B"],"character_chosen":"DEFECT","items_purchased":["Membership Card"],"campfire_rested":1,"item_purchase_floors":[7],"current_hp_per_floor":[68,68,68,53,53,42,42,42,42,40,13,35,5,5,5,0,0],"gold":186,"neow_bonus":"THREE_ENEMY_KILL","is_daily":false,"chose_seed":false,"campfire_upgraded":1,"win_rate":0.0,"timestamp":1609784514,"path_taken":["M","M","M","?","?","E","$","R","T","M","E","R","E","?","R","BOSS"],"items_purchased_type":["Relic"],"build_version":"2020-12-22","purchased_purges":0,"victory":false,"max_hp_per_floor":[75,75,75,75,75,75,75,75,75,75,75,75,75,75,75,75,75],"card_choices":[{"not_picked":["Panic Button","Turbo","Leap"],"picked":"SKIP","floor":1.0},{"not_picked":["Blizzard","Steam Power"],"picked":"Coolheaded","floor":2.0},{"not_picked":["Compile Driver","Rip and Tear","ReplaySolidLightProjector"],"picked":"SKIP","floor":3.0},{"not_picked":["Conserve Battery","Compile Driver"],"picked":"Static Discharge","floor":6.0},{"not_picked":["Redo","Streamline","StuffTheSpire:ForEach"],"picked":"SKIP","floor":10.0},{"not_picked":["Steam","Go for the Eyes","hubris:Ukulele"],"picked":"SKIP","floor":11},{"not_picked":["conspire:Rain","Darkness","hubris:Ukulele"],"picked":"SKIP","floor":13}],"player_experience":2892000,"relics_obtained":[{"floor":6.0,"key":"hubris:Zylophone"},{"floor":9.0,"key":"Frozen Egg 2"},{"floor":11,"key":"conspire:TopHat"},{"floor":13,"key":"Prayer Wheel"}],"event_choices":[{"damage_healed":0.0,"max_hp_gain":0.0,"max_hp_loss":0.0,"gold_gain":0.0,"event_name":"Shining Light","player_choice":"Entered Light","floor":4.0,"gold_loss":0.0,"damage_taken":15.0,"cards_upgraded":["Strike_B","Strike_B"]},{"damage_healed":0,"gold_gain":0,"player_choice":"Ignored","damage_taken":0,"max_hp_gain":0,"max_hp_loss":0,"event_name":"Golden Idol","floor":14,"gold_loss":0}],"is_beta":false,"boss_relics":[],"items_purged_floors":[],"is_endless":false,"potions_floor_spawned":[1,2,3,13],"killed_by":"Hexaghost","ascension_level":11}}