{"host":"z9grmtg2w0nmz8n1","time":1609742438,"event":{"mods":["Aspiration","Bard","BaseMod","Beaked The Cultist","Better Altar","Better Match","Better Note","Better Sensory Stone","Better Skull","Better Third Choice","BetterRewards","CCEM","Colored Map","Conspire","Downfall","GifTheSpireLib","Googly Eyes","Halation","Hermit","Highlight Path","Hubris","Hunter ??","Jedi Mod","Jorbs\u0027s Wanderer Trilogy","Mad Scientist","Marisa????????","Minty Spire (QoL Compilation)","Permanent Neow","Replay The Spire","Shade Mod","Shop Mod","Spicy Shops","StSLib","Stuff the Spire","The Bug Knight","The Construct","The Necromancer","The Runesmith","The Witch"],"gold_per_floor":[119,119,132,144,163,163,189,206,206,231,246,300,326,64,64,165,165,185,5,20,20,20,46,46,66,66,83,111,111,122,155,155,255,255,273,290,303,317,333,365,365,365,416,444,444,456,483,483,483,483,483,483,3,29,29,29],"floor_reached":55,"playtime":2581,"items_purged":["Strike_G","Strike_G","Strike_G"],"score":697,"play_id":"08bf08d2-4783-4af8-bc61-1376c27dd934","local_time":"20210104044038","is_ascension_mode":true,"campfire_choices":[{"floor":6,"key":"RECALL"},{"floor":15,"key":"REST"},{"data":"Noxious Fumes","floor":24,"key":"SMITH"},{"floor":29,"key":"REST"},{"floor":32,"key":"REST"},{"floor":41,"key":"REST"},{"floor":45,"key":"REST"},{"floor":49,"key":"REST"},{"data":"jedi:studypoison","floor":52,"key":"SMITH"}],"circlet_count":0,"master_deck":["Defend_G","Defend_G","Defend_G","Defend_G","Defend_G","Survivor","Neutralize","Quick Slash","Poisoned Stab","Deadly Poison","jedi:collectorvenom","Deadly Poison","Noxious Fumes+1","jedi:studypoison+1","jedi:studypoison+1","Noxious Fumes+1","Noxious Fumes+1"],"relics":["Ring of the Snake","Bronze Scales","Ornamental Fan","aspiration:HummingbirdHeart","CCEMRelics:Barrel","StuffTheSpire:ForceGauntlet","Empty Cage","halation:LostSnail","MutagenicStrength","Golden Egg","Juzu Bracelet","hubris:CuriousFeather","Orichalcum","Replay:Bottled Steam","Sozu","Replay:WaspNest","halation:PapillonHeart","hubris:TenFootPole","conspire:GiftBox","Replay:Accelerometer","StuffTheSpire:Tea","Oddly Smooth Stone"],"acts_visited":["Exordium","TheCity","TheBeyond","TheEnding"],"potions_floor_usage":[10,18,23,33,50],"damage_taken":[{"damage":0,"enemies":"2 Louse","floor":1,"turns":3},{"damage":0,"enemies":"Cultist","floor":3,"turns":3},{"damage":0,"enemies":"Jaw Worm","floor":4,"turns":4},{"damage":1,"enemies":"Exordium Wildlife","floor":5,"turns":5},{"damage":16,"enemies":"Gremlin Nob","floor":7,"turns":4},{"damage":2,"enemies":"3 Louse","floor":8,"turns":4},{"damage":28,"enemies":"Lagavulin","floor":10,"turns":5},{"damage":0,"enemies":"2 Fungi Beasts","floor":11,"turns":3},{"damage":12,"enemies":"3 Sentries","floor":13,"turns":8},{"damage":5,"enemies":"Hexaghost","floor":16,"turns":8},{"damage":8,"enemies":"2 Thieves","floor":18,"turns":4},{"damage":2,"enemies":"Shell Parasite","floor":20,"turns":4},{"damage":22,"enemies":"Slavers","floor":23,"turns":6},{"damage":7,"enemies":"Cultist and Chosen","floor":25,"turns":6},{"damage":8,"enemies":"Shelled Parasite and Fungi","floor":27,"turns":4},{"damage":22,"enemies":"Book of Stabbing","floor":28,"turns":5},{"damage":0,"enemies":"Centurion and Healer","floor":30,"turns":4},{"damage":19,"enemies":"Slavers","floor":31,"turns":5},{"damage":45,"enemies":"Champ","floor":33,"turns":9},{"damage":0,"enemies":"3 Shapes","floor":35,"turns":5},{"damage":2,"enemies":"3 Darklings","floor":36,"turns":4},{"damage":13,"enemies":"Spire Growth","floor":37,"turns":4},{"damage":10,"enemies":"Jaw Worm Horde","floor":38,"turns":5},{"damage":15,"enemies":"Sphere and 2 Shapes","floor":39,"turns":5},{"damage":14,"enemies":"Nemesis","floor":40,"turns":4},{"damage":25,"enemies":"Giant Head","floor":44,"turns":7},{"damage":0,"enemies":"Writhing Mass","floor":46,"turns":2},{"damage":22,"enemies":"Reptomancer","floor":47,"turns":4},{"damage":53,"enemies":"Replay:Hell Engine","floor":50,"turns":9},{"damage":32,"enemies":"Shield and Spear","floor":54,"turns":6},{"damage":51,"enemies":"The Heart","floor":55,"turns":3}],"seed_played":"2375881436969649027","potions_obtained":[{"floor":7,"key":"Explosive Potion"},{"floor":10,"key":"FairyPotion"},{"floor":13,"key":"Dexterity Potion"},{"floor":16,"key":"Poison Potion"},{"floor":18,"key":"Languid Potion"},{"floor":30,"key":"jedi:holywater"},{"floor":33,"key":"EssenceOfSteel"}],"is_trial":false,"path_per_floor":["M","?","M","M","M","R","E","M","T","E","M","T","E","$","R","B",null,"M","$","M","?","?","E","R","M","T","M","E","R","M","E","R","B",null,"M","M","M","M","M","E","R","?","T","E","R","M","E","?","R","B",null,"R","$","E","B"],"character_chosen":"THE_SILENT","items_purchased":["Noxious Fumes","jedi:collectorvenom","halation:LostSnail","Noxious Fumes","StuffTheSpire:Tea"],"campfire_rested":6,"item_purchase_floors":[14,14,19,53,53],"current_hp_per_floor":[70,70,70,70,69,69,53,51,51,23,23,23,11,11,32,27,70,62,62,68,68,68,54,54,55,55,47,25,46,46,27,48,3,70,70,68,55,49,34,20,41,41,41,16,35,35,13,13,32,1,66,66,66,42,0,0],"gold":29,"neow_bonus":"RANDOM_COMMON_RELIC","is_daily":false,"chose_seed":false,"campfire_upgraded":2,"win_rate":0.0,"timestamp":1609742438,"path_taken":["M","?","?","M","M","R","E","M","T","E","M","?","E","?","R","BOSS","M","$","M","?","?","E","R","M","T","M","E","R","M","E","R","BOSS","M","M","M","M","M","E","R","?","T","E","R","M","E","?","R","BOSS","R","$","E","BOSS"],"items_purchased_type":["Card","Card","Relic","Card","Relic"],"build_version":"2020-12-22","purchased_purges":3,"victory":false,"max_hp_per_floor":[70,70,70,70,70,70,70,70,70,70,70,70,70,70,70,70,70,70,70,70,70,70,70,70,70,70,70,70,70,70,70,70,70,70,70,70,70,70,70,70,70,66,66,66,66,66,66,66,66,66,66,66,66,66,66,66],"card_choices":[{"not_picked":["Backflip","Acrobatics"],"picked":"Quick Slash","floor":1},{"not_picked":["StuffTheSpire:Python","Replay:Bag of Tricks","Well Laid Plans"],"picked":"SKIP","floor":3},{"not_picked":["Outmaneuver","PiercingWail","Caltrops"],"picked":"SKIP","floor":4},{"not_picked":["Backflip","PiercingWail"],"picked":"Poisoned Stab","floor":5},{"not_picked":["hubris:Counter","Backflip","Blur"],"picked":"SKIP","floor":7},{"not_picked":["Sucker Punch","Masterful Stab"],"picked":"Deadly Poison","floor":8},{"not_picked":["Expertise","jedi:brewingpoison"],"picked":"jedi:collectorvenom","floor":10},{"not_picked":["Accuracy","StuffTheSpire:Repulse"],"picked":"Deadly Poison","floor":11},{"not_picked":["All Out Attack","StuffTheSpire:Injection"],"picked":"jedi:collectorvenom","floor":13},{"not_picked":["Venomology","Night Terror"],"picked":"jedi:studypoison","floor":16},{"not_picked":["StuffTheSpire:ReptileScales+1","Concentrate"],"picked":"jedi:collectorvenom","floor":18},{"not_picked":["StuffTheSpire:MirrorStance+1","Bane"],"picked":"jedi:collectorvenom","floor":20},{"not_picked":["Slice","Deflect"],"picked":"jedi:collectorvenom","floor":23},{"not_picked":["Bane+1","Terror"],"picked":"jedi:collectorvenom","floor":25},{"not_picked":["Slice+1","PiercingWail+1"],"picked":"jedi:collectorvenom","floor":27},{"not_picked":["Flying Knee+1","jedi:collectorvenom"],"picked":"jedi:collectorvenom","floor":28},{"not_picked":["StuffTheSpire:MirrorStance+1","Flying Knee"],"picked":"jedi:collectorvenom","floor":30},{"not_picked":["jedi:pocketpoison","jedi:collectorvenom","Sneak Up"],"picked":"SKIP","floor":31},{"not_picked":["jedi:pocketpoison","Sneak Up"],"picked":"jedi:collectorvenom","floor":31},{"not_picked":["Storm of Steel","jedi:studyshivs"],"picked":"jedi:collectorvenom","floor":33},{"not_picked":["StuffTheSpire:Injection+1","conspire:DoublingDagger+1"],"picked":"jedi:collectorvenom","floor":35},{"not_picked":["Eviscerate+1","Backflip","hubris:SlightOfHand+1"],"picked":"SKIP","floor":36},{"not_picked":["Masterful Stab","Doppelganger"],"picked":"jedi:collectorvenom","floor":37},{"not_picked":["Bane","hubris:SlightOfHand"],"picked":"jedi:collectorvenom","floor":38},{"not_picked":["StuffTheSpire:DoubleShiv+1","jedi:unstablefumes"],"picked":"jedi:collectorvenom","floor":39},{"not_picked":["Distraction","hubris:SlightOfHand+1"],"picked":"jedi:collectorvenom","floor":40},{"not_picked":["Replay:Bag of Tricks","Poison Darts"],"picked":"jedi:studypoison","floor":44},{"not_picked":["ReplayTheSpireMod:Scrap Shanks+1","Quick Slash+1"],"picked":"jedi:collectorvenom","floor":44},{"not_picked":["Slice","Poisoned Stab+1"],"picked":"jedi:collectorvenom","floor":46},{"not_picked":["Bouncing Flask+1","conspire:DoublingDagger+1"],"picked":"jedi:collectorvenom","floor":47},{"not_picked":["Flying Knee","jedi:acidrain"],"picked":"jedi:collectorvenom","floor":54}],"player_experience":775901,"relics_obtained":[{"floor":7,"key":"Ornamental Fan"},{"floor":10,"key":"aspiration:HummingbirdHeart"},{"floor":12,"key":"CCEMRelics:Barrel"},{"floor":13,"key":"StuffTheSpire:ForceGauntlet"},{"floor":23,"key":"Juzu Bracelet"},{"floor":26,"key":"hubris:CuriousFeather"},{"floor":28,"key":"Orichalcum"},{"floor":31,"key":"Replay:Bottled Steam"},{"floor":40,"key":"Replay:WaspNest"},{"floor":43,"key":"hubris:TenFootPole"},{"floor":44,"key":"conspire:GiftBox"},{"floor":47,"key":"Replay:Accelerometer"},{"floor":54,"key":"Oddly Smooth Stone"}],"event_choices":[{"cards_removed":["Strike_G"],"damage_healed":0,"gold_gain":0,"player_choice":"Give","damage_taken":0,"max_hp_gain":0,"max_hp_loss":0,"event_name":"betterNote:BetterNote","floor":2,"gold_loss":0,"cards_obtained":["Strike_G"]},{"damage_healed":0,"gold_gain":0,"player_choice":"Inject Mutagens","damage_taken":0,"relics_obtained":["MutagenicStrength"],"max_hp_gain":0,"max_hp_loss":0,"event_name":"Drug Dealer","floor":21,"gold_loss":0},{"damage_healed":0,"gold_gain":0,"player_choice":"Gave Potion","damage_taken":0,"relics_obtained":["Golden Egg"],"max_hp_gain":0,"max_hp_loss":0,"event_name":"WeMeetAgain","floor":22,"gold_loss":0},{"damage_healed":0,"gold_gain":0,"player_choice":"Copied","damage_taken":0,"max_hp_gain":0,"max_hp_loss":0,"event_name":"Duplicator","floor":48,"gold_loss":0,"cards_obtained":["Noxious Fumes"]}],"is_beta":false,"boss_relics":[{"not_picked":["SlaversCollar","HoveringKite"],"picked":"Empty Cage"},{"not_picked":["Coffee Dripper","Philosopher\u0027s Stone"],"picked":"Sozu"}],"items_purged_floors":[14,19,53],"is_endless":false,"potions_floor_spawned":[7,10,13,16,18,30,33,37,38,44],"killed_by":"The Heart","ascension_level":1}}