{"host":"5wf60zc4jjt9ov65","time":1609796062,"event":{"mods":["AchievementEnabler","BaseMod","Beaked The Cultist","Better Altar","Better Match","Better Note","Better Sensory Stone","Better Skull","Better Third Choice","BetterRewards","Colored Map","Colored Powertips","Downfall","Googly Eyes","Halation","Highlight Path","Hubris","Infinite Spire","Minty Spire (QoL Compilation)","Permanent Neow","Quick Restart","Replay The Spire","StSLib","The Bug Knight","The Construct"],"gold_per_floor":[115,115,115,131,145,163,178,189,216,236,236,253,278,278,278,377,377,361,198,211,224,224,224,224,224,278,297,297,297],"floor_reached":28,"playtime":1874,"items_purged":["Normality"],"score":214,"play_id":"4fcbe724-be12-4d62-bfd9-72d5ebdb3360","local_time":"20210104163422","is_ascension_mode":false,"campfire_choices":[{"data":"Zap","floor":11.0,"key":"SMITH"},{"floor":15.0,"key":"REST"},{"floor":23.0,"key":"REST"}],"circlet_count":0,"master_deck":["Strike_B","Strike_B","Strike_B","Strike_B","Defend_B","Defend_B","Defend_B","Zap","Dualcast","Chill","Compile Driver+1","Panic Button","Ball Lightning","Sweeping Beam","Glacier","Core Surge","Conserve Battery+1","BootSequence","Aggregate","ReplayTheSpireMod:Fabricate Wheel","hubris:DuctTapeCard","ReplayGash"],"relics":["halation:SimulatedSpire","Vajra","Odd Mushroom","Replay:Antivirus Software","Inserter","Prayer Wheel","ReplayTheSpireMod:CursedCoin","hubris:DuctTape","Prayer Wheel","Prayer Wheel","halation:RedSoulGem","halation:LettersToHer","Prayer Wheel","Prayer Wheel"],"acts_visited":["Exordium","TheCity"],"potions_floor_usage":[28],"damage_taken":[{"damage":0.0,"enemies":"2 Louse","floor":1.0,"turns":2.0},{"damage":8.0,"enemies":"Jaw Worm","floor":4.0,"turns":4.0},{"damage":0.0,"enemies":"Cultist","floor":5.0,"turns":4.0},{"damage":13.0,"enemies":"Gremlin Gang","floor":6.0,"turns":6.0},{"damage":6.0,"enemies":"2 Fungi Beasts","floor":7.0,"turns":3.0},{"damage":0.0,"enemies":"3 Louse","floor":8.0,"turns":4.0},{"damage":15.0,"enemies":"Gremlin Gang","floor":10.0,"turns":5.0},{"damage":7.0,"enemies":"Blue Slaver","floor":12.0,"turns":6.0},{"damage":14.0,"enemies":"The Mushroom Lair","floor":13.0,"turns":5.0},{"damage":38.0,"enemies":"Fading Forest","floor":16.0,"turns":11.0},{"damage":30.0,"enemies":"2 Thieves","floor":18.0,"turns":4.0},{"damage":21.0,"enemies":"Shell Parasite","floor":20.0,"turns":6.0},{"damage":8.0,"enemies":"Centurion and Healer","floor":21.0,"turns":2.0},{"damage":26,"enemies":"Snecko","floor":27,"turns":6},{"damage":21,"enemies":"Sentry and Sphere","floor":28,"turns":3}],"seed_played":"8185255802807910645","potions_obtained":[{"floor":5.0,"key":"Adrenaline Potion"},{"floor":6.0,"key":"Adrenaline Potion"},{"floor":7.0,"key":"LiquidMemories"},{"floor":21.0,"key":"DuplicationPotion"}],"is_trial":false,"path_per_floor":["M","?","?","M","M","M","M","M","T","M","R","M","?","?","R","B",null,"M","$","M","M","?","R","$","?","T","M","M"],"character_chosen":"DEFECT","items_purchased":["ReplayTheSpireMod:CursedCoin","hubris:DuctTape"],"campfire_rested":2,"item_purchase_floors":[19,19],"current_hp_per_floor":[75,75,68,60,60,47,41,41,41,26,26,19,5,5,27,9,75,45,45,24,16,16,38,38,38,38,12,0,0],"gold":297,"neow_bonus":"SIMULATED_SPIRE","is_daily":false,"chose_seed":false,"campfire_upgraded":1,"win_rate":0.0,"timestamp":1609796062,"path_taken":["M","?","?","?","M","M","M","M","T","M","R","?","?","?","R","BOSS","M","$","M","?","?","R","$","?","T","M","M"],"items_purchased_type":["Relic","Relic"],"build_version":"2020-12-22","purchased_purges":1,"victory":false,"max_hp_per_floor":[75,75,75,75,75,75,75,75,75,75,75,75,75,75,75,75,75,75,75,75,75,75,75,75,75,75,75,75,75],"card_choices":[{"not_picked":["Lockon","Gash"],"picked":"Chill","floor":1.0},{"not_picked":["Beam Cell","FTL"],"picked":"Panic Button","floor":4.0},{"not_picked":["Compile Driver","Rebound","Streamline"],"picked":"SKIP","floor":5.0},{"not_picked":["Streamline","FTL"],"picked":"Ball Lightning","floor":6.0},{"not_picked":["Turbo","Go for the Eyes"],"picked":"Sweeping Beam","floor":7.0},{"not_picked":["ReplaySolidLightProjector","Panic Button"],"picked":"Glacier","floor":8.0},{"not_picked":["Coolheaded","FTL"],"picked":"Cold Snap","floor":10.0},{"not_picked":["Leap","Beam Cell"],"picked":"BasicCrystalCard","floor":12.0},{"not_picked":["Cold Snap","Doom and Gloom"],"picked":"Conserve Battery","floor":13.0},{"not_picked":["hubris:Prefetch","hubris:SpecializedCircuitry"],"picked":"Core Surge","floor":16.0},{"not_picked":["Reprogram+1","Beam Cell+1"],"picked":"Conserve Battery+1","floor":18.0},{"not_picked":["FTL","Cold Snap"],"picked":"BootSequence","floor":18.0},{"not_picked":["Recycle","Compile Driver+1"],"picked":"Aggregate","floor":20.0},{"not_picked":["BasicCrystalCard","Leap","Barrage+1"],"picked":"SKIP","floor":20.0},{"not_picked":["Melter","Stack","Turbo"],"picked":"SKIP","floor":20.0},{"not_picked":["Steam","Chill+1"],"picked":"ReplayTheSpireMod:Fabricate Wheel","floor":21.0},{"not_picked":["ReplaySolidLightProjector","Loop","Streamline"],"picked":"SKIP","floor":21.0},{"not_picked":["Conserve Battery","Stack","hubris:PowerSurge"],"picked":"SKIP","floor":21.0},{"not_picked":["Hologram","Beam Cell","Go for the Eyes"],"picked":"SKIP","floor":21.0},{"not_picked":["Sweeping Beam","Steam Power","Reinforced Body"],"picked":"SKIP","floor":21.0},{"not_picked":["Beam Cell","Hologram"],"picked":"ReplayGash","floor":27},{"not_picked":["Hologram+1","Go for the Eyes","Coolheaded"],"picked":"SKIP","floor":27},{"not_picked":["All For One","Heatsinks+1","ReplayTheSpireMod:GoodbyeWorld"],"picked":"SKIP","floor":27},{"not_picked":["Compile Driver","Fusion","Turbo"],"picked":"SKIP","floor":27},{"not_picked":["Compile Driver","hubris:SpecializedCircuitry","Streamline"],"picked":"SKIP","floor":27},{"not_picked":["Lockon","Rebound","Consume"],"picked":"SKIP","floor":27}],"player_experience":28793,"relics_obtained":[{"floor":9.0,"key":"Vajra"},{"floor":13.0,"key":"Odd Mushroom"},{"floor":26.0,"key":"halation:LettersToHer"}],"event_choices":[{"damage_healed":0.0,"max_hp_gain":0.0,"max_hp_loss":0.0,"gold_gain":0.0,"event_name":"Wheel of Change","player_choice":"Damaged","floor":3.0,"gold_loss":0.0,"damage_taken":7.0},{"damage_healed":0.0,"max_hp_gain":0.0,"max_hp_loss":0.0,"gold_gain":0.0,"event_name":"Mushrooms","player_choice":"Fought Mushrooms","floor":13.0,"gold_loss":0.0,"damage_taken":0.0},{"cards_removed":["Conserve Battery"],"damage_healed":0.0,"max_hp_gain":0.0,"max_hp_loss":0.0,"gold_gain":0.0,"event_name":"WeMeetAgain","player_choice":"Gave Card","floor":14.0,"gold_loss":0.0,"damage_taken":0.0,"relics_obtained":["Replay:Antivirus Software"]},{"cards_removed":["ReplayTheSpireMod:Fabricate Wheel"],"damage_healed":0.0,"max_hp_gain":0.0,"max_hp_loss":0.0,"gold_gain":0.0,"event_name":"betterNote:BetterNote","player_choice":"Give","floor":22.0,"gold_loss":0.0,"damage_taken":0.0,"cards_obtained":["None"]}],"is_beta":false,"boss_relics":[{"not_picked":["Runic Dome","hubris:Backtick"],"picked":"Inserter"}],"items_purged_floors":[19],"is_endless":false,"potions_floor_spawned":[5,6,7,8,13,21],"killed_by":"Sentry and Sphere","ascension_level":0}}