{"host":"rz01j32460kf2mtw","time":1609766936,"event":{"mods":["Arknights The Spire","BaseMod","Downfall","Koishi","Marisa????????","Minty Spire (QoL Compilation)","Prisma Mod","Quick Restart","Shade Mod","StSLib","The Alterego","The Cursed","The Disciple","The Dragon Tamer","The Jungle","The Marked","The Runesmith","The Servant 0.9.4"],"gold_per_floor":[99,99,99,199,199,229,229,243,243,518,518,50,50,66,85,85,85,85],"floor_reached":16,"playtime":641,"items_purged":[],"score":121,"play_id":"1fab038f-7919-4fd2-830c-8a7b88f185f4","local_time":"20210104062856","is_ascension_mode":false,"campfire_choices":[{"data":"Slimebound:Split","floor":1,"key":"SMITH"},{"data":"Slimebound:MassRepurpose","floor":9,"key":"SMITH"},{"data":"Slimebound:GoopTackle","floor":11,"key":"SMITH"},{"data":"Slimebound:SlimeBarrage","floor":13,"key":"SMITH"}],"circlet_count":0,"master_deck":["Slimebound:Strike_Slimebound","Slimebound:Strike_Slimebound","Slimebound:Strike_Slimebound","Slimebound:Tackle","Slimebound:Defend_Slimebound","Slimebound:Defend_Slimebound","Slimebound:Defend_Slimebound","Slimebound:Defend_Slimebound","Slimebound:Split+1","Slimebound:CorrosiveSpit","Slimebound:RollThrough","Regret","Slimebound:MassRepurpose+1","Slimebound:SplitBruiser","Slimebound:GoopTackle+1","Regret","Slimebound:ComboTackle","Slimebound:LeadByExample","Slimebound:SlimeBarrage+1","Slimebound:RollThrough","Slimebound:BestDefense"],"relics":["Slimebound:AbsorbEndCombat","downfall:HeartsMalice","Sundial","Unceasing Top","Ginger","Dead Branch"],"acts_visited":["Exordium"],"potions_floor_usage":[15],"damage_taken":[{"damage":0,"enemies":"Jaw Worm","floor":2,"turns":1},{"damage":0,"enemies":"Small Slimes","floor":5,"turns":1},{"damage":0,"enemies":"Lagavulin","floor":6,"turns":1},{"damage":19,"enemies":"Cultist","floor":8,"turns":4},{"damage":22,"enemies":"downfall:FleeingMerchant","floor":12,"turns":4},{"damage":30,"enemies":"Gremlin Gang","floor":14,"turns":4},{"damage":26,"enemies":"Large Slime","floor":15,"turns":4},{"damage":46,"enemies":"downfall:Watcher","floor":16,"turns":4}],"seed_played":"-5685540406888447095","potions_obtained":[{"floor":14,"key":"Swift Potion"}],"is_trial":false,"path_per_floor":["R","M","?","?","M","E","T","M","R","?","R","$","R","M","M","B"],"character_chosen":"SLIMEBOUND","items_purchased":["Slimebound:LeadByExample","Slimebound:SlimeBarrage","Dead Branch"],"campfire_rested":0,"item_purchase_floors":[12,12,12],"current_hp_per_floor":[60,60,60,60,60,60,60,60,60,60,60,52,52,46,34,0,0,0],"gold":85,"neow_bonus":"THREE_ENEMY_KILL","is_daily":false,"chose_seed":false,"campfire_upgraded":4,"win_rate":0.0,"timestamp":1609766936,"path_taken":["R","M","?","?","?","E","T","M","R","?","R","$","R","M","M","BOSS"],"items_purchased_type":["Card","Card","Relic"],"build_version":"2020-12-22","purchased_purges":0,"victory":false,"max_hp_per_floor":[60,60,60,60,60,60,60,60,60,60,60,60,60,60,60,60,60,60],"card_choices":[{"not_picked":["Slimebound:ComboTackle","Slimebound:PressTheAttack"],"picked":"Slimebound:RollThrough","floor":2},{"not_picked":["Slimebound:LeechingTouch","Slimebound:ComboTackle"],"picked":"Slimebound:MassRepurpose","floor":5},{"not_picked":["Slimebound:SlimeSpikes","Slimebound:RainOfGoop"],"picked":"Slimebound:SplitBruiser","floor":6},{"not_picked":["Slimebound:Schlurp","Slimebound:GoopSpray"],"picked":"Slimebound:GoopTackle","floor":8},{"not_picked":["Slimebound:Schlurp","Slimebound:GrowthPunch"],"picked":"Slimebound:ComboTackle","floor":12},{"not_picked":["Slimebound:DouseInSlime","Slimebound:SplitMire"],"picked":"Slimebound:RollThrough","floor":14},{"not_picked":["Slimebound:GoopSpray","Slimebound:LeechEnergy"],"picked":"Slimebound:BestDefense","floor":15}],"player_experience":927944,"relics_obtained":[{"floor":6,"key":"Unceasing Top"},{"floor":7,"key":"Ginger"}],"event_choices":[{"damage_healed":0,"gold_gain":0,"player_choice":"Box","damage_taken":0,"relics_obtained":["Sundial"],"max_hp_gain":0,"max_hp_loss":0,"event_name":"Big Fish","floor":3,"gold_loss":0,"cards_obtained":["Regret"]}],"is_beta":false,"boss_relics":[],"items_purged_floors":[],"is_endless":false,"potions_floor_spawned":[8,14],"killed_by":"downfall:Watcher","ascension_level":0}}