{"host":"ko40t1o51xotjt2v","time":1609764785,"event":{"mods":["2.2 Compatiblity","AchievementEnabler","Aspiration","BaseMod","Better Match","Better Third Choice","Better Vampires","Conspire","Downfall","Energized Spire","GifTheSpireLib","Halation","Hubris","Jedi Mod","Minty Spire (QoL Compilation)","MostiFishMod","Replay The Spire","Spicy Shops","Spikes Relics","StSLib","Stuff the Spire","TestMod","vexMod","??????REMEMod"],"gold_per_floor":[112,112,112,112,14,44,54,66,93,113,142,161,161,193,193,268,268,288,307,332,337,337,337,112,138,138,166,166,177,202,218,218,290,290,308,319,319,334,334,734,734,761,787,798,829,849,849,864,864,867,867,867,236,264,306],"floor_reached":56,"playtime":1625,"items_purged":["Strike_G","Strike_G","Strike_G","Strike_G","Strike_G","Defend_G"],"score":2780,"play_id":"91ef1e2a-625f-4997-b044-7a5ee3794e92","local_time":"20210104135305","is_ascension_mode":true,"campfire_choices":[{"floor":13,"key":"RECALL"},{"data":"Neutralize","floor":15,"key":"SMITH"},{"data":"StuffTheSpire:Ambrosia","floor":23,"key":"SMITH"},{"data":"Sucker Punch","floor":28,"key":"SMITH"},{"data":"Sucker Punch","floor":32,"key":"SMITH"},{"data":"Defend_G","floor":41,"key":"SMITH"},{"data":"Defend_G","floor":47,"key":"SMITH"},{"data":"Defend_G+1","floor":49,"key":"SMITH"},{"data":"Defend_G+1","floor":52,"key":"SMITH"}],"circlet_count":0,"master_deck":["AscendersBane","Defend_G+2","Defend_G+2","Defend_G+1","Defend_G+1","Survivor","Neutralize+1","Endless Agony+1","Heel Hook","Heel Hook+1","Sucker Punch+1","Slice","Backstab+1","Heel Hook","Dagger Spray","MostiFishMod:Confrontation+1","StuffTheSpire:Ambrosia+1","Sucker Punch+1","Skewer+1"],"relics":["Ring of the Snake","testmod-TestBox","REME_ComplimentaryCards","testmod-SaigiyounoYou","Civilization","NeowsBlessing","SynthV:TestCard","testmod-OneHitWonder","halation:IllGainedPizza","jedi:rubbersling","aspiration:SecretTechniqueScroll","Red Mask","ReplayTheSpireMod:TigerMarble","Guide Book","halation:AfternoonTea","Simple Rune","Bag of Preparation","testmod-EqualTreatment","Mercury Hourglass","Nunchaku","Singing Bowl","Runic Pyramid","hubris:Icosahedron","hubris:CuriousFeather","conspire:TopHat","StuffTheSpire:MayFlowers","vexMod:PaidLearning","REME_LimitBreaker","TwistedFunnel","Orichalcum","Blue Candle"],"acts_visited":["Exordium","TheCity","TheBeyond","TheEnding"],"potions_floor_usage":[16,16],"damage_taken":[{"damage":0,"enemies":"2 Louse","floor":1,"turns":1},{"damage":0,"enemies":"Lagavulin","floor":6,"turns":1},{"damage":0,"enemies":"Small Slimes","floor":7,"turns":1},{"damage":0,"enemies":"conspire:RoseBush","floor":8,"turns":2},{"damage":0,"enemies":"Lots of Slimes","floor":10,"turns":2},{"damage":0,"enemies":"Gremlin Nob","floor":11,"turns":1},{"damage":0,"enemies":"2 Fungi Beasts","floor":12,"turns":1},{"damage":0,"enemies":"3 Sentries","floor":14,"turns":2},{"damage":0,"enemies":"Fading Forest","floor":16,"turns":4},{"damage":0,"enemies":"Shell Parasite","floor":18,"turns":1},{"damage":0,"enemies":"Spheric Guardian","floor":19,"turns":1},{"damage":0,"enemies":"Masked Bandits","floor":20,"turns":1},{"damage":0,"enemies":"Replay:Snechameleon","floor":25,"turns":1},{"damage":0,"enemies":"conspire:SneckoGhost","floor":27,"turns":1},{"damage":0,"enemies":"Shelled Parasite and Fungi","floor":29,"turns":1},{"damage":0,"enemies":"Book of Stabbing","floor":30,"turns":1},{"damage":0,"enemies":"conspire:HollyBat","floor":31,"turns":4},{"damage":0,"enemies":"Collector","floor":33,"turns":1},{"damage":0,"enemies":"Orb Walker","floor":35,"turns":1},{"damage":0,"enemies":"3 Shapes","floor":36,"turns":1},{"damage":0,"enemies":"Sphere and 2 Shapes","floor":38,"turns":1},{"damage":0,"enemies":"Nemesis","floor":42,"turns":1},{"damage":0,"enemies":"Jaw Worm Horde","floor":44,"turns":1},{"damage":0,"enemies":"Reptomancer","floor":45,"turns":1},{"damage":0,"enemies":"Spire Growth","floor":46,"turns":1},{"damage":0,"enemies":"Maw","floor":48,"turns":2},{"damage":0,"enemies":"conspire:OrnateMirror","floor":50,"turns":2},{"damage":0,"enemies":"Shield and Spear","floor":54,"turns":1},{"damage":17,"enemies":"The Heart","floor":55,"turns":4}],"seed_played":"1087963526886557233","potions_obtained":[{"floor":7,"key":"jedi:StrikingPotion"},{"floor":8,"key":"hexamod:EctoCoolerPotion"},{"floor":19,"key":"DuplicationPotion"},{"floor":25,"key":"Fire Potion"}],"is_trial":false,"path_per_floor":["M","?","?","$","$","E","M","M","T","M","E","M","R","E","R","B",null,"M","M","?","$","?","R","$","E","T","E","R","M","E","M","R","B",null,"M","M","?","M","?","?","R","E","T","M","E","M","R","M","R","B",null,"R","$","E","B",null],"character_chosen":"THE_SILENT","items_purchased":["Sucker Punch","ReplayTheSpireMod:TigerMarble","Guide Book","halation:AfternoonTea","Simple Rune","Bag of Preparation","vexMod:PaidLearning","REME_LimitBreaker","TwistedFunnel","Orichalcum"],"campfire_rested":0,"item_purchase_floors":[5,21,21,21,24,24,53,53,53,53],"current_hp_per_floor":[63,46,46,46,46,50,57,67,67,84,101,119,119,136,136,156,156,177,199,224,149,112,112,112,145,145,179,179,214,253,291,291,335,397,437,480,480,527,527,527,527,576,576,626,678,729,729,781,781,832,832,832,832,887,938],"gold":306,"neow_bonus":"THREE_ENEMY_KILL","is_daily":false,"chose_seed":false,"campfire_upgraded":8,"win_rate":0.0,"timestamp":1609764785,"path_taken":["M","?","?","?","$","E","M","M","T","M","E","?","R","E","R","BOSS","M","M","?","?","?","R","$","E","T","E","R","M","E","M","R","BOSS","M","M","?","M","?","?","R","E","T","M","E","M","R","?","R","BOSS","R","$","E","BOSS"],"items_purchased_type":["Card","Relic","Relic","Relic","Relic","Relic","Relic","Relic","Relic","Relic"],"build_version":"2020-12-22","purchased_purges":6,"victory":true,"max_hp_per_floor":[68,68,68,68,68,71,76,82,82,93,105,119,119,136,136,156,156,177,199,224,224,224,224,224,252,252,281,281,312,346,381,381,417,417,454,494,494,537,537,537,537,581,581,628,678,729,729,781,781,832,832,832,832,887,941],"card_choices":[{"not_picked":["Outmaneuver","Concentrate","Crippling Poison"],"picked":"SKIP","floor":1},{"not_picked":["Hidden Blade","conspire:DoublingDagger","StuffTheSpire:BumpUp","MostiFishMod:PerfectParry"],"picked":"Endless Agony","floor":2},{"not_picked":["Acrobatics","StuffTheSpire:Sprint","StuffTheSpire:Repulse","Slice"],"picked":"Heel Hook","floor":2},{"not_picked":["Outmaneuver","Bane","Leg Sweep","Acrobatics"],"picked":"Heel Hook","floor":2},{"not_picked":["Toxin Wave","Deadly Poison","StuffTheSpire:BumpUp","Dagger Throw"],"picked":"Slice","floor":6},{"not_picked":["jedi:pocketpoison","Dagger Throw","Wraith Form v2","Cloak And Dagger","jedi:unstablefumes"],"picked":"SKIP","floor":7},{"not_picked":["Masterful Stab","Prepared","Quick Slash","MostiFishMod:PerfectParry"],"picked":"Backstab","floor":8},{"not_picked":["StuffTheSpire:BumpUp","Dagger Throw","hubris:SlightOfHand","ReplayTheSpireMod:Scrap Shanks","Flying Knee"],"picked":"SKIP","floor":10},{"not_picked":["Slice","Skewer","Escape Plan","StuffTheSpire:Sprint"],"picked":"Heel Hook","floor":11},{"not_picked":["PiercingWail","Predator","Finisher","MostiFishMod:ThornCasing","Prepared"],"picked":"SKIP","floor":12},{"not_picked":["ReplayTheSpireMod:Shiv Toss","jedi:studyshivs","jedi:collectorvenom","Acrobatics"],"picked":"Dagger Spray","floor":14},{"not_picked":["ReplayTheSpireMod:Necrosis","MostiFishMod:Dislodge","jedi:brewingpoison","Grand Finale"],"picked":"MostiFishMod:Confrontation","floor":16},{"not_picked":["Choke","Dagger Throw+1","Cloak And Dagger","MostiFishMod:PerfectParry","ReplayTheSpireMod:Tripwire"],"picked":"SKIP","floor":18},{"not_picked":["Fluid Movement","StuffTheSpire:Sprint","jedi:pocketpoison","Choke","Quick Slash"],"picked":"SKIP","floor":19},{"not_picked":["hubris:TrickCloak","Replay:Bag of Tricks","Dagger Throw","jedi:acidrain"],"picked":"Sucker Punch","floor":25},{"not_picked":["Acrobatics+1","ReplayTheSpireMod:Exploit Weakness","MostiFishMod:PerfectParry","Deflect"],"picked":"Skewer+1","floor":27},{"not_picked":["Fluid Movement","Heel Hook","Dagger Throw","Accuracy","Endless Agony"],"picked":"SKIP","floor":29},{"not_picked":["MostiFishMod:FrostNova","StuffTheSpire:FinalStruggle","StuffTheSpire:ReptileScales","Flying Knee","Deflect"],"picked":"Singing Bowl","floor":30},{"not_picked":["MostiFishMod:PerfectParry","Backflip","Bane","Deflect","Dagger Spray"],"picked":"Singing Bowl","floor":31},{"not_picked":["MostiFishMod:AdrenalineArouse","Phantasmal Killer","aspiration:Lunge","Venomology","Replay:Bag of Tricks"],"picked":"Singing Bowl","floor":33},{"not_picked":["Deadly Poison","PiercingWail+1","Fluid Movement","Dagger Throw+1","Prepared"],"picked":"Singing Bowl","floor":35},{"not_picked":["Quick Slash","Escape Plan+1","Fluid Movement","StuffTheSpire:Injection+1","Setup"],"picked":"Singing Bowl","floor":36},{"not_picked":["Outmaneuver","Acrobatics","Poisoned Stab+1","Corpse Explosion","Blade Dance"],"picked":"Singing Bowl","floor":38},{"not_picked":["Slice","jedi:pocketpoison+1","StuffTheSpire:Injection","Reflex","MostiFishMod:PoisonShield+1"],"picked":"Singing Bowl","floor":42},{"not_picked":["StuffTheSpire:Injection","MostiFishMod:InvigoratingSolution","StuffTheSpire:Python+1","MostiFishMod:PerfectParry","StuffTheSpire:BumpUp"],"picked":"Singing Bowl","floor":44},{"not_picked":["ReplayTheSpireMod:Exploit Weakness+1","hubris:SlightOfHand","MostiFishMod:PreservedThorns","Deadly Poison","Hidden Blade"],"picked":"Singing Bowl","floor":45},{"not_picked":["Hidden Blade+1","Tactician","Sucker Punch","Acrobatics","Deflect"],"picked":"Singing Bowl","floor":46},{"not_picked":["MostiFishMod:PerfectParry","StuffTheSpire:BumpUp","StuffTheSpire:Shiver","Flying Knee+1","MostiFishMod:Neurotoxin"],"picked":"Singing Bowl","floor":48},{"not_picked":["Cloak And Dagger","Poisoned Stab+1","ShadowRift","Deflect","Hidden Blade"],"picked":"Singing Bowl","floor":54}],"player_experience":417330,"relics_obtained":[{"floor":1,"key":"SynthV:TestCard"},{"floor":6,"key":"testmod-OneHitWonder"},{"floor":11,"key":"halation:IllGainedPizza"},{"floor":14,"key":"jedi:rubbersling"},{"floor":20,"key":"Red Mask"},{"floor":25,"key":"testmod-EqualTreatment"},{"floor":26,"key":"Mercury Hourglass"},{"floor":27,"key":"Nunchaku"},{"floor":30,"key":"Singing Bowl"},{"floor":42,"key":"hubris:CuriousFeather"},{"floor":43,"key":"conspire:TopHat"},{"floor":45,"key":"StuffTheSpire:MayFlowers"},{"floor":54,"key":"Blue Candle"}],"event_choices":[{"damage_healed":0,"gold_gain":0,"player_choice":"Fought Bandits","damage_taken":0,"max_hp_gain":0,"max_hp_loss":0,"event_name":"Masked Bandits","floor":20,"gold_loss":0},{"damage_healed":0,"gold_gain":0,"player_choice":"Leave","damage_taken":0,"max_hp_gain":0,"max_hp_loss":0,"event_name":"conspire:Investor","floor":39,"gold_loss":0},{"damage_healed":0,"gold_gain":400,"player_choice":"Sell","damage_taken":0,"max_hp_gain":0,"max_hp_loss":0,"event_name":"Plate Of N\u0027loth","floor":40,"relics_lost":["DaveBox"],"gold_loss":0}],"is_beta":false,"boss_relics":[{"not_picked":["testmod-BatchProcessingSystem","testmod-Recursion"],"picked":"aspiration:SecretTechniqueScroll"},{"not_picked":["FrostBlade","FixedStarFall"],"picked":"Runic Pyramid"}],"items_purged_floors":[5,21,21,21,21,21],"is_endless":false,"potions_floor_spawned":[7,8,10,19,25,30,33,44,45,46,48],"ascension_level":14}}