{"host":"7koe0iw0zllko92h","time":1609757777,"event":{"mods":["BaseMod","Colored Powertips","Hubris","Infinite Spire","Minty Spire (QoL Compilation)","Replay The Spire","StSLib"],"gold_per_floor":[210,224,224,240,254,281,281,292,338,338,338,338],"floor_reached":11,"playtime":656,"items_purged":[],"score":75,"play_id":"cc3ef525-e49f-4e13-b3d7-ee4e59ef93d0","local_time":"20210104055617","is_ascension_mode":false,"campfire_choices":[],"circlet_count":0,"master_deck":["Strike_R","Strike_R","Strike_R","Strike_R","Strike_R","Defend_R","Defend_R","Defend_R","Bash","Dropkick","Rampage","Blood for Blood","Blood for Blood","Barricade","infinitespire:Menacing","Armaments","Battle Trance"],"relics":["Burning Blood","Tiny Chest","Blue Doll"],"acts_visited":["Exordium"],"potions_floor_usage":[5,11],"damage_taken":[{"damage":5,"enemies":"2 Louse","floor":1,"turns":3},{"damage":0,"enemies":"Cultist","floor":2,"turns":2},{"damage":0,"enemies":"Small Slimes","floor":4,"turns":3},{"damage":16,"enemies":"Blue Slaver","floor":5,"turns":4},{"damage":41,"enemies":"Lagavulin","floor":6,"turns":8},{"damage":10,"enemies":"Looter","floor":8,"turns":4},{"damage":17,"enemies":"Replay:BlueRogue","floor":11,"turns":4}],"seed_played":"-2214773698766229706","potions_obtained":[{"floor":4,"key":"Energy Potion"},{"floor":8,"key":"CultistPotion"}],"is_trial":false,"path_per_floor":["M","M","?","M","M","E","?","M","T","?","E"],"character_chosen":"IRONCLAD","items_purchased":[],"campfire_rested":0,"item_purchase_floors":[],"current_hp_per_floor":[80,80,80,80,70,35,16,12,12,12,0,0],"gold":338,"neow_bonus":"HUNDRED_GOLD","is_daily":false,"chose_seed":false,"campfire_upgraded":0,"win_rate":0.0,"timestamp":1609757777,"path_taken":["M","M","?","M","?","E","?","M","T","?","E"],"items_purchased_type":[],"build_version":"2020-12-22","purchased_purges":0,"victory":false,"max_hp_per_floor":[80,80,80,80,80,80,80,80,80,80,80,80],"card_choices":[{"not_picked":["True Grit","Headbutt"],"picked":"Dropkick","floor":1},{"not_picked":["Body Slam","Flex"],"picked":"Rampage","floor":2},{"not_picked":["Warcry","True Grit"],"picked":"Blood for Blood","floor":4},{"not_picked":["Abandon","Replay:Undeath\u0027s Touch"],"picked":"Shockwave","floor":5},{"not_picked":["Fiend Fire","Pummel"],"picked":"Barricade","floor":6},{"not_picked":["Replay:Fractal Strike","ReplayTheSpireMod:??????????????????????"],"picked":"infinitespire:Menacing","floor":7},{"not_picked":["Life Link","ReplayTheSpireMod:Strike From Hell"],"picked":"Armaments","floor":8}],"player_experience":658748,"relics_obtained":[{"floor":6,"key":"Tiny Chest"},{"floor":9,"key":"Blue Doll"}],"event_choices":[{"damage_healed":0,"gold_gain":0,"cards_transformed":["Defend_R"],"player_choice":"Transformed","damage_taken":0,"max_hp_gain":0,"max_hp_loss":0,"event_name":"Transmorgrifier","floor":3,"gold_loss":0,"cards_obtained":["Blood for Blood"]},{"damage_healed":0,"gold_gain":0,"cards_transformed":["Shockwave"],"player_choice":"Change","damage_taken":0,"max_hp_gain":0,"max_hp_loss":0,"event_name":"Living Wall","floor":10,"gold_loss":0,"cards_obtained":["Battle Trance"]}],"is_beta":false,"boss_relics":[],"items_purged_floors":[],"is_endless":false,"potions_floor_spawned":[4,8],"killed_by":"Replay:BlueRogue","ascension_level":0}}