{"host":"usrgk25etjl0nf5i","time":1609735612,"event":{"mods":["2.2 Compatiblity","BaseMod","Downfall","Hubris","Minty Spire (QoL Compilation)","StSLib","SuperFastMode"],"gold_per_floor":[99,118,136,150,325,23,74,89,89,121,121,139,64,98,111,111,111,111],"floor_reached":16,"playtime":810,"items_purged":[],"score":219,"play_id":"6b925426-e5ac-467b-ac20-b8140d58d711","local_time":"20210103204652","is_ascension_mode":true,"campfire_choices":[{"floor":1,"key":"RECALL"},{"data":"Guardian:CompilePackage","floor":11,"key":"SMITH"},{"data":"Guardian:ArmoredProtocol","floor":13,"key":"SMITH"}],"circlet_count":0,"master_deck":["AscendersBane","Guardian:Strike_Guardian","Guardian:Strike_Guardian","Guardian:Strike_Guardian","Guardian:Strike_Guardian","Guardian:Defend_Guardian","Guardian:Defend_Guardian","Guardian:Defend_Guardian","Guardian:Defend_Guardian","Guardian:CurlUp","Guardian:TwinSlam","Guardian:CrystalBeam","Guardian:BronzeOrb","Guardian:Incinerate","Guardian:CompilePackage+1","Guardian:PrismaticBeam","Guardian:ArmoredProtocol+1","Guardian:Repulse","Guardian:Suspension+1","Guardian:Gem_Yellow","Guardian:Incinerate"],"relics":["Guardian:ModeShifter","Toxic Egg 2","downfall:HeartBlessingRed","The Courier"],"acts_visited":["Exordium"],"potions_floor_usage":[10],"damage_taken":[{"damage":0,"enemies":"2 Louse","floor":2,"turns":4},{"damage":1,"enemies":"Small Slimes","floor":3,"turns":4},{"damage":2,"enemies":"Jaw Worm","floor":4,"turns":4},{"damage":2,"enemies":"downfall:FleeingMerchant","floor":6,"turns":4},{"damage":14,"enemies":"Large Slime","floor":8,"turns":8},{"damage":12,"enemies":"Lagavulin","floor":10,"turns":5},{"damage":6,"enemies":"Exordium Thugs","floor":12,"turns":4},{"damage":0,"enemies":"Gremlin Nob","floor":14,"turns":3},{"damage":0,"enemies":"3 Louse","floor":15,"turns":3},{"damage":42,"enemies":"downfall:Defect","floor":16,"turns":6}],"seed_played":"1968314037038262283","potions_obtained":[{"floor":2,"key":"DuplicationPotion"},{"floor":4,"key":"Guardian:StasisDiscoveryPotion"},{"floor":12,"key":"Guardian:DefensiveModePotion"}],"is_trial":false,"path_per_floor":["R","M","M","M","?","$","T","M","?","E","R","M","R","E","M","B"],"character_chosen":"GUARDIAN","items_purchased":["Guardian:Gem_Synthetic","Guardian:PrismaticBeam","Guardian:ArmoredProtocol"],"campfire_rested":0,"item_purchase_floors":[6,6,6],"current_hp_per_floor":[72,72,71,69,69,67,67,53,53,41,41,35,35,35,35,0,0,0],"gold":111,"neow_bonus":"THREE_CARDS","is_daily":false,"chose_seed":false,"campfire_upgraded":2,"win_rate":0.0,"timestamp":1609735612,"path_taken":["R","M","M","M","?","$","T","M","?","E","R","M","R","E","M","BOSS"],"items_purchased_type":["Card","Card","Card"],"build_version":"2020-12-22","purchased_purges":0,"victory":false,"max_hp_per_floor":[80,80,80,80,80,80,80,80,80,80,80,80,80,80,80,80,80,80],"card_choices":[{"not_picked":["Guardian:PiercingHide","Guardian:Gem_Red"],"picked":"Guardian:CrystalBeam","floor":0},{"not_picked":["Guardian:DecasProtection","Guardian:Gem_Crimson"],"picked":"Guardian:BronzeOrb","floor":2},{"not_picked":["Guardian:EvasiveProtocol","Guardian:Planning"],"picked":"Guardian:Gem_Cyan","floor":3},{"not_picked":["Guardian:ShieldCharger","Guardian:BronzeArmor"],"picked":"Guardian:Incinerate","floor":4},{"not_picked":["Guardian:Reroute","Guardian:VentSteam"],"picked":"Guardian:CompilePackage","floor":6},{"not_picked":["Guardian:Suspension","Guardian:Gem_Lightblue"],"picked":"Guardian:Repulse","floor":8},{"not_picked":["Guardian:TemporalShield+1","Guardian:StasisEngine"],"picked":"Guardian:Gem_Purple","floor":10},{"not_picked":["Guardian:TemporalShield+1","Guardian:ShieldSpikes+1"],"picked":"Guardian:Suspension+1","floor":12},{"not_picked":["Guardian:ShieldCharger+1","Guardian:RefractedBeam"],"picked":"Guardian:Gem_Yellow","floor":14},{"not_picked":["Guardian:WalkerClaw","Guardian:Gem_Cyan"],"picked":"Guardian:Incinerate","floor":15}],"player_experience":621761,"relics_obtained":[{"floor":10,"key":"Toxic Egg 2"},{"floor":14,"key":"The Courier"}],"event_choices":[{"cards_removed":["Doubt"],"damage_healed":0,"gold_gain":0,"player_choice":"Card Removal","damage_taken":0,"max_hp_gain":0,"max_hp_loss":0,"event_name":"The Cleric","floor":9,"gold_loss":0}],"is_beta":false,"boss_relics":[],"items_purged_floors":[],"is_endless":false,"potions_floor_spawned":[2,4,8,12,14],"killed_by":"downfall:Defect","ascension_level":12}}