{"host":"ymknu7vcxiutstwp","time":1609799189,"event":{"mods":["AchievementEnabler","BaseMod","Colored Powertips","Highlight Path","Minty Spire (QoL Compilation)","Relic Stats","StSLib"],"gold_per_floor":[112,112,59,59,59,59,69,102,102,133,157,194,224,12,12,115,115,115,115,115,30,30,30,30,30,30,30,30,30,30,30,30,30,30,30,30,30,30,30,30,30,30,30,30,30,30,30,0,0,0,0,0,0,0,0],"floor_reached":56,"playtime":7034,"items_purged":[],"score":1950,"play_id":"55f528bb-cf06-4d16-b1f6-5b9b91ad41e9","local_time":"20210104222629","is_ascension_mode":true,"campfire_choices":[{"floor":6.0,"key":"REST"},{"floor":15.0,"key":"REST"},{"data":"Backstab","floor":24.0,"key":"SMITH"},{"data":"Catalyst","floor":32,"key":"SMITH"},{"data":"Backstab","floor":41,"key":"SMITH"},{"data":"Noxious Fumes","floor":47,"key":"SMITH"},{"floor":49,"key":"RECALL"},{"floor":52,"key":"REST"}],"circlet_count":0,"master_deck":["Strike_G","Strike_G","Strike_G","Defend_G","Defend_G+1","Survivor+1","Neutralize+1","Venomology+1","Venomology+1","Burst+1","Backstab+1","Sucker Punch","Catalyst+1","Dodge and Roll","Acrobatics","Blur","Dagger Spray","Backstab+1","Noxious Fumes+1","Unload","Heel Hook+1","Night Terror+1","Eviscerate","Quick Slash","Poisoned Stab","Dash","Cloak And Dagger+1","Bouncing Flask+1","Bouncing Flask+1","Terror+1","Blade Dance+1","Venomology+1","Catalyst+1","Outmaneuver+1","Prepared+1","PiercingWail+1","Backstab+1","Phantasmal Killer+1","Choke+1","Footwork+1","Expertise+1"],"relics":["Astrolabe","Bag of Preparation","Bronze Scales","Vajra","MawBank","Toxic Egg 2","Toy Ornithopter","Ectoplasm","Paper Crane","Potion Belt","Happy Flower","PreservedInsect","Incense Burner","HornCleat","Dead Branch","Snake Skull","SlaversCollar","Boot","War Paint","Torii","Red Mask","Orichalcum"],"acts_visited":["Exordium","TheCity","TheBeyond","TheEnding"],"potions_floor_usage":[27,27,27,27,27,29,30,30,30,33,33,35,36,36,36,37,37,37,38,39,39,40,40,40,42,45,46,50,50,50,54,55,55,55,55,55,55],"damage_taken":[{"damage":0.0,"enemies":"Small Slimes","floor":1.0,"turns":3.0},{"damage":0.0,"enemies":"2 Louse","floor":7.0,"turns":2.0},{"damage":1.0,"enemies":"Gremlin Nob","floor":8.0,"turns":3.0},{"damage":5.0,"enemies":"3 Sentries","floor":10.0,"turns":8.0},{"damage":0.0,"enemies":"Cultist","floor":11.0,"turns":3.0},{"damage":17.0,"enemies":"Gremlin Nob","floor":12.0,"turns":5.0},{"damage":13.0,"enemies":"Exordium Thugs","floor":13.0,"turns":3.0},{"damage":16.0,"enemies":"Hexaghost","floor":16.0,"turns":11.0},{"damage":16.0,"enemies":"Spheric Guardian","floor":18.0,"turns":3.0},{"damage":5.0,"enemies":"Chosen","floor":20.0,"turns":2.0},{"damage":15.0,"enemies":"Shelled Parasite and Fungi","floor":22.0,"turns":5.0},{"damage":6.0,"enemies":"Book of Stabbing","floor":23.0,"turns":3.0},{"damage":36.0,"enemies":"Gremlin Leader","floor":25.0,"turns":5.0},{"damage":0,"enemies":"Colosseum Slavers","floor":27,"turns":3},{"damage":0,"enemies":"Colosseum Nobs","floor":27,"turns":2},{"damage":3,"enemies":"Book of Stabbing","floor":29,"turns":2},{"damage":3,"enemies":"Cultist and Chosen","floor":30,"turns":3},{"damage":0,"enemies":"Gremlin Leader","floor":31,"turns":2},{"damage":0,"enemies":"Collector","floor":33,"turns":2},{"damage":0,"enemies":"3 Shapes","floor":35,"turns":2},{"damage":1,"enemies":"3 Darklings","floor":36,"turns":2},{"damage":0,"enemies":"Maw","floor":37,"turns":4},{"damage":0,"enemies":"Sphere and 2 Shapes","floor":38,"turns":2},{"damage":7,"enemies":"Writhing Mass","floor":39,"turns":4},{"damage":0,"enemies":"Giant Head","floor":40,"turns":3},{"damage":0,"enemies":"Jaw Worm Horde","floor":42,"turns":3},{"damage":11,"enemies":"Reptomancer","floor":44,"turns":3},{"damage":4,"enemies":"4 Shapes","floor":45,"turns":2},{"damage":0,"enemies":"Mind Bloom Boss Battle","floor":46,"turns":3},{"damage":37,"enemies":"Awakened One","floor":50,"turns":10},{"damage":0,"enemies":"Shield and Spear","floor":54,"turns":4},{"damage":16,"enemies":"The Heart","floor":55,"turns":4}],"seed_played":"6313048491904686901","potions_obtained":[{"floor":1.0,"key":"Strength Potion"},{"floor":7.0,"key":"Fire Potion"},{"floor":11.0,"key":"Swift Potion"},{"floor":12.0,"key":"Energy Potion"},{"floor":16.0,"key":"LiquidBronze"},{"floor":18.0,"key":"FairyPotion"},{"floor":22.0,"key":"SpeedPotion"},{"floor":27,"key":"ColorlessPotion"},{"floor":29,"key":"SteroidPotion"},{"floor":30,"key":"LiquidMemories"},{"floor":33,"key":"Fire Potion"},{"floor":45,"key":"FairyPotion"}],"is_trial":false,"path_per_floor":["M","?","$","?","?","R","M","E","T","E","M","E","M","$","R","B",null,"M","?","M","?","M","E","R","E","T","?","?","E","M","E","R","B",null,"M","M","M","M","M","E","R","M","T","E","M","?","R","?","R","B",null,"R","$","E","B",null],"character_chosen":"THE_SILENT","items_purchased":["Sucker Punch","Toy Ornithopter","Noxious Fumes"],"campfire_rested":3,"item_purchase_floors":[3,14,14],"current_hp_per_floor":[63,45,45,45,45,66,66,65,65,60,60,43,30,30,51,54,66,50,50,55,55,55,69,69,34,34,59,59,61,67,67,67,70,70,70,70,70,70,63,70,70,70,70,59,60,65,65,65,65,43,63,70,70,70,70],"gold":0,"neow_bonus":"BOSS_RELIC","is_daily":false,"chose_seed":false,"campfire_upgraded":4,"win_rate":0.0,"timestamp":1609799189,"path_taken":["M","?","$","?","?","R","M","E","T","E","?","E","M","$","R","BOSS","M","?","M","?","M","E","R","E","T","?","?","E","M","E","R","BOSS","M","M","M","M","M","E","R","M","T","E","M","?","R","?","R","BOSS","R","$","E","BOSS"],"items_purchased_type":["Card","Relic","Card"],"build_version":"2020-12-22","purchased_purges":0,"victory":true,"max_hp_per_floor":[70,70,70,70,70,70,70,70,70,70,70,70,70,70,70,70,70,70,70,70,70,70,70,70,70,70,70,70,70,70,70,70,70,70,70,70,70,70,70,70,70,70,70,70,70,70,70,70,70,70,70,70,70,70,70],"relic_stats":{"Happy Flower":[20],"Torii":18,"counters":[32,116],"Astrolabe":["Venomology","Venomology","Burst"],"Dead Branch":[172],"PreservedInsect":396,"Snake Skull":[123],"Bag of Preparation":[62],"War Paint":["Defend_G","Survivor"],"Orichalcum":[6],"MawBank":48,"Boot":[20],"Bronze Scales":[350],"Ectoplasm":638,"obtain_stats":[{"Potion Belt":23,"Happy Flower":25,"Torii":46,"Astrolabe":0,"Dead Branch":29,"Vajra":9,"PreservedInsect":26,"Snake Skull":31,"Bag of Preparation":2,"Incense Burner":27,"Paper Crane":21,"War Paint":44,"Orichalcum":54,"MawBank":10,"Boot":40,"SlaversCollar":34,"HornCleat":27,"Bronze Scales":8,"Ectoplasm":17,"Red Mask":48,"Toxic Egg 2":12,"Toy Ornithopter":14,"Ring of the Snake":0},{"Potion Belt":12,"Happy Flower":13,"Torii":29,"Astrolabe":0,"Dead Branch":16,"Vajra":3,"PreservedInsect":13,"Snake Skull":18,"Bag of Preparation":1,"Incense Burner":15,"Paper Crane":10,"War Paint":27,"Orichalcum":31,"MawBank":4,"Boot":25,"SlaversCollar":19,"HornCleat":15,"Bronze Scales":3,"Ectoplasm":8,"Red Mask":29,"Toxic Egg 2":6,"Toy Ornithopter":7,"Ring of the Snake":0},{"Potion Belt":51,"Happy Flower":56,"Torii":98,"Astrolabe":0,"Dead Branch":63,"Vajra":8,"PreservedInsect":56,"Snake Skull":68,"Bag of Preparation":3,"Incense Burner":61,"Paper Crane":43,"War Paint":93,"Orichalcum":112,"MawBank":16,"Boot":87,"SlaversCollar":70,"HornCleat":61,"Bronze Scales":8,"Ectoplasm":38,"Red Mask":98,"Toxic Egg 2":24,"Toy Ornithopter":27,"Ring of the Snake":0}],"Toy Ornithopter":156},"card_choices":[{"not_picked":["Dash","Sucker Punch"],"picked":"Backstab","floor":1.0},{"not_picked":["Bane","Underhanded Strike"],"picked":"Catalyst","floor":7.0},{"not_picked":["Setup","Slice"],"picked":"Dodge and Roll","floor":8.0},{"not_picked":["Finisher","Predator"],"picked":"Acrobatics","floor":10.0},{"not_picked":["Outmaneuver","Flying Knee"],"picked":"Blur","floor":11.0},{"not_picked":["Concentrate+1","Endless Agony"],"picked":"Dagger Spray","floor":12.0},{"not_picked":["Endless Agony","Slice"],"picked":"Backstab","floor":13.0},{"not_picked":["Phantasmal Killer+1","Malaise+1"],"picked":"Unload","floor":16.0},{"not_picked":["Acrobatics+1","Deflect+1"],"picked":"Heel Hook+1","floor":18.0},{"not_picked":["Backflip+1","Expertise+1"],"picked":"Quick Slash","floor":20.0},{"not_picked":["Concentrate+1","Choke"],"picked":"Poisoned Stab","floor":22.0},{"not_picked":["Underhanded Strike+1","Eviscerate"],"picked":"Dash","floor":23.0},{"not_picked":["Eviscerate+1","Sucker Punch"],"picked":"Cloak And Dagger+1","floor":25.0},{"not_picked":["Flying Knee","Bane"],"picked":"Bouncing Flask+1","floor":27},{"not_picked":["Grand Finale","Unload"],"picked":"Bouncing Flask+1","floor":29},{"not_picked":["Quick Slash","Footwork"],"picked":"Terror+1","floor":30},{"not_picked":["Quick Slash","Tactician+1"],"picked":"Blade Dance+1","floor":31},{"not_picked":["Tools of the Trade","Grand Finale"],"picked":"Venomology+1","floor":33},{"not_picked":["Terror+1","Well Laid Plans"],"picked":"Catalyst+1","floor":35},{"not_picked":["Flying Knee+1","Backflip+1"],"picked":"Outmaneuver+1","floor":36},{"not_picked":["Masterful Stab","Poisoned Stab"],"picked":"Prepared+1","floor":37},{"not_picked":["Slice","Escape Plan+1","Heel Hook"],"picked":"SKIP","floor":38},{"not_picked":["Bane","Cloak And Dagger+1"],"picked":"PiercingWail+1","floor":39},{"not_picked":["Crippling Poison+1","Prepared+1"],"picked":"Backstab+1","floor":40},{"not_picked":["Riddle With Holes+1","Dagger Spray"],"picked":"Phantasmal Killer+1","floor":42},{"not_picked":["Dagger Spray","Setup+1"],"picked":"Choke+1","floor":44},{"not_picked":["Blade Dance+1","Dagger Spray"],"picked":"Footwork+1","floor":45},{"not_picked":["Bane","Sucker Punch+1"],"picked":"Expertise+1","floor":54}],"player_experience":626580,"relics_obtained":[{"floor":8.0,"key":"Bronze Scales"},{"floor":9.0,"key":"Vajra"},{"floor":10.0,"key":"MawBank"},{"floor":12.0,"key":"Toxic Egg 2"},{"floor":23.0,"key":"Potion Belt"},{"floor":25.0,"key":"Happy Flower"},{"floor":26.0,"key":"PreservedInsect"},{"floor":27,"key":"Incense Burner"},{"floor":27,"key":"HornCleat"},{"floor":29,"key":"Dead Branch"},{"floor":31,"key":"Snake Skull"},{"floor":40,"key":"Boot"},{"floor":44,"key":"War Paint"},{"floor":46,"key":"Torii"},{"floor":54,"key":"Orichalcum"}],"event_choices":[{"damage_healed":0.0,"max_hp_gain":0.0,"max_hp_loss":0.0,"gold_gain":0.0,"event_name":"Scrap Ooze","player_choice":"Success","floor":2.0,"gold_loss":0.0,"damage_taken":18.0,"relics_obtained":["Bag of Preparation"]},{"damage_healed":0.0,"max_hp_gain":0.0,"max_hp_loss":0.0,"gold_gain":0.0,"event_name":"Liars Game","player_choice":"Ignored","floor":4.0,"gold_loss":0.0,"damage_taken":0.0},{"damage_healed":0.0,"max_hp_gain":0.0,"max_hp_loss":0.0,"gold_gain":0.0,"event_name":"Accursed Blacksmith","player_choice":"Forge","floor":5.0,"gold_loss":0.0,"damage_taken":0.0,"cards_upgraded":["Neutralize"]},{"damage_healed":0.0,"max_hp_gain":0.0,"max_hp_loss":0.0,"gold_gain":0.0,"cards_transformed":["Defend_G","Defend_G"],"event_name":"Drug Dealer","player_choice":"Became Test Subject","floor":19.0,"gold_loss":0.0,"damage_taken":0.0,"cards_obtained":["Night Terror","Eviscerate"]},{"damage_healed":0.0,"max_hp_gain":0.0,"max_hp_loss":0.0,"gold_gain":0.0,"event_name":"Addict","player_choice":"Obtained Relic","floor":21.0,"gold_loss":85.0,"damage_taken":0.0,"relics_obtained":["Paper Crane"]},{"damage_healed":0,"gold_gain":0,"player_choice":"Fight","damage_taken":0,"max_hp_gain":0,"max_hp_loss":0,"event_name":"Colosseum","floor":27,"gold_loss":0},{"damage_healed":0,"gold_gain":0,"player_choice":"Fought Nobs","damage_taken":0,"max_hp_gain":0,"max_hp_loss":0,"event_name":"Colosseum","floor":27,"gold_loss":0},{"damage_healed":0,"gold_gain":0,"player_choice":"Ignored","damage_taken":0,"max_hp_gain":0,"max_hp_loss":0,"event_name":"Vampires","floor":28,"gold_loss":0},{"damage_healed":0,"gold_gain":0,"player_choice":"Fight","damage_taken":0,"max_hp_gain":0,"max_hp_loss":0,"event_name":"MindBloom","floor":46,"gold_loss":0},{"damage_healed":0,"gold_gain":0,"player_choice":"Paid","damage_taken":0,"relics_obtained":["Red Mask"],"max_hp_gain":0,"max_hp_loss":0,"event_name":"Tomb of Lord Red Mask","floor":48,"gold_loss":30}],"is_beta":false,"boss_relics":[{"not_picked":["Runic Dome","Snecko Eye"],"picked":"Ectoplasm"},{"not_picked":["Black Star","Pandora\u0027s Box"],"picked":"SlaversCollar"}],"items_purged_floors":[],"is_endless":false,"potions_floor_spawned":[1,7,11,12,16,18,22,27,29,30,33,38,45,46],"ascension_level":9}}