{"host":"28p8ce41sjwa6lzf","time":1609781653,"event":{"mods":["BaseMod","Colored Map","Colored Powertips","Highlight Path","Minty Spire (QoL Compilation)","Permanent Neow","Quick Restart","Random Character Button","Rare Cards Sparkle","Relic Stats","StSLib","Unceasing Turn Reminder"],"gold_per_floor":[112,112,126,17,17,17,45,57,69,91,103,115,115],"floor_reached":12,"playtime":350,"items_purged":[],"score":152,"play_id":"230a10e0-18ac-4fb0-a801-342d892c9ab1","local_time":"20210104113413","is_ascension_mode":true,"campfire_choices":[{"data":"Turbo","floor":6.0,"key":"SMITH"},{"data":"Zap","floor":8.0,"key":"SMITH"}],"circlet_count":0,"master_deck":["AscendersBane","Strike_B","Strike_B","Strike_B","Strike_B","Defend_B","Defend_B","Defend_B","Defend_B","Zap+1","Dualcast","Panache","Cold Snap","Turbo+1","Steam","Scrape","Conserve Battery"],"relics":["Cracked Core","Letter Opener","MawBank"],"acts_visited":["Exordium"],"potions_floor_usage":[10],"damage_taken":[{"damage":0.0,"enemies":"2 Louse","floor":1.0,"turns":2.0},{"damage":2.0,"enemies":"Jaw Worm","floor":3.0,"turns":3.0},{"damage":18.0,"enemies":"Lagavulin","floor":7.0,"turns":6.0},{"damage":2,"enemies":"Small Slimes","floor":10,"turns":2},{"damage":40,"enemies":"Gremlin Nob","floor":12,"turns":3}],"seed_played":"-4512085037979645061","potions_obtained":[{"floor":1.0,"key":"BlessingOfTheForge"},{"floor":7.0,"key":"Energy Potion"}],"is_trial":false,"path_per_floor":["M","?","M","$","?","R","E","R","T","M","$","E"],"character_chosen":"DEFECT","items_purchased":["Steam","Dexterity Potion"],"campfire_rested":0,"item_purchase_floors":[4,4],"current_hp_per_floor":[46,35,33,33,38,38,20,20,20,18,18,0,0],"gold":115,"neow_bonus":"RANDOM_COLORLESS_2","is_daily":false,"chose_seed":false,"campfire_upgraded":2,"win_rate":0.0,"timestamp":1609781653,"path_taken":["M","?","M","$","?","R","E","R","T","M","?","E"],"items_purchased_type":["Card","Potion"],"build_version":"2020-12-22","purchased_purges":0,"victory":false,"max_hp_per_floor":[71,71,71,71,76,76,76,76,76,76,76,76,76],"relic_stats":{"counters":[5,16],"Letter Opener":[15],"MawBank":60,"obtain_stats":[{"Letter Opener":2,"Cracked Core":0,"MawBank":7},{"Letter Opener":1,"Cracked Core":0,"MawBank":3},{"Letter Opener":2,"Cracked Core":0,"MawBank":11}]},"card_choices":[{"not_picked":["The Bomb","Violence"],"picked":"Panache","floor":0.0},{"not_picked":["Compile Driver","Barrage"],"picked":"Cold Snap","floor":1.0},{"not_picked":["Coolheaded","Leap"],"picked":"Turbo","floor":3.0},{"not_picked":["Cold Snap","Storm"],"picked":"Scrape","floor":7.0},{"not_picked":["Chaos","Darkness"],"picked":"Conserve Battery","floor":10}],"player_experience":1068157,"relics_obtained":[{"floor":7.0,"key":"MawBank"}],"event_choices":[{"damage_healed":0.0,"max_hp_gain":0.0,"max_hp_loss":0.0,"gold_gain":0.0,"event_name":"Scrap Ooze","player_choice":"Success","floor":2.0,"gold_loss":0.0,"damage_taken":11.0,"relics_obtained":["Letter Opener"]},{"damage_healed":0.0,"max_hp_gain":5.0,"max_hp_loss":0.0,"gold_gain":0.0,"event_name":"Big Fish","player_choice":"Donut","floor":5.0,"gold_loss":0.0,"damage_taken":0.0}],"is_beta":false,"boss_relics":[],"items_purged_floors":[],"is_endless":false,"potions_floor_spawned":[1,7],"killed_by":"Gremlin Nob","ascension_level":20}}