{"host":"8i4doyxqctgl5qb0","time":1609803098,"event":{"mods":["AchievementEnabler","BaseMod","Block Reminder","Colored Powertips","Downfall","Marisa£®ÏF”Í°°ƒß¿Ì…≥£©","Minty Spire (QoL Compilation)","Permanent Neow","Potion Indicator Mod","Rare Cards Sparkle","StSLib","SuperFastMode"],"gold_per_floor":[115,190,190,56,74,74,108,108,158,177,195,195,209,224,224,324,324,335,346,346,364,364,364,375,408,408,408,408],"floor_reached":27,"playtime":986,"items_purged":[],"score":215,"play_id":"0774cf26-ff75-4be8-aaa4-59245f4f30eb","local_time":"20210105073138","is_ascension_mode":false,"campfire_choices":[{"floor":6.0,"key":"REST"},{"floor":12.0,"key":"REST"},{"floor":15.0,"key":"REST"},{"floor":23.0,"key":"REST"}],"circlet_count":0,"master_deck":["Strike_P","Strike_P","Strike_P","Strike_P","Defend_P","Defend_P","Defend_P","Defend_P","Eruption","Vigilance","Worship","BattleHymn","Crescendo","Scrawl","FlyingSleeves","Establishment","SashWhip","WreathOfFlame","Vault","InnerPeace","Worship","LikeWater+1","Collect","EmptyMind"],"relics":["PureWater","Peace Pipe","Blood Vial","CaptainsWheel","Turnip","Ancient Tea Set","Philosopher\u0027s Stone","Enchiridion","Red Mask","Nunchaku"],"acts_visited":["Exordium","TheCity"],"potions_floor_usage":[27],"damage_taken":[{"damage":4.0,"enemies":"Jaw Worm","floor":1.0,"turns":6.0},{"damage":6.0,"enemies":"Small Slimes","floor":5.0,"turns":3.0},{"damage":23.0,"enemies":"Gremlin Nob","floor":7.0,"turns":4.0},{"damage":9.0,"enemies":"2 Louse","floor":10.0,"turns":3.0},{"damage":14.0,"enemies":"Exordium Wildlife","floor":11.0,"turns":4.0},{"damage":0.0,"enemies":"Gremlin Gang","floor":13.0,"turns":3.0},{"damage":7.0,"enemies":"Looter","floor":14.0,"turns":3.0},{"damage":37.0,"enemies":"The Guardian","floor":16.0,"turns":8.0},{"damage":17.0,"enemies":"2 Thieves","floor":18.0,"turns":4.0},{"damage":11.0,"enemies":"Spheric Guardian","floor":19.0,"turns":3.0},{"damage":0.0,"enemies":"Snecko","floor":21.0,"turns":4.0},{"damage":12.0,"enemies":"Chosen and Byrds","floor":24.0,"turns":4.0},{"damage":15.0,"enemies":"Masked Bandits","floor":25.0,"turns":5.0},{"damage":23,"enemies":"Slavers","floor":27,"turns":2}],"seed_played":"146525692545348014","potions_obtained":[{"floor":7.0,"key":"EssenceOfSteel"},{"floor":10.0,"key":"champ:CounterPotion"},{"floor":19.0,"key":"PowerPotion"},{"floor":25.0,"key":"PowerPotion"}],"is_trial":false,"path_per_floor":["M","?","?","$","M","R","E","?","T","M","M","R","M","M","R","B",null,"M","M","?","M","?","R","M","?","T","E"],"character_chosen":"WATCHER","items_purchased":["BattleHymn","FairyPotion"],"campfire_rested":4,"item_purchase_floors":[4,4],"current_hp_per_floor":[61,50,25,25,21,40,19,19,19,12,19,38,40,35,54,19,65,48,39,23,25,25,44,34,21,21,0,0],"gold":408,"neow_bonus":"ONE_RARE_RELIC","is_daily":false,"chose_seed":false,"campfire_upgraded":0,"win_rate":0.0,"timestamp":1609803098,"path_taken":["M","?","?","$","M","R","E","?","T","?","M","R","?","M","R","BOSS","M","M","?","M","?","R","M","?","T","E"],"items_purchased_type":["Card","Potion"],"build_version":"2020-12-22","purchased_purges":0,"victory":false,"max_hp_per_floor":[65,65,65,65,65,65,65,65,65,65,65,65,65,65,65,65,65,65,65,65,65,65,65,65,65,65,65,65],"card_choices":[{"not_picked":["FlyingSleeves","FearNoEvil"],"picked":"Worship","floor":1.0},{"not_picked":["FollowUp","CutThroughFate"],"picked":"Crescendo","floor":5.0},{"not_picked":["Crescendo","CutThroughFate"],"picked":"Scrawl","floor":7.0},{"not_picked":["SashWhip","BowlingBash"],"picked":"FlyingSleeves","floor":10.0},{"not_picked":["FlyingSleeves","TalkToTheHand"],"picked":"Establishment","floor":11.0},{"not_picked":["Evaluate","CutThroughFate"],"picked":"SashWhip","floor":13.0},{"not_picked":["Perseverance","Crescendo"],"picked":"WreathOfFlame","floor":14.0},{"not_picked":["Judgement","MasterReality"],"picked":"Vault","floor":16.0},{"not_picked":["PathToVictory","FlurryOfBlows+1"],"picked":"InnerPeace","floor":18.0},{"not_picked":["EmptyMind+1","CrushJoints"],"picked":"Worship","floor":19.0},{"not_picked":["Wallop","FlurryOfBlows+1"],"picked":"LikeWater+1","floor":21.0},{"not_picked":["FollowUp","Indignation"],"picked":"Collect","floor":24.0},{"not_picked":["Wallop","FlurryOfBlows+1"],"picked":"EmptyMind","floor":25.0}],"player_experience":72219,"relics_obtained":[{"floor":7.0,"key":"CaptainsWheel"},{"floor":9.0,"key":"Ancient Tea Set"},{"floor":20.0,"key":"Enchiridion"},{"floor":25.0,"key":"Red Mask"},{"floor":26.0,"key":"Nunchaku"}],"event_choices":[{"damage_healed":0.0,"max_hp_gain":0.0,"max_hp_loss":0.0,"gold_gain":75.0,"event_name":"World of Goop","player_choice":"Gather Gold","floor":2.0,"gold_loss":0.0,"damage_taken":11.0},{"damage_healed":0.0,"max_hp_gain":0.0,"max_hp_loss":0.0,"gold_gain":0.0,"event_name":"Scrap Ooze","player_choice":"Success","floor":3.0,"gold_loss":0.0,"damage_taken":25.0,"relics_obtained":["Blood Vial"]},{"damage_healed":0.0,"max_hp_gain":0.0,"max_hp_loss":0.0,"gold_gain":0.0,"event_name":"Dead Adventurer","player_choice":"Searched \u00271\u0027 times","floor":8.0,"gold_loss":0.0,"damage_taken":0.0,"relics_obtained":["Turnip"]},{"damage_healed":0.0,"max_hp_gain":0.0,"max_hp_loss":0.0,"gold_gain":0.0,"event_name":"Cursed Tome","player_choice":"Obtained Book","floor":20.0,"gold_loss":0.0,"damage_taken":16.0},{"damage_healed":0.0,"max_hp_gain":0.0,"max_hp_loss":0.0,"gold_gain":0.0,"event_name":"Ghosts","player_choice":"Ignored","floor":22.0,"gold_loss":0.0,"damage_taken":0.0},{"damage_healed":0.0,"max_hp_gain":0.0,"max_hp_loss":0.0,"gold_gain":0.0,"event_name":"Masked Bandits","player_choice":"Fought Bandits","floor":25.0,"gold_loss":0.0,"damage_taken":0.0}],"is_beta":false,"boss_relics":[{"not_picked":["SlaversCollar","Sozu"],"picked":"Philosopher\u0027s Stone"}],"items_purged_floors":[],"is_endless":false,"potions_floor_spawned":[7,10,19,25],"killed_by":"Slavers","ascension_level":0}}