{"host":"x5anfo2w8aotfuta","time":1609718536,"event":{"mods":["AchievementEnabler","BaseMod","Bestiary","Block Reminder","Colored Map","Colored Powertips","DeckTracker","Highlight Path","Minty Spire (QoL Compilation)","Quick Restart","Rare Cards Sparkle","Relic Stats","StSLib"],"gold_per_floor":[119,1,15,15,15,15,46,46,69,96,114,114,129,11,11,115,115,129,145,27,47,47,47,80,30,78,78,88,122,122,122,122,224,224,244,254,254,254,254],"floor_reached":38,"playtime":3703,"items_purged":["Defend_G","Strike_G"],"score":855,"play_id":"171d6208-47cd-4cdd-ba59-fd98bbfe177f","local_time":"20210103160216","is_ascension_mode":true,"campfire_choices":[{"data":"Footwork","floor":6,"key":"SMITH"},{"data":"Dodge and Roll","floor":8,"key":"SMITH"},{"data":"Deadly Poison","floor":12,"key":"SMITH"},{"data":"Bane","floor":15,"key":"SMITH"},{"data":"Footwork","floor":23,"key":"SMITH"},{"data":"Noxious Fumes","floor":27,"key":"SMITH"},{"data":"Footwork","floor":30,"key":"SMITH"},{"floor":32,"key":"REST"}],"circlet_count":0,"master_deck":["AscendersBane","Defend_G","Defend_G","Defend_G","Survivor","Neutralize","Dodge and Roll+1","Footwork+1","Endless Agony","Backflip","Expertise","Dash","Backstab","Deadly Poison+1","PiercingWail","Footwork+1","Footwork+1","Bane+1","Corpse Explosion","Glass Knife+1","Blur+1","A Thousand Cuts+1","Outmaneuver+1","Dodge and Roll","Noxious Fumes+1","Flechettes+1","Masterful Stab","Leg Sweep","Blade Dance"],"relics":["Ring of the Snake","NeowsBlessing","Prayer Wheel","Smiling Mask","Art of War","Astrolabe","Potion Belt","Calipers","Runic Pyramid"],"acts_visited":["Exordium","TheCity","TheBeyond"],"potions_floor_usage":[10,10,19,24,38],"damage_taken":[{"damage":0,"enemies":"2 Louse","floor":1,"turns":1},{"damage":0,"enemies":"Jaw Worm","floor":3,"turns":1},{"damage":0,"enemies":"Gremlin Nob","floor":7,"turns":1},{"damage":22,"enemies":"3 Sentries","floor":10,"turns":44},{"damage":0,"enemies":"Cultist","floor":11,"turns":4},{"damage":0,"enemies":"Large Slime","floor":13,"turns":8},{"damage":0,"enemies":"The Guardian","floor":16,"turns":13},{"damage":0,"enemies":"Spheric Guardian","floor":18,"turns":8},{"damage":1,"enemies":"2 Thieves","floor":19,"turns":4},{"damage":17,"enemies":"Centurion and Healer","floor":21,"turns":9},{"damage":8,"enemies":"Book of Stabbing","floor":24,"turns":6},{"damage":10,"enemies":"Snecko","floor":28,"turns":6},{"damage":0,"enemies":"Gremlin Leader","floor":29,"turns":7},{"damage":0,"enemies":"Champ","floor":33,"turns":16},{"damage":15,"enemies":"3 Darklings","floor":35,"turns":3},{"damage":0,"enemies":"Orb Walker","floor":36,"turns":5},{"damage":55,"enemies":"Transient","floor":38,"turns":5}],"seed_played":"5118082069956415997","potions_obtained":[{"floor":3,"key":"GhostInAJar"},{"floor":7,"key":"GamblersBrew"},{"floor":18,"key":"FearPotion"},{"floor":21,"key":"SneckoOil"},{"floor":29,"key":"CunningPotion"},{"floor":33,"key":"LiquidBronze"}],"is_trial":false,"path_per_floor":["M","$","M","?","?","R","E","R","T","E","M","R","M","$","R","B",null,"M","M","$","M","?","R","E","$","T","R","M","E","R","?","R","B",null,"M","M","?","M"],"character_chosen":"THE_SILENT","items_purchased":["Footwork","Endless Agony","Footwork","Bane","Noxious Fumes"],"campfire_rested":1,"item_purchase_floors":[2,2,14,14,20],"current_hp_per_floor":[63,63,63,56,56,56,56,56,56,34,34,34,34,34,34,34,61,61,60,60,43,43,43,35,35,35,35,25,25,25,25,46,46,64,49,49,49,0,0],"gold":254,"neow_bonus":"THREE_ENEMY_KILL","is_daily":false,"chose_seed":false,"campfire_upgraded":7,"win_rate":0.0,"timestamp":1609718536,"path_taken":["M","$","M","?","?","R","E","R","T","E","M","R","M","$","R","BOSS","M","M","$","M","?","R","E","$","T","R","M","E","R","?","R","BOSS","M","M","?","?"],"items_purchased_type":["Card","Card","Card","Card","Card"],"build_version":"2020-12-22","purchased_purges":2,"victory":false,"max_hp_per_floor":[70,70,70,70,70,70,70,70,70,70,70,70,70,70,70,70,70,70,70,70,70,70,70,70,70,70,70,70,70,70,70,70,70,70,70,70,70,70,70],"relic_stats":{"counters":[17,141],"Astrolabe":["Glass Knife","Blur","A Thousand Cuts"],"Prayer Wheel":8,"Art of War":[26],"Smiling Mask":75,"obtain_stats":[{"Potion Belt":24,"Calipers":29,"NeowsBlessing":0,"Astrolabe":17,"Prayer Wheel":7,"Art of War":10,"Smiling Mask":9,"Ring of the Snake":0,"Runic Pyramid":34},{"Potion Belt":11,"Calipers":13,"NeowsBlessing":0,"Astrolabe":7,"Prayer Wheel":3,"Art of War":4,"Smiling Mask":3,"Ring of the Snake":0,"Runic Pyramid":14},{"Potion Belt":99,"Calipers":112,"NeowsBlessing":0,"Astrolabe":72,"Prayer Wheel":3,"Art of War":47,"Smiling Mask":3,"Ring of the Snake":0,"Runic Pyramid":128}],"Ring of the Snake":[35]},"card_choices":[{"not_picked":["Blade Dance","Finisher"],"picked":"Dodge and Roll","floor":1},{"not_picked":["PiercingWail","Underhanded Strike"],"picked":"Backflip","floor":3},{"not_picked":["Catalyst","Distraction","Setup"],"picked":"SKIP","floor":7},{"not_picked":["Bane","Flying Knee"],"picked":"Dash","floor":10},{"not_picked":["Flying Knee","Dodge and Roll"],"picked":"Backstab","floor":11},{"not_picked":["Doppelganger","Riddle With Holes"],"picked":"Deadly Poison","floor":11},{"not_picked":["Tactician","Skewer"],"picked":"PiercingWail","floor":13},{"not_picked":["Dagger Throw","PiercingWail","Footwork"],"picked":"SKIP","floor":13},{"not_picked":["Dagger Throw","PiercingWail"],"picked":"Footwork","floor":13},{"not_picked":["A Thousand Cuts","Burst"],"picked":"Corpse Explosion","floor":16},{"not_picked":["Choke","Eviscerate"],"picked":"Outmaneuver+1","floor":18},{"not_picked":["Quick Slash","Acrobatics","Reflex"],"picked":"SKIP","floor":18},{"not_picked":["Backflip","Endless Agony"],"picked":"Dodge and Roll","floor":19},{"not_picked":["Predator","Underhanded Strike","Dagger Throw+1"],"picked":"SKIP","floor":19},{"not_picked":["PiercingWail","Dash"],"picked":"Flechettes+1","floor":21},{"not_picked":["Prepared","Terror"],"picked":"Masterful Stab","floor":21},{"not_picked":["Cloak And Dagger","Dagger Throw","Leg Sweep"],"picked":"SKIP","floor":24},{"not_picked":["Flying Knee","Noxious Fumes"],"picked":"Blade Dance","floor":28},{"not_picked":["Dagger Throw","Wraith Form v2","Poisoned Stab"],"picked":"SKIP","floor":28},{"not_picked":["Bane","Distraction","Riddle With Holes"],"picked":"SKIP","floor":29},{"not_picked":["Deadly Poison+1","Accuracy","PiercingWail"],"picked":"SKIP","floor":35},{"not_picked":["Backflip","Quick Slash+1","Blade Dance"],"picked":"SKIP","floor":35},{"not_picked":["Flechettes+1","Eviscerate+1","Blade Dance+1"],"picked":"SKIP","floor":36},{"not_picked":["Deadly Poison+1","Underhanded Strike","Dash+1"],"picked":"SKIP","floor":36}],"player_experience":432525,"relics_obtained":[{"floor":7,"key":"Prayer Wheel"},{"floor":9,"key":"Smiling Mask"},{"floor":10,"key":"Art of War"},{"floor":24,"key":"Potion Belt"},{"floor":29,"key":"Calipers"}],"event_choices":[{"cards_removed":["Strike_G"],"damage_healed":0,"gold_gain":0,"player_choice":"Card Removal","damage_taken":7,"max_hp_gain":0,"max_hp_loss":0,"event_name":"Golden Wing","floor":4,"gold_loss":0},{"damage_healed":0,"gold_gain":0,"cards_transformed":["Strike_G"],"player_choice":"Transformed","damage_taken":0,"max_hp_gain":0,"max_hp_loss":0,"event_name":"Transmorgrifier","floor":5,"gold_loss":0,"cards_obtained":["Expertise"]},{"damage_healed":0,"gold_gain":0,"player_choice":"Read","damage_taken":0,"max_hp_gain":0,"max_hp_loss":0,"event_name":"The Library","floor":22,"gold_loss":0,"cards_obtained":["Leg Sweep"]},{"damage_healed":0,"gold_gain":0,"player_choice":"Ignored","damage_taken":0,"max_hp_gain":0,"max_hp_loss":0,"event_name":"Vampires","floor":31,"gold_loss":0},{"damage_healed":0,"gold_gain":0,"player_choice":"Ignored","damage_taken":0,"max_hp_gain":0,"max_hp_loss":0,"event_name":"SecretPortal","floor":37,"gold_loss":0}],"is_beta":false,"boss_relics":[{"not_picked":["Fusion Hammer","Sozu"],"picked":"Astrolabe"},{"not_picked":["WristBlade","Calling Bell"],"picked":"Runic Pyramid"}],"items_purged_floors":[20,25],"is_endless":false,"potions_floor_spawned":[3,7,18,21,29,33],"killed_by":"Transient","ascension_level":10}}