{"host":"yuoancq4cku3x8wq","time":1609760193,"event":{"mods":["AchievementEnabler","BaseMod","Minty Spire (QoL Compilation)","Quick Restart","StSLib","SuperFastMode"],"gold_per_floor":[115,11,11,11,25,54,54,81,81,6,23,23,43,62,62,141,141,155,170,85,135,5,5,23,23,50,50,80,95,95,20,20,92,92,104,104,119,19,44,71,71,71,119,119,132,132,165,40,40,40,40,40,40,40,75,75],"floor_reached":57,"playtime":2429,"items_purged":["Strike_R","Strike_R","Strike_R"],"score":2943,"play_id":"f3c4373f-55f2-4214-a0ca-bc93b7bc1c63","local_time":"20210104193633","is_ascension_mode":true,"campfire_choices":[{"data":"Body Slam","floor":7.0,"key":"SMITH"},{"data":"Pommel Strike","floor":15.0,"key":"SMITH"},{"data":"True Grit","floor":23.0,"key":"SMITH"},{"data":"Offering","floor":27.0,"key":"SMITH"},{"data":"Entrench","floor":30.0,"key":"SMITH"},{"data":"Burning Pact","floor":32.0,"key":"SMITH"},{"data":"Second Wind","floor":46.0,"key":"SMITH"},{"floor":49.0,"key":"RECALL"},{"data":"Sentinel","floor":53.0,"key":"SMITH"}],"circlet_count":0,"master_deck":["AscendersBane","Defend_R","Defend_R","Defend_R","Defend_R","Bash+1","Body Slam+1","Sever Soul+1","Sentinel+1","Burning Pact+1","Barricade+1","Pommel Strike+1","Evolve+1","Offering+1","True Grit+1","Feel No Pain+1","Battle Trance","Entrench+1","Feel No Pain+1","Corruption+1","Shrug It Off","Offering+1","Dark Embrace+1","Second Wind+1","Dark Embrace+1"],"relics":["Black Blood","NeowsBlessing","Frozen Egg 2","Oddly Smooth Stone","Shuriken","Akabeko","Anchor","Red Skull","MealTicket","SlaversCollar","Bird Faced Urn","Question Card","Orichalcum","Mango","Pen Nib","Whetstone"],"acts_visited":["Exordium","TheCity","TheBeyond","TheEnding"],"potions_floor_usage":[56],"damage_taken":[{"damage":0.0,"enemies":"Cultist","floor":1.0,"turns":1.0},{"damage":0.0,"enemies":"Jaw Worm","floor":5.0,"turns":1.0},{"damage":0.0,"enemies":"3 Sentries","floor":6.0,"turns":2.0},{"damage":8.0,"enemies":"Gremlin Nob","floor":8.0,"turns":3.0},{"damage":6.0,"enemies":"Small Slimes","floor":11.0,"turns":4.0},{"damage":0.0,"enemies":"Blue Slaver","floor":13.0,"turns":2.0},{"damage":0.0,"enemies":"2 Fungi Beasts","floor":14.0,"turns":4.0},{"damage":32.0,"enemies":"Slime Boss","floor":16.0,"turns":8.0},{"damage":24.0,"enemies":"2 Thieves","floor":18.0,"turns":4.0},{"damage":6.0,"enemies":"Shell Parasite","floor":19.0,"turns":1.0},{"damage":24.0,"enemies":"Centurion and Healer","floor":24.0,"turns":11.0},{"damage":24.0,"enemies":"Book of Stabbing","floor":28.0,"turns":6.0},{"damage":6.0,"enemies":"Snecko","floor":29.0,"turns":5.0},{"damage":10.0,"enemies":"Champ","floor":33.0,"turns":8.0},{"damage":6.0,"enemies":"3 Shapes","floor":35.0,"turns":4.0},{"damage":6.0,"enemies":"Orb Walker","floor":37.0,"turns":3.0},{"damage":12.0,"enemies":"Mind Bloom Boss Battle","floor":39.0,"turns":1.0},{"damage":12.0,"enemies":"Giant Head","floor":40.0,"turns":1.0},{"damage":12.0,"enemies":"4 Shapes","floor":45.0,"turns":1.0},{"damage":6.0,"enemies":"Nemesis","floor":47.0,"turns":1.0},{"damage":20.0,"enemies":"Awakened One","floor":50.0,"turns":3.0},{"damage":10.0,"enemies":"Donu and Deca","floor":51.0,"turns":2.0},{"damage":12.0,"enemies":"Shield and Spear","floor":55.0,"turns":2.0},{"damage":55,"enemies":"The Heart","floor":56,"turns":6}],"seed_played":"784456218197244356","potions_obtained":[{"floor":6.0,"key":"SteroidPotion"},{"floor":13.0,"key":"AttackPotion"},{"floor":19.0,"key":"LiquidMemories"},{"floor":29.0,"key":"GamblersBrew"},{"floor":33.0,"key":"GamblersBrew"},{"floor":39.0,"key":"DuplicationPotion"},{"floor":40.0,"key":"Swift Potion"}],"is_trial":false,"path_per_floor":["M","?","$","?","M","E","R","E","T","$","M","?","M","M","R","B",null,"M","M","?","?","$","R","M","$","T","R","E","M","R","?","R","B",null,"M","?","M","$","?","E","?","?","T","T","M","R","E","$","R","B","B",null,"R","$","E","B",null],"character_chosen":"IRONCLAD","items_purchased":["Feel No Pain+1","Battle Trance"],"campfire_rested":0,"item_purchase_floors":[22,22],"current_hp_per_floor":[74,74,74,63,69,75,75,73,73,73,73,73,75,75,75,49,69,57,63,63,63,63,63,51,51,51,51,39,45,45,45,45,47,68,74,74,75,75,75,75,71,71,71,85,85,85,85,85,85,83,85,85,85,85,85,48],"gold":75,"neow_bonus":"THREE_ENEMY_KILL","is_daily":false,"chose_seed":false,"campfire_upgraded":8,"win_rate":0.0,"timestamp":1609760193,"path_taken":["M","?","?","?","M","E","R","E","T","$","M","?","?","M","R","BOSS","M","M","?","?","$","R","?","?","T","R","E","?","R","?","R","BOSS","M","?","M","?","?","E","?","?","T","?","?","R","E","$","R","BOSS","BOSS","R","$","E","BOSS"],"items_purchased_type":["Card","Card"],"build_version":"2020-12-22","purchased_purges":3,"victory":true,"max_hp_per_floor":[75,75,75,75,75,75,75,75,75,75,75,75,75,75,75,75,75,75,75,75,75,75,75,75,75,75,75,75,75,75,75,75,75,75,75,75,75,75,75,75,71,71,71,85,85,85,85,85,85,85,85,85,85,85,85,85],"card_choices":[{"not_picked":["Sword Boomerang","Blood for Blood"],"picked":"Body Slam","floor":1.0},{"not_picked":["Twin Strike","Wild Strike"],"picked":"Sever Soul","floor":5.0},{"not_picked":["Wild Strike","Limit Break"],"picked":"Sentinel","floor":6.0},{"not_picked":["Carnage","Anger"],"picked":"Burning Pact","floor":11.0},{"not_picked":["Armaments","Clothesline"],"picked":"Pommel Strike","floor":13.0},{"not_picked":["Sever Soul","Entrench"],"picked":"Evolve+1","floor":14.0},{"not_picked":["Juggernaut+1","Fiend Fire"],"picked":"Offering","floor":16.0},{"not_picked":["Pummel+1","Iron Wave","Sword Boomerang"],"picked":"SKIP","floor":18.0},{"not_picked":["Pummel+1","Iron Wave","Sword Boomerang"],"picked":"SKIP","floor":18.0},{"not_picked":["Dropkick+1","Havoc"],"picked":"True Grit","floor":19.0},{"not_picked":["Warcry","Body Slam","Anger"],"picked":"SKIP","floor":24.0},{"not_picked":["Shockwave","Havoc"],"picked":"Entrench","floor":28.0},{"not_picked":["Infernal Blade","Dropkick+1"],"picked":"Feel No Pain+1","floor":29.0},{"not_picked":["Exhume","Immolate"],"picked":"Corruption+1","floor":33.0},{"not_picked":["Battle Trance","Body Slam"],"picked":"Shrug It Off","floor":35.0},{"not_picked":["Rupture+1","Bloodletting+1"],"picked":"Dark Embrace+1","floor":37.0},{"not_picked":["Infernal Blade","Flex+1"],"picked":"Second Wind","floor":39.0},{"not_picked":["Heavy Blade","Sword Boomerang"],"picked":"Dark Embrace+1","floor":40.0},{"not_picked":["Clash+1","Dark Embrace+1","Sword Boomerang","Intimidate+1"],"picked":"SKIP","floor":45.0},{"not_picked":["Rampage+1","Headbutt","Warcry","Anger"],"picked":"SKIP","floor":47.0},{"not_picked":["Metallicize+1","Infernal Blade","Brutality+1","Clothesline+1"],"picked":"SKIP","floor":55.0}],"player_experience":239914,"relics_obtained":[{"floor":6.0,"key":"Shuriken"},{"floor":8.0,"key":"Akabeko"},{"floor":9.0,"key":"Anchor"},{"floor":28.0,"key":"MealTicket"},{"floor":39.0,"key":"Bird Faced Urn"},{"floor":40.0,"key":"Question Card"},{"floor":43.0,"key":"Orichalcum"},{"floor":44.0,"key":"Mango"},{"floor":47.0,"key":"Pen Nib"},{"floor":55.0,"key":"Whetstone"}],"event_choices":[{"damage_healed":0.0,"max_hp_gain":0.0,"max_hp_loss":0.0,"gold_gain":0.0,"event_name":"WeMeetAgain","player_choice":"Paid Gold","floor":2.0,"gold_loss":104.0,"damage_taken":0.0,"relics_obtained":["Frozen Egg 2"]},{"damage_healed":0.0,"max_hp_gain":0.0,"max_hp_loss":0.0,"gold_gain":0.0,"event_name":"Scrap Ooze","player_choice":"Success","floor":4.0,"gold_loss":0.0,"damage_taken":11.0,"relics_obtained":["Oddly Smooth Stone"]},{"damage_healed":0.0,"max_hp_gain":0.0,"max_hp_loss":0.0,"gold_gain":0.0,"event_name":"Match and Keep!","player_choice":"1 cards matched","floor":12.0,"gold_loss":0.0,"damage_taken":0.0,"cards_obtained":["Barricade"]},{"damage_healed":0.0,"max_hp_gain":0.0,"max_hp_loss":0.0,"gold_gain":0.0,"event_name":"Addict","player_choice":"Obtained Relic","floor":20.0,"gold_loss":85.0,"damage_taken":0.0,"relics_obtained":["Red Skull"]},{"damage_healed":0.0,"max_hp_gain":0.0,"max_hp_loss":0.0,"gold_gain":50.0,"event_name":"Golden Shrine","player_choice":"Pray","floor":21.0,"gold_loss":0.0,"damage_taken":0.0},{"cards_removed":["Strike_R"],"damage_healed":0.0,"max_hp_gain":0.0,"max_hp_loss":0.0,"gold_gain":0.0,"event_name":"Beggar","player_choice":"Gave Gold","floor":31.0,"gold_loss":75.0,"damage_taken":0.0},{"damage_healed":0.0,"max_hp_gain":0.0,"max_hp_loss":0.0,"gold_gain":0.0,"event_name":"Duplicator","player_choice":"Copied","floor":36.0,"gold_loss":0.0,"damage_taken":0.0,"cards_obtained":["Offering"]},{"damage_healed":0.0,"max_hp_gain":0.0,"max_hp_loss":0.0,"gold_gain":0.0,"event_name":"MindBloom","player_choice":"Fight","floor":39.0,"gold_loss":0.0,"damage_taken":0.0},{"damage_healed":0.0,"max_hp_gain":0.0,"max_hp_loss":4.0,"gold_gain":0.0,"event_name":"Winding Halls","player_choice":"Max HP","floor":41.0,"gold_loss":0.0,"damage_taken":0.0},{"cards_removed":["Strike_R"],"damage_healed":0.0,"max_hp_gain":0.0,"max_hp_loss":0.0,"gold_gain":0.0,"event_name":"Falling","player_choice":"Removed Attack","floor":42.0,"gold_loss":0.0,"damage_taken":0.0}],"is_beta":false,"boss_relics":[{"not_picked":["Ectoplasm","SacredBark"],"picked":"Black Blood"},{"not_picked":["Calling Bell","Astrolabe"],"picked":"SlaversCollar"}],"items_purged_floors":[10,38,48],"is_endless":false,"potions_floor_spawned":[6,13,19,29,33,39,40],"ascension_level":20}}