{"host":"ci7ivtocgfxh0ueo","time":1609726934,"event":{"mods":["BaseMod","GifTheSpireLib","Minty Spire (QoL Compilation)","StSLib"],"gold_per_floor":[16,16,16,80,98,98,109,109,134,0,50,117,182,244,244,323,323,337,387,362,140,154,154,204,239,314,364,364],"floor_reached":27,"playtime":587,"items_purged":[],"score":413,"play_id":"f68dfc6e-f7e1-4432-b7fa-3dfe459cef92","local_time":"20210104102214","is_ascension_mode":true,"campfire_choices":[{"data":"Armaments","floor":6,"key":"SMITH"},{"data":"Combust","floor":8,"key":"SMITH"},{"data":"Deep Breath","floor":15,"key":"SMITH"},{"floor":23,"key":"REST"}],"circlet_count":0,"master_deck":["AscendersBane","Bash","Rampage","Combust+1","Armaments+1","Immolate","Rupture","Deep Breath+1","Whirlwind","Uppercut","Limit Break","Brutality","Bloodletting","Infernal Blade","Ghostly Armor","Perfected Strike","Corruption","Rupture","Dropkick","Battle Trance","Dropkick"],"relics":["Burning Blood","Magic Flower","SsserpentHead","Omamori","Pandora\u0027s Box","Regal Pillow","Happy Flower","Sundial"],"acts_visited":["Exordium","TheCity"],"potions_floor_usage":[14,16,16,22,25],"damage_taken":[{"damage":2,"enemies":"Cultist","floor":1,"turns":4},{"damage":6,"enemies":"2 Louse","floor":4,"turns":3},{"damage":11,"enemies":"Jaw Worm","floor":5,"turns":3},{"damage":4,"enemies":"2 Fungi Beasts","floor":7,"turns":4},{"damage":0,"enemies":"Exordium Wildlife","floor":12,"turns":1},{"damage":9,"enemies":"Red Slaver","floor":13,"turns":3},{"damage":1,"enemies":"Large Slime","floor":14,"turns":4},{"damage":54,"enemies":"The Guardian","floor":16,"turns":10},{"damage":6,"enemies":"Chosen","floor":18,"turns":4},{"damage":26,"enemies":"Spheric Guardian","floor":22,"turns":4},{"damage":47,"enemies":"Book of Stabbing","floor":25,"turns":5},{"damage":48,"enemies":"Cultist and Chosen","floor":27,"turns":3}],"seed_played":"-6529487655289154199","potions_obtained":[{"floor":4,"key":"Regen Potion"},{"floor":7,"key":"Energy Potion"},{"floor":14,"key":"CultistPotion"},{"floor":25,"key":"Strength Potion"}],"is_trial":false,"path_per_floor":["M","?","$","M","M","R","M","R","T","$","?","M","M","M","R","B",null,"M","?","?","$","M","R","?","E","T","M"],"character_chosen":"IRONCLAD","items_purchased":["Rupture","Deep Breath","Block Potion","Strength Potion","Regal Pillow"],"campfire_rested":1,"item_purchase_floors":[10,10,21,21,21],"current_hp_per_floor":[75,75,75,75,73,73,75,75,75,75,75,75,75,75,75,54,70,73,52,52,52,35,74,62,24,24,0,0],"gold":364,"neow_bonus":"ONE_RARE_RELIC","is_daily":false,"chose_seed":false,"campfire_upgraded":3,"win_rate":0.0,"timestamp":1609726934,"path_taken":["M","?","$","?","M","R","M","R","T","$","?","?","?","?","R","BOSS","M","?","?","?","M","R","?","E","T","?"],"items_purchased_type":["Card","Card","Potion","Potion","Relic"],"build_version":"2020-12-22","purchased_purges":0,"victory":false,"max_hp_per_floor":[75,75,75,75,75,75,75,75,75,75,75,75,75,75,75,75,75,75,80,80,80,80,80,80,80,80,80,80],"card_choices":[{"not_picked":["Warcry","Thunderclap"],"picked":"Rampage","floor":1},{"not_picked":["Rampage","Shrug It Off"],"picked":"Combust","floor":4},{"not_picked":["Sentinel","Thunderclap"],"picked":"Armaments","floor":5},{"not_picked":["Cleave","Shrug It Off"],"picked":"Immolate","floor":7},{"not_picked":["Shrug It Off","Iron Wave","Sword Boomerang"],"picked":"SKIP","floor":12},{"not_picked":["Sword Boomerang","True Grit"],"picked":"Whirlwind","floor":13},{"not_picked":["Anger","Heavy Blade"],"picked":"Uppercut","floor":14},{"not_picked":["Double Tap","Bludgeon"],"picked":"Limit Break","floor":16},{"not_picked":["Headbutt","Cleave"],"picked":"Battle Trance","floor":18},{"not_picked":["Anger","Burning Pact+1","True Grit"],"picked":"SKIP","floor":22},{"not_picked":["Limit Break","Sword Boomerang"],"picked":"Dropkick","floor":25}],"player_experience":1321148,"relics_obtained":[{"floor":9,"key":"Omamori"},{"floor":25,"key":"Happy Flower"},{"floor":26,"key":"Sundial"}],"event_choices":[{"damage_healed":0,"gold_gain":0,"player_choice":"Trade","damage_taken":0,"relics_obtained":["SsserpentHead"],"max_hp_gain":0,"max_hp_loss":0,"event_name":"FaceTrader","floor":2,"gold_loss":0},{"damage_healed":0,"gold_gain":0,"player_choice":"Got Potions","damage_taken":0,"max_hp_gain":0,"max_hp_loss":0,"event_name":"Lab","floor":11,"gold_loss":0},{"damage_healed":0,"gold_gain":0,"player_choice":"Shed Blood","damage_taken":26,"max_hp_gain":5,"max_hp_loss":0,"event_name":"Forgotten Altar","floor":19,"gold_loss":0},{"cards_removed":["Clothesline"],"damage_healed":0,"gold_gain":0,"player_choice":"Gave Gold","damage_taken":0,"max_hp_gain":0,"max_hp_loss":0,"event_name":"Beggar","floor":20,"gold_loss":75},{"damage_healed":0,"gold_gain":0,"player_choice":"Damaged","damage_taken":12,"max_hp_gain":0,"max_hp_loss":0,"event_name":"Wheel of Change","floor":24,"gold_loss":0}],"is_beta":false,"boss_relics":[{"not_picked":["Tiny House","Busted Crown"],"picked":"Pandora\u0027s Box"}],"items_purged_floors":[],"is_endless":false,"potions_floor_spawned":[4,7,13,14,25],"killed_by":"Cultist and Chosen","ascension_level":17}}