{"host":"yn1175etg9ni8l0q","time":1609785407,"event":{"mods":["AchievementEnabler","BaseMod","Colored Map","Colored Powertips","DeckTracker","Minty Spire (QoL Compilation)","Rare Cards Sparkle","Relic Stats","SuperFastMode","everything is the same but u backflip on backflip"],"gold_per_floor":[117,192,212,228,228,260,280,280,325,325,285,310,330,354,354,478,478,502,116,141,66,85,85,101,101,101,114,114,114,145,160,160,283,283,299,164,182,206,206,206,227,227,227,102,116,140,156,177,177,177,177],"floor_reached":50,"playtime":1394,"items_purged":["Strike_R","Strike_R","Defend_R"],"score":470,"play_id":"16144117-b7b6-4c24-b6d2-eae2891efb88","local_time":"20210105033647","is_ascension_mode":false,"campfire_choices":[{"floor":8,"key":"REST"},{"data":"Bludgeon","floor":15,"key":"SMITH"},{"data":"Bludgeon","floor":23,"key":"SMITH"},{"data":"Seeing Red","floor":25,"key":"SMITH"},{"data":"Impervious","floor":28,"key":"SMITH"},{"data":"Burning Pact","floor":32,"key":"SMITH"},{"data":"Shockwave","floor":40,"key":"SMITH"},{"data":"Secret Technique","floor":42,"key":"SMITH"},{"floor":49,"key":"RECALL"}],"circlet_count":0,"master_deck":["Strike_R+1","Defend_R","Defend_R+1","Defend_R","Bash","Headbutt","Bludgeon+1","Impervious+1","Bloodletting","Seeing Red+1","Inflame","Bludgeon+1","Body Slam","Master of Strategy","Thunderclap+1","True Grit+1","Dropkick+1","Power Through+1","Burning Pact+1","Corruption","Shockwave+1","Battle Trance","Warcry+1","Master of Strategy","Panacea","Secret Technique+1","Pommel Strike+1"],"relics":["Burning Blood","NeowsBlessing","Anchor","Odd Mushroom","Orichalcum","Golden Idol","Sozu","Omamori","Gremlin Horn","Tiny Chest","Philosopher\u0027s Stone"],"acts_visited":["Exordium","TheCity","TheBeyond"],"potions_floor_usage":[6,7,16,16,33,33],"damage_taken":[{"damage":0,"enemies":"Jaw Worm","floor":1,"turns":1},{"damage":0,"enemies":"Cultist","floor":3,"turns":1},{"damage":0,"enemies":"2 Louse","floor":4,"turns":1},{"damage":31,"enemies":"Lagavulin","floor":6,"turns":6},{"damage":17,"enemies":"The Mushroom Lair","floor":7,"turns":4},{"damage":3,"enemies":"Blue Slaver","floor":12,"turns":3},{"damage":2,"enemies":"Looter","floor":13,"turns":3},{"damage":3,"enemies":"3 Louse","floor":14,"turns":3},{"damage":15,"enemies":"The Guardian","floor":16,"turns":8},{"damage":7,"enemies":"2 Thieves","floor":18,"turns":3},{"damage":3,"enemies":"Chosen","floor":20,"turns":3},{"damage":0,"enemies":"Snecko","floor":22,"turns":2},{"damage":3,"enemies":"Chosen and Byrds","floor":24,"turns":3},{"damage":6,"enemies":"Snake Plant","floor":27,"turns":3},{"damage":28,"enemies":"Book of Stabbing","floor":30,"turns":4},{"damage":3,"enemies":"Cultist and Chosen","floor":31,"turns":4},{"damage":41,"enemies":"Collector","floor":33,"turns":4},{"damage":0,"enemies":"3 Shapes","floor":35,"turns":4},{"damage":1,"enemies":"Orb Walker","floor":37,"turns":2},{"damage":12,"enemies":"Maw","floor":38,"turns":6},{"damage":0,"enemies":"3 Darklings","floor":41,"turns":2},{"damage":0,"enemies":"4 Shapes","floor":45,"turns":4},{"damage":0,"enemies":"Transient","floor":46,"turns":5},{"damage":3,"enemies":"Sphere and 2 Shapes","floor":47,"turns":3},{"damage":3,"enemies":"Jaw Worm Horde","floor":48,"turns":2},{"damage":80,"enemies":"Awakened One","floor":50,"turns":6}],"seed_played":"8298108738726827508","potions_obtained":[{"floor":1,"key":"Explosive Potion"},{"floor":3,"key":"ColorlessPotion"},{"floor":11,"key":"SmokeBomb"},{"floor":11,"key":"LiquidBronze"},{"floor":11,"key":"CultistPotion"},{"floor":14,"key":"HeartOfIron"},{"floor":16,"key":"BlessingOfTheForge"}],"is_trial":false,"path_per_floor":["M","?","M","M","?","E","?","R","T","?","?","M","M","M","R","B",null,"M","$","M","?","M","R","M","R","T","M","R","?","E","M","R","B",null,"M","$","M","M","?","R","M","R","T","$","M","M","M","M","R","B"],"character_chosen":"IRONCLAD","items_purchased":["Omamori","Master of Strategy","Battle Trance"],"campfire_rested":1,"item_purchase_floors":[19,19,36],"current_hp_per_floor":[80,72,78,80,64,39,28,52,52,32,32,35,39,42,42,33,80,79,79,80,80,80,80,80,80,80,80,80,80,58,61,61,26,80,80,80,80,74,64,64,70,70,70,70,76,80,80,80,80,0,0],"gold":177,"neow_bonus":"THREE_ENEMY_KILL","is_daily":false,"chose_seed":false,"campfire_upgraded":7,"win_rate":0.0,"timestamp":1609785407,"path_taken":["M","?","M","?","?","E","?","R","T","?","?","M","M","?","R","BOSS","M","$","M","?","M","R","M","R","T","M","R","?","E","M","R","BOSS","M","$","M","M","?","R","M","R","T","$","M","M","M","M","R","BOSS"],"items_purchased_type":["Relic","Card","Card"],"build_version":"2020-12-22","purchased_purges":3,"victory":false,"max_hp_per_floor":[80,80,80,80,80,80,80,80,80,80,80,80,80,80,80,80,80,80,80,80,80,80,80,80,80,80,80,80,80,80,80,80,80,80,80,80,80,80,80,80,80,80,80,80,80,80,80,80,80,80,80],"relic_stats":{"Sozu":7,"Gremlin Horn":[15,17],"counters":[26,90],"Golden Idol":124,"Tiny Chest":0,"Orichalcum":[78],"obtain_stats":[{"Sozu":17,"Anchor":6,"NeowsBlessing":0,"Gremlin Horn":26,"Golden Idol":10,"Tiny Chest":30,"Philosopher\u0027s Stone":34,"Omamori":19,"Odd Mushroom":7,"Orichalcum":9,"Burning Blood":0},{"Sozu":9,"Anchor":4,"NeowsBlessing":0,"Gremlin Horn":13,"Golden Idol":5,"Tiny Chest":15,"Philosopher\u0027s Stone":17,"Omamori":10,"Odd Mushroom":5,"Orichalcum":5,"Burning Blood":0},{"Sozu":30,"Anchor":9,"NeowsBlessing":0,"Gremlin Horn":41,"Golden Idol":13,"Tiny Chest":48,"Philosopher\u0027s Stone":56,"Omamori":33,"Odd Mushroom":13,"Orichalcum":13,"Burning Blood":0}],"Burning Blood":110},"card_choices":[{"not_picked":["Intimidate","Heavy Blade","Perfected Strike"],"picked":"SKIP","floor":1},{"not_picked":["Thunderclap","Sentinel"],"picked":"Headbutt","floor":3},{"not_picked":["Seeing Red","Evolve"],"picked":"Bludgeon","floor":4},{"not_picked":["Blood for Blood","Intimidate"],"picked":"Impervious","floor":6},{"not_picked":["Body Slam","Shockwave"],"picked":"Bloodletting","floor":7},{"not_picked":["Evolve","Sword Boomerang"],"picked":"Seeing Red","floor":12},{"not_picked":["Flex","Clothesline","Perfected Strike"],"picked":"SKIP","floor":13},{"not_picked":["Blood for Blood","Clothesline"],"picked":"Inflame","floor":14},{"not_picked":["Brutality","Fiend Fire"],"picked":"Bludgeon","floor":16},{"not_picked":["Warcry","Metallicize"],"picked":"Body Slam","floor":18},{"not_picked":["Twin Strike","Heavy Blade"],"picked":"Thunderclap+1","floor":20},{"not_picked":["Perfected Strike","Havoc"],"picked":"True Grit+1","floor":22},{"not_picked":["Havoc","Clothesline+1","Demon Form"],"picked":"SKIP","floor":24},{"not_picked":["Heavy Blade","Twin Strike"],"picked":"Dropkick+1","floor":27},{"not_picked":["Clash","True Grit"],"picked":"Power Through+1","floor":30},{"not_picked":["Anger","Disarm+1"],"picked":"Burning Pact","floor":31},{"not_picked":["Bludgeon","Reaper"],"picked":"Corruption","floor":33},{"not_picked":["Clash","Perfected Strike+1"],"picked":"Shockwave","floor":35},{"not_picked":["Armaments+1","Cleave","Bloodletting"],"picked":"SKIP","floor":37},{"not_picked":["Battle Trance","Perfected Strike+1"],"picked":"Warcry+1","floor":38},{"not_picked":["Transmutation","Discovery"],"picked":"Master of Strategy","floor":39},{"not_picked":["Discovery","Good Instincts"],"picked":"Panacea","floor":39},{"not_picked":["Dark Shackles","Madness"],"picked":"Secret Technique","floor":39},{"not_picked":["Wild Strike","Heavy Blade","Body Slam+1"],"picked":"SKIP","floor":41},{"not_picked":["Wild Strike","Heavy Blade","Body Slam+1"],"picked":"SKIP","floor":41},{"not_picked":["Anger","Iron Wave+1","Wild Strike+1"],"picked":"SKIP","floor":45},{"not_picked":["Cleave+1","Thunderclap+1"],"picked":"Pommel Strike+1","floor":46},{"not_picked":["Clash+1","Warcry+1","Sever Soul+1"],"picked":"SKIP","floor":47},{"not_picked":["Warcry+1","Heavy Blade+1","Sword Boomerang+1"],"picked":"SKIP","floor":48}],"player_experience":303162,"relics_obtained":[{"floor":6,"key":"Anchor"},{"floor":7,"key":"Odd Mushroom"},{"floor":9,"key":"Orichalcum"},{"floor":26,"key":"Gremlin Horn"},{"floor":30,"key":"Tiny Chest"}],"event_choices":[{"damage_healed":0,"gold_gain":75,"player_choice":"Touch","damage_taken":8,"max_hp_gain":0,"max_hp_loss":0,"event_name":"FaceTrader","floor":2,"gold_loss":0},{"damage_healed":0,"gold_gain":0,"player_choice":"Entered Light","damage_taken":16,"max_hp_gain":0,"max_hp_loss":0,"event_name":"Shining Light","floor":5,"gold_loss":0,"cards_upgraded":["Strike_R","Defend_R"]},{"damage_healed":0,"gold_gain":0,"player_choice":"Fought Mushrooms","damage_taken":0,"max_hp_gain":0,"max_hp_loss":0,"event_name":"Mushrooms","floor":7,"gold_loss":0},{"damage_healed":0,"gold_gain":0,"player_choice":"Take Damage","damage_taken":20,"relics_obtained":["Golden Idol"],"max_hp_gain":0,"max_hp_loss":0,"event_name":"Golden Idol","floor":10,"gold_loss":0},{"damage_healed":0,"gold_gain":0,"player_choice":"Bought 3 Potions","damage_taken":0,"max_hp_gain":0,"max_hp_loss":0,"event_name":"The Woman in Blue","floor":11,"gold_loss":0},{"cards_removed":["Strike_R"],"damage_healed":0,"gold_gain":0,"player_choice":"Gave Gold","damage_taken":0,"max_hp_gain":0,"max_hp_loss":0,"event_name":"Beggar","floor":21,"gold_loss":75},{"cards_removed":["Strike_R"],"damage_healed":0,"gold_gain":0,"player_choice":"Elegance","damage_taken":0,"max_hp_gain":0,"max_hp_loss":0,"event_name":"Back to Basics","floor":29,"gold_loss":0},{"damage_healed":0,"gold_gain":0,"player_choice":"Memory 3","damage_taken":10,"max_hp_gain":0,"max_hp_loss":0,"event_name":"SensoryStone","floor":39,"gold_loss":0}],"is_beta":false,"boss_relics":[{"not_picked":["Busted Crown","Runic Cube"],"picked":"Sozu"},{"not_picked":["Tiny House","Black Star"],"picked":"Philosopher\u0027s Stone"}],"items_purged_floors":[19,36,44],"is_endless":false,"potions_floor_spawned":[1,3,14,16,20,27,35,38,46,47,48],"killed_by":"Awakened One","ascension_level":0}}