{"host":"t7mx8yfj1no5p62f","time":1609727644,"event":{"mods":["BaseMod","Colored Map","Colored Powertips","Minty Spire (QoL Compilation)","Relic Stats","StSLib"],"gold_per_floor":[113,32,32,32,45,84,84,100,100,116,155,155,171,190,190,190,190],"floor_reached":16,"playtime":335,"items_purged":[],"score":274,"play_id":"834ff81e-613c-43cc-bbd7-c704225c77c2","local_time":"20210103213404","is_ascension_mode":true,"campfire_choices":[{"data":"Skewer","floor":7,"key":"SMITH"},{"data":"Night Terror","floor":15,"key":"SMITH"}],"circlet_count":0,"master_deck":["AscendersBane","Strike_G","Strike_G","Strike_G","Defend_G","Defend_G","Defend_G","Defend_G","Defend_G","Survivor","Neutralize","Skewer+1","All Out Attack","Flying Knee","Backflip","Noxious Fumes","Dagger Spray","Night Terror+1","Choke","Sucker Punch"],"relics":["Ring of the Snake","NeowsBlessing","Golden Idol","HornCleat","Pantograph","Blood Vial"],"acts_visited":["Exordium"],"potions_floor_usage":[16,16],"damage_taken":[{"damage":0,"enemies":"Small Slimes","floor":1,"turns":1},{"damage":0,"enemies":"Jaw Worm","floor":5,"turns":1},{"damage":0,"enemies":"Lagavulin","floor":6,"turns":1},{"damage":0,"enemies":"Cultist","floor":8,"turns":2},{"damage":7,"enemies":"Looter","floor":10,"turns":4},{"damage":24,"enemies":"Gremlin Nob","floor":11,"turns":4},{"damage":29,"enemies":"Exordium Thugs","floor":13,"turns":7},{"damage":0,"enemies":"Exordium Wildlife","floor":14,"turns":3},{"damage":35,"enemies":"Slime Boss","floor":16,"turns":8}],"seed_played":"4368063616857385383","potions_obtained":[{"floor":1,"key":"SpeedPotion"},{"floor":5,"key":"Ancient Potion"}],"is_trial":false,"path_per_floor":["M","$","?","?","M","E","R","M","T","M","E","?","M","M","R","B"],"character_chosen":"THE_SILENT","items_purchased":["All Out Attack"],"campfire_rested":0,"item_purchase_floors":[2],"current_hp_per_floor":[59,59,59,59,59,59,59,59,59,52,28,28,1,3,3,0,0],"gold":190,"neow_bonus":"THREE_ENEMY_KILL","is_daily":false,"chose_seed":false,"campfire_upgraded":2,"win_rate":0.0,"timestamp":1609727644,"path_taken":["M","$","?","?","M","E","R","?","T","M","E","?","M","M","R","BOSS"],"items_purchased_type":["Card"],"build_version":"2020-12-22","purchased_purges":0,"victory":false,"max_hp_per_floor":[66,66,60,60,60,60,60,60,60,60,60,60,60,60,60,60,60],"relic_stats":{"Blood Vial":6,"counters":[9,31],"Golden Idol":32,"Pantograph":25,"obtain_stats":[{"Blood Vial":11,"HornCleat":6,"NeowsBlessing":0,"Golden Idol":3,"Pantograph":9,"Ring of the Snake":0},{"Blood Vial":6,"HornCleat":3,"NeowsBlessing":0,"Golden Idol":1,"Pantograph":4,"Ring of the Snake":0},{"Blood Vial":13,"HornCleat":3,"NeowsBlessing":0,"Golden Idol":1,"Pantograph":5,"Ring of the Snake":0}],"Ring of the Snake":[18]},"card_choices":[{"not_picked":["Concentrate","Acrobatics"],"picked":"Skewer","floor":1},{"not_picked":["Escape Plan","Deadly Poison"],"picked":"Flying Knee","floor":5},{"not_picked":["Skewer","Underhanded Strike"],"picked":"Backflip","floor":6},{"not_picked":["Dagger Spray","Cloak And Dagger"],"picked":"Noxious Fumes","floor":8},{"not_picked":["Outmaneuver","Storm of Steel"],"picked":"Dagger Spray","floor":10},{"not_picked":["Cloak And Dagger","Deadly Poison"],"picked":"Night Terror","floor":11},{"not_picked":["Deadly Poison","Flying Knee","Prepared"],"picked":"SKIP","floor":13},{"not_picked":["Deadly Poison","Malaise"],"picked":"Sucker Punch","floor":14}],"player_experience":1656903,"relics_obtained":[{"floor":6,"key":"HornCleat"},{"floor":9,"key":"Pantograph"},{"floor":11,"key":"Blood Vial"}],"event_choices":[{"damage_healed":0,"gold_gain":0,"player_choice":"Lose Max HP","damage_taken":0,"relics_obtained":["Golden Idol"],"max_hp_gain":0,"max_hp_loss":6,"event_name":"Golden Idol","floor":3,"gold_loss":0},{"cards_removed":["Strike_G"],"damage_healed":0,"gold_gain":0,"player_choice":"Purged","damage_taken":0,"max_hp_gain":0,"max_hp_loss":0,"event_name":"Purifier","floor":4,"gold_loss":0},{"damage_healed":0,"gold_gain":0,"cards_transformed":["Strike_G"],"player_choice":"Transformed","damage_taken":0,"max_hp_gain":0,"max_hp_loss":0,"event_name":"Transmorgrifier","floor":12,"gold_loss":0,"cards_obtained":["Choke"]}],"is_beta":false,"boss_relics":[],"items_purged_floors":[],"is_endless":false,"potions_floor_spawned":[1,5,10,11],"killed_by":"Slime Boss","ascension_level":20}}