{"host":"hfxp6ue4pvwo3fit","time":1609768167,"event":{"mods":["AchievementEnabler","BaseMod","Colored Map","Colored Powertips","Highlight Path","Minty Spire (QoL Compilation)","Relic Stats","StSLib","SuperFastMode"],"gold_per_floor":[119,119,130,205,216,216,232,232,232,232,282,139,139,160,160,160,160],"floor_reached":16,"playtime":316,"items_purged":[],"score":180,"play_id":"82785227-c25b-4e48-872c-1427ffd1307b","local_time":"20210104074927","is_ascension_mode":true,"campfire_choices":[{"data":"Bash","floor":6,"key":"SMITH"},{"floor":8,"key":"REST"},{"data":"Rupture","floor":10,"key":"SMITH"},{"data":"Havoc","floor":15,"key":"SMITH"}],"circlet_count":0,"master_deck":["AscendersBane","Strike_R","Strike_R","Strike_R","Strike_R","Strike_R","Defend_R","Defend_R","Defend_R","Defend_R","Bash+1","Twin Strike","Cleave","Rupture+1","Dark Embrace","True Grit","Havoc+1"],"relics":["Runic Cube","Bottled Flame","Golden Idol"],"acts_visited":["Exordium"],"potions_floor_usage":[7,16],"damage_taken":[{"damage":7,"enemies":"Small Slimes","floor":1,"turns":4},{"damage":10,"enemies":"2 Louse","floor":3,"turns":3},{"damage":6,"enemies":"Cultist","floor":5,"turns":3},{"damage":22,"enemies":"Large Slime","floor":7,"turns":6},{"damage":12,"enemies":"2 Fungi Beasts","floor":14,"turns":3},{"damage":34,"enemies":"Hexaghost","floor":16,"turns":8}],"seed_played":"-7237579400046724212","potions_obtained":[{"floor":1,"key":"AttackPotion"},{"floor":5,"key":"LiquidBronze"}],"is_trial":false,"path_per_floor":["M","?","M","?","M","R","M","R","T","R","?","$","?","M","R","B"],"character_chosen":"IRONCLAD","items_purchased":["Dark Embrace","True Grit"],"campfire_rested":1,"item_purchase_floors":[12,12],"current_hp_per_floor":[61,66,56,45,39,39,17,41,41,41,41,41,41,29,29,0,0],"gold":160,"neow_bonus":"BOSS_RELIC","is_daily":false,"chose_seed":false,"campfire_upgraded":3,"win_rate":0.0,"timestamp":1609768167,"path_taken":["M","?","M","?","M","R","M","R","T","R","?","?","?","M","R","BOSS"],"items_purchased_type":["Card","Card"],"build_version":"2020-12-22","purchased_purges":0,"victory":false,"max_hp_per_floor":[75,80,80,80,80,80,80,80,80,80,80,80,72,72,72,72,72],"relic_stats":{"counters":[6,27],"Golden Idol":4,"obtain_stats":[{"Bottled Flame":9,"Golden Idol":13,"Burning Blood":0,"Runic Cube":0},{"Bottled Flame":4,"Golden Idol":4,"Burning Blood":0,"Runic Cube":0},{"Bottled Flame":16,"Golden Idol":16,"Burning Blood":0,"Runic Cube":0}],"Runic Cube":[17]},"card_choices":[{"not_picked":["Metallicize","Battle Trance"],"picked":"Twin Strike","floor":1},{"not_picked":["True Grit","Twin Strike"],"picked":"Cleave","floor":3},{"not_picked":["Flex","Dual Wield","Havoc"],"picked":"SKIP","floor":5},{"not_picked":["Clash","Body Slam"],"picked":"Rupture","floor":7},{"not_picked":["Thunderclap","Headbutt"],"picked":"Havoc","floor":14}],"player_experience":473238,"relics_obtained":[{"floor":9,"key":"Bottled Flame"}],"event_choices":[{"damage_healed":0,"gold_gain":0,"player_choice":"Donut","damage_taken":0,"max_hp_gain":5,"max_hp_loss":0,"event_name":"Big Fish","floor":2,"gold_loss":0},{"damage_healed":0,"gold_gain":75,"player_choice":"Gather Gold","damage_taken":11,"max_hp_gain":0,"max_hp_loss":0,"event_name":"World of Goop","floor":4,"gold_loss":0},{"damage_healed":0,"gold_gain":50,"player_choice":"Gained Gold","damage_taken":0,"max_hp_gain":0,"max_hp_loss":0,"event_name":"Golden Wing","floor":11,"gold_loss":0},{"damage_healed":0,"gold_gain":0,"player_choice":"Lose Max HP","damage_taken":0,"relics_obtained":["Golden Idol"],"max_hp_gain":0,"max_hp_loss":8,"event_name":"Golden Idol","floor":13,"gold_loss":0}],"is_beta":false,"boss_relics":[],"items_purged_floors":[],"is_endless":false,"potions_floor_spawned":[1,5],"killed_by":"Hexaghost","ascension_level":20}}