{"host":"ifw7cdx76lcpw3w9","time":1609733852,"event":{"mods":["AchievementEnabler","Act Like it!","BaseMod","Downfall","Friendly Minions","Minty Spire (QoL Compilation)","StSLib"],"gold_per_floor":[99,109,19,19,38,73,97,113,113,113,141,153,153,187,199,300,300,300,319,334,347,363,174,225,225,225,225,225],"floor_reached":26,"playtime":3261,"items_purged":["Guardian:Defend_Guardian"],"score":239,"play_id":"064d3a23-f45c-47f8-ad1b-de0150345f8b","local_time":"20210103211732","is_ascension_mode":true,"campfire_choices":[{"floor":1,"key":"RECALL"},{"data":"Guardian:ArmoredProtocol","floor":9,"key":"SMITH"}],"circlet_count":0,"master_deck":["Guardian:Strike_Guardian","Guardian:Strike_Guardian+1","Guardian:Strike_Guardian+1","Guardian:Defend_Guardian","Guardian:Defend_Guardian","Guardian:CurlUp","Guardian:TwinSlam","Guardian:Planning","Guardian:Recover","Guardian:RollAttack","Guardian:ArmoredProtocol+1","Guardian:Gem_Red","Guardian:Gem_Blue","Guardian:FierceBash","Guardian:PrismaticBarrier","Guardian:BaubleBeam","Guardian:Gem_Orange","Guardian:Gem_White","Guardian:Orbwalk+1","Guardian:DonusPower","Guardian:CrystalBeam","expansioncontent:DecasProtection","Guardian:Gem_Purple"],"relics":["Guardian:ModeShifter","Ice Cream","Bronze Scales","Guardian:PickAxe","Whetstone","Eternal Feather","Philosopher\u0027s Stone"],"acts_visited":["Exordium","TheCity"],"potions_floor_usage":[11,11,16,16,22],"damage_taken":[{"damage":0,"enemies":"2 Louse","floor":2,"turns":3},{"damage":5,"enemies":"downfall:FleeingMerchant","floor":3,"turns":4},{"damage":0,"enemies":"Cultist","floor":5,"turns":3},{"damage":20,"enemies":"3 Sentries","floor":6,"turns":8},{"damage":0,"enemies":"Small Slimes","floor":8,"turns":3},{"damage":7,"enemies":"Small Slimes","floor":10,"turns":4},{"damage":12,"enemies":"Gremlin Nob","floor":11,"turns":5},{"damage":0,"enemies":"Red Slaver","floor":12,"turns":3},{"damage":13,"enemies":"Lagavulin","floor":14,"turns":6},{"damage":4,"enemies":"Exordium Thugs","floor":15,"turns":3},{"damage":6,"enemies":"downfall:Ironclad","floor":16,"turns":8},{"damage":0,"enemies":"3 Byrds","floor":19,"turns":3},{"damage":4,"enemies":"Centurion and Healer","floor":20,"turns":6},{"damage":8,"enemies":"Snake Plant","floor":21,"turns":3},{"damage":0,"enemies":"Cultist and Chosen","floor":22,"turns":5},{"damage":10,"enemies":"downfall:FleeingMerchant","floor":23,"turns":4},{"damage":67,"enemies":"Gremlin Leader","floor":26,"turns":8}],"seed_played":"-1578226781987145902","potions_obtained":[{"floor":4,"key":"Guardian:StasisDiscoveryPotion"},{"floor":4,"key":"LiquidBronze"},{"floor":4,"key":"Regen Potion"},{"floor":5,"key":"hexamod:EctoCoolerPotion"},{"floor":15,"key":"Guardian:DefensiveModePotion"},{"floor":20,"key":"Block Potion"}],"is_trial":false,"path_per_floor":["R","M","$","?","M","E","T","M","R","?","E","M","?","E","M","B",null,"R","M","M","M","M","$","T","?","E"],"character_chosen":"GUARDIAN","items_purchased":["expansioncontent:DecasProtection","Guardian:Gem_Purple"],"campfire_rested":0,"item_purchase_floors":[23,23],"current_hp_per_floor":[80,80,75,75,75,55,55,55,55,42,42,42,42,29,25,19,80,80,80,76,68,68,58,58,58,0,0,0],"gold":225,"neow_bonus":"REMOVE_CARD","is_daily":false,"chose_seed":false,"campfire_upgraded":1,"win_rate":0.0,"timestamp":1609733852,"path_taken":["R","M","$","?","M","E","T","?","R","?","E","M","?","E","M","BOSS","R","M","M","M","M","$","T","?","E"],"items_purchased_type":["Card","Card"],"build_version":"2020-12-22","purchased_purges":1,"victory":false,"max_hp_per_floor":[80,80,80,80,80,80,80,80,80,80,80,80,80,80,80,80,80,80,80,80,80,80,80,80,80,80,80,80],"card_choices":[{"not_picked":["Guardian:CrystalBeam","Guardian:WalkerClaw"],"picked":"Guardian:Planning","floor":2},{"not_picked":["Guardian:Suspension","Guardian:PolyBeam"],"picked":"Guardian:Recover","floor":3},{"not_picked":["Guardian:CrystalBeam","Guardian:Gem_Lightblue"],"picked":"Guardian:RollAttack","floor":5},{"not_picked":["Guardian:Suspension","Guardian:Gem_Crimson"],"picked":"Guardian:ArmoredProtocol","floor":6},{"not_picked":["Guardian:Preprogram","Guardian:ChargeCore"],"picked":"Guardian:Gem_Lightblue","floor":8},{"not_picked":["Guardian:Planning","Guardian:Incinerate","Guardian:RollAttack"],"picked":"SKIP","floor":11},{"not_picked":["Guardian:PolyBeam","Guardian:PrimingBeam"],"picked":"Guardian:Gem_Blue","floor":12},{"not_picked":["Guardian:WalkerClaw","Guardian:TemporalStrike"],"picked":"Guardian:FierceBash","floor":14},{"not_picked":["Guardian:Harden","Guardian:Planning"],"picked":"Guardian:PrismaticBarrier","floor":15},{"not_picked":["Guardian:StasisField","Guardian:AncientConstruct"],"picked":"Guardian:BaubleBeam","floor":16},{"not_picked":["Guardian:Gem_Cyan","Guardian:Gem_Blue"],"picked":"Guardian:Orbwalk+1","floor":19},{"not_picked":["Guardian:TemporalStrike","Guardian:Clone"],"picked":"Guardian:DonusPower","floor":20},{"not_picked":["Guardian:TemporalStrike","Guardian:BaubleBeam"],"picked":"Guardian:CrystalBeam","floor":21},{"not_picked":["Guardian:TemporalStrike","Guardian:RollAttack+1","Guardian:ChargeCore"],"picked":"SKIP","floor":22},{"not_picked":["Guardian:ChargeCore+1","Guardian:ChargeUp","Guardian:BronzeOrb+1"],"picked":"SKIP","floor":23}],"player_experience":64894,"relics_obtained":[{"floor":6,"key":"Ice Cream"},{"floor":7,"key":"Bronze Scales"},{"floor":11,"key":"Whetstone"},{"floor":14,"key":"Eternal Feather"}],"event_choices":[{"damage_healed":0,"gold_gain":0,"player_choice":"Got Potions","damage_taken":0,"max_hp_gain":0,"max_hp_loss":0,"event_name":"Lab","floor":4,"gold_loss":0},{"cards_removed":["Guardian:Strike_Guardian"],"damage_healed":0,"gold_gain":0,"player_choice":"Purged","damage_taken":0,"max_hp_gain":0,"max_hp_loss":0,"event_name":"Purifier","floor":13,"gold_loss":0},{"damage_healed":0,"gold_gain":0,"player_choice":"Ignored","damage_taken":0,"max_hp_gain":0,"max_hp_loss":0,"event_name":"Vampires","floor":25,"gold_loss":0}],"is_beta":false,"boss_relics":[{"not_picked":["Tiny House","Calling Bell"],"picked":"Philosopher\u0027s Stone"}],"items_purged_floors":[3],"is_endless":false,"potions_floor_spawned":[5,6,8,15,20],"killed_by":"Gremlin Leader","ascension_level":1}}