{"host":"lvhfn8l5bvc4nolx","time":1609759375,"event":{"mods":["AchievementEnabler","BaseMod","Colored Map","Keyboard Shortcuts","Minty Spire (QoL Compilation)","Permanent Neow","Quick Restart","SuperFastMode"],"gold_per_floor":[137,137,189,209,241,241,313,313,313,358,358,51,68,112,112,209,209,225,54,89,100,100,160,160,160,160,190,42,53,80,80,80,178,178,193,193,68,86,86,86,115,115,138,138,153,3,3,39,39,39],"floor_reached":51,"playtime":1280,"items_purged":["Strike_P","Strike_P","Defend_P","Defend_P"],"score":1396,"play_id":"cde6e55f-ccb7-42ff-8b81-b17f5dc9007d","local_time":"20210104202255","is_ascension_mode":true,"campfire_choices":[{"data":"Eruption","floor":6.0,"key":"SMITH"},{"data":"HandOfGreed","floor":8.0,"key":"SMITH"},{"floor":15,"key":"REST"},{"data":"Brilliance","floor":25,"key":"SMITH"},{"data":"Devotion","floor":32,"key":"SMITH"},{"data":"WheelKick","floor":40,"key":"SMITH"},{"data":"Vigilance","floor":44,"key":"SMITH"},{"data":"CrushJoints","floor":49,"key":"SMITH"}],"circlet_count":0,"master_deck":["Strike_P","Strike_P","Defend_P","Defend_P","Eruption+1","Vigilance+1","HandOfGreed+1","Consecrate","CrushJoints+1","FearNoEvil","FlurryOfBlows","WheelKick+1","Dark Shackles+1","Apotheosis+1","Prostrate+1","Worship+1","InnerPeace+1","Brilliance+1","Flash of Steel","Omniscience+1","Prostrate+1","Pray+1","Ghostly+1","Ghostly+1","Ghostly+1","Ghostly+1","Ghostly+1","Evaluate+1","Devotion+1","DeusExMachina+1","Pray+1","Good Instincts+1","FollowUp+1","Worship+1","Doubt","SashWhip+1"],"relics":["PureWater","Boot","Torii","Toxic Egg 2","Coffee Dripper","Nilry\u0027s Codex","Letter Opener","StrikeDummy","Orichalcum","Centennial Puzzle","VioletLotus","Incense Burner","Ancient Tea Set"],"acts_visited":["Exordium","TheCity","TheBeyond"],"potions_floor_usage":[16,16,30,48],"damage_taken":[{"damage":6.0,"enemies":"2 Louse","floor":1.0,"turns":3.0},{"damage":0.0,"enemies":"Small Slimes","floor":3.0,"turns":3.0},{"damage":0.0,"enemies":"Cultist","floor":4.0,"turns":2.0},{"damage":3.0,"enemies":"Looter","floor":5.0,"turns":2.0},{"damage":27.0,"enemies":"3 Sentries","floor":7.0,"turns":8.0},{"damage":13.0,"enemies":"Large Slime","floor":10.0,"turns":5.0},{"damage":0,"enemies":"Blue Slaver","floor":13,"turns":2},{"damage":7,"enemies":"3 Louse","floor":14,"turns":2},{"damage":0,"enemies":"Hexaghost","floor":16,"turns":2},{"damage":0,"enemies":"Chosen","floor":18,"turns":3},{"damage":6,"enemies":"Spheric Guardian","floor":20,"turns":3},{"damage":17,"enemies":"Snake Plant","floor":21,"turns":2},{"damage":6,"enemies":"Book of Stabbing","floor":23,"turns":3},{"damage":3,"enemies":"Slavers","floor":27,"turns":6},{"damage":0,"enemies":"Snecko","floor":29,"turns":5},{"damage":0,"enemies":"Gremlin Leader","floor":30,"turns":5},{"damage":0,"enemies":"Champ","floor":33,"turns":7},{"damage":22,"enemies":"Orb Walker","floor":35,"turns":3},{"damage":0,"enemies":"3 Darklings","floor":38,"turns":1},{"damage":0,"enemies":"Reptomancer","floor":41,"turns":4},{"damage":0,"enemies":"Writhing Mass","floor":45,"turns":6},{"damage":2,"enemies":"Sphere and 2 Shapes","floor":48,"turns":5},{"damage":0,"enemies":"Awakened One","floor":50,"turns":10}],"seed_played":"-7957418412510450168","potions_obtained":[{"floor":4.0,"key":"LiquidBronze"},{"floor":5.0,"key":"EssenceOfSteel"},{"floor":10.0,"key":"Ancient Potion"},{"floor":14,"key":"SkillPotion"},{"floor":16,"key":"SteroidPotion"},{"floor":18,"key":"SpeedPotion"},{"floor":23,"key":"Swift Potion"},{"floor":35,"key":"Weak Potion"},{"floor":48,"key":"Fruit Juice"}],"is_trial":false,"path_per_floor":["M","?","M","M","M","R","E","R","T","M","?","$","M","M","R","B",null,"M","$","M","M","?","E","?","R","T","E","$","M","E","?","R","B",null,"M","?","$","M","?","R","E","?","T","R","M","$","?","M","R","B",null],"character_chosen":"WATCHER","items_purchased":["Apotheosis+1","Prostrate+1","Worship+1","Flash of Steel","Evaluate+1"],"campfire_rested":1,"item_purchase_floors":[12,12,12,19,28],"current_hp_per_floor":[59,56,56,56,53,53,26,26,26,13,13,13,13,6,25,25,55,55,55,49,32,16,10,10,10,10,7,7,7,7,7,7,7,26,4,4,4,4,4,4,4,4,4,4,4,4,30,33,33,33],"gold":39,"neow_bonus":"RANDOM_COLORLESS_2","is_daily":false,"chose_seed":false,"campfire_upgraded":7,"win_rate":0.0,"timestamp":1609759375,"path_taken":["M","?","M","M","M","R","E","R","T","M","?","$","M","M","R","BOSS","M","$","?","M","?","E","?","R","T","E","$","M","E","?","R","BOSS","M","?","$","M","?","R","E","?","T","R","M","$","?","M","R","BOSS"],"items_purchased_type":["Card","Card","Card","Card","Card"],"build_version":"2020-12-22","purchased_purges":4,"victory":true,"max_hp_per_floor":[65,65,65,65,65,65,65,65,65,65,65,65,65,65,65,65,65,65,65,65,65,65,65,32,32,32,32,32,32,32,32,32,32,32,32,32,32,32,32,32,32,30,30,30,30,30,30,35,35,35],"card_choices":[{"not_picked":["Magnetism","Panache"],"picked":"HandOfGreed","floor":0.0},{"not_picked":["FlyingSleeves","Nirvana"],"picked":"Consecrate","floor":1.0},{"not_picked":["ThirdEye","WaveOfTheHand","ClearTheMind"],"picked":"SKIP","floor":3.0},{"not_picked":["ConjureBlade","LikeWater"],"picked":"CrushJoints","floor":4.0},{"not_picked":["FlurryOfBlows","FollowUp"],"picked":"FearNoEvil","floor":5.0},{"not_picked":["Wallop","Vengeance"],"picked":"FlurryOfBlows","floor":7.0},{"not_picked":["CrushJoints","CutThroughFate"],"picked":"WheelKick","floor":10.0},{"not_picked":["FlyingSleeves","Halt+1","Evaluate+1"],"picked":"SKIP","floor":13},{"not_picked":["FollowUp","WheelKick"],"picked":"InnerPeace+1","floor":14},{"not_picked":["SpiritShield+1","Blasphemy+1"],"picked":"Brilliance","floor":16},{"not_picked":["Halt+1","SashWhip","Evaluate+1"],"picked":"SKIP","floor":18},{"not_picked":["CrushJoints","CutThroughFate"],"picked":"Omniscience+1","floor":20},{"not_picked":["Collect+1","SashWhip"],"picked":"Prostrate+1","floor":21},{"not_picked":["CutThroughFate+1","Consecrate"],"picked":"Pray+1","floor":23},{"not_picked":["SashWhip","Vengeance+1","WreathOfFlame+1"],"picked":"SKIP","floor":27},{"not_picked":["CarveReality+1","Collect+1","EmptyBody+1"],"picked":"SKIP","floor":29},{"not_picked":["JustLucky","BowlingBash+1"],"picked":"Devotion","floor":30},{"not_picked":["Alpha+1","MasterReality"],"picked":"DeusExMachina+1","floor":33},{"not_picked":["ClearTheMind+1","JustLucky","Tantrum+1"],"picked":"SKIP","floor":35},{"not_picked":["WaveOfTheHand+1","BattleHymn"],"picked":"Pray+1","floor":38},{"not_picked":["Dark Shackles+1","The Bomb+1"],"picked":"Good Instincts+1","floor":39},{"not_picked":["EmptyFist","LikeWater"],"picked":"FollowUp+1","floor":41},{"not_picked":["EmptyBody+1","LikeWater"],"picked":"Worship+1","floor":45},{"not_picked":["EmptyFist+1","Protect+1"],"picked":"SashWhip+1","floor":48}],"player_experience":372545,"relics_obtained":[{"floor":7.0,"key":"Torii"},{"floor":9.0,"key":"Toxic Egg 2"},{"floor":22,"key":"Nilry\u0027s Codex"},{"floor":23,"key":"Letter Opener"},{"floor":26,"key":"StrikeDummy"},{"floor":27,"key":"Orichalcum"},{"floor":30,"key":"Centennial Puzzle"},{"floor":41,"key":"Incense Burner"},{"floor":43,"key":"Ancient Tea Set"}],"event_choices":[{"damage_healed":0.0,"max_hp_gain":0.0,"max_hp_loss":0.0,"gold_gain":0.0,"event_name":"Scrap Ooze","player_choice":"Success","floor":2.0,"gold_loss":0.0,"damage_taken":3.0,"relics_obtained":["Boot"]},{"damage_healed":0.0,"max_hp_gain":0.0,"max_hp_loss":0.0,"gold_gain":0.0,"event_name":"Match and Keep!","player_choice":"1 cards matched","floor":11.0,"gold_loss":0.0,"damage_taken":0.0,"cards_obtained":["Dark Shackles"]},{"damage_healed":0,"gold_gain":0,"player_choice":"Obtained Book","damage_taken":16,"max_hp_gain":0,"max_hp_loss":0,"event_name":"Cursed Tome","floor":22,"gold_loss":0},{"damage_healed":0,"gold_gain":0,"player_choice":"Became a Ghost","damage_taken":0,"max_hp_gain":0,"max_hp_loss":33,"event_name":"Ghosts","floor":24,"gold_loss":0,"cards_obtained":["Ghostly","Ghostly","Ghostly","Ghostly","Ghostly"]},{"damage_healed":0,"gold_gain":0,"player_choice":"Ignored","damage_taken":0,"max_hp_gain":0,"max_hp_loss":0,"event_name":"Vampires","floor":31,"gold_loss":0},{"damage_healed":0,"gold_gain":0,"player_choice":"Ignored","damage_taken":0,"max_hp_gain":0,"max_hp_loss":0,"event_name":"Tomb of Lord Red Mask","floor":36,"gold_loss":0},{"damage_healed":0,"gold_gain":0,"player_choice":"Memory 1","damage_taken":0,"max_hp_gain":0,"max_hp_loss":0,"event_name":"SensoryStone","floor":39,"gold_loss":0},{"damage_healed":0,"gold_gain":0,"player_choice":"Max HP","damage_taken":0,"max_hp_gain":0,"max_hp_loss":2,"event_name":"Winding Halls","floor":42,"gold_loss":0},{"damage_healed":26,"gold_gain":0,"player_choice":"Heal","damage_taken":0,"max_hp_gain":0,"max_hp_loss":0,"event_name":"MindBloom","floor":47,"gold_loss":0,"cards_obtained":["Doubt"]}],"is_beta":false,"boss_relics":[{"not_picked":["Snecko Eye","Pandora\u0027s Box"],"picked":"Coffee Dripper"},{"not_picked":["Runic Dome","Sozu"],"picked":"VioletLotus"}],"items_purged_floors":[19,28,37,46],"is_endless":false,"potions_floor_spawned":[4,5,10,14,16,18,21,23,35,41,48],"ascension_level":7}}