{"host":"640uue19m79c7wbt","time":1609804340,"event":{"mods":["BaseMod","Colored Map","Googly Eyes","Highlight Path","Minty Spire (QoL Compilation)","Quick Restart","StSLib"],"gold_per_floor":[118,193,193,193,269,269,309,309,309,334,334,358,6,19,19,139,139,158,176,176,176,176],"floor_reached":21,"playtime":720,"items_purged":["Strike_G"],"score":283,"play_id":"dad338c6-1a8f-4c10-bb18-4a45b3740e27","local_time":"20210104185220","is_ascension_mode":true,"campfire_choices":[{"data":"Neutralize","floor":6.0,"key":"SMITH"},{"data":"Tools of the Trade","floor":8.0,"key":"SMITH"},{"floor":11.0,"key":"REST"},{"floor":15,"key":"REST"}],"circlet_count":0,"master_deck":["Strike_G+1","Strike_G","Strike_G+1","Strike_G","Defend_G","Defend_G","Defend_G","Defend_G","Defend_G","Survivor","Neutralize+1","Calculated Gamble","Tools of the Trade+1","Blade Dance","Concentrate","Well Laid Plans","Bullet Time","Caltrops+1"],"relics":["Ring of the Snake","NeowsBlessing","Golden Idol","The Courier","Du-Vu Doll","Bottled Lightning","Gambling Chip","Runic Pyramid"],"acts_visited":["Exordium","TheCity"],"potions_floor_usage":[16,18],"damage_taken":[{"damage":0.0,"enemies":"Small Slimes","floor":1.0,"turns":1.0},{"damage":0.0,"enemies":"3 Sentries","floor":7.0,"turns":1.0},{"damage":0.0,"enemies":"2 Louse","floor":10.0,"turns":1.0},{"damage":0.0,"enemies":"Cultist","floor":12.0,"turns":3.0},{"damage":3,"enemies":"Red Slaver","floor":14,"turns":4},{"damage":27,"enemies":"Slime Boss","floor":16,"turns":10},{"damage":32,"enemies":"Chosen","floor":18,"turns":7},{"damage":21,"enemies":"Spheric Guardian","floor":19,"turns":5},{"damage":5,"enemies":"Chosen and Byrds","floor":21,"turns":4}],"seed_played":"3953724795553872337","potions_obtained":[{"floor":10.0,"key":"Fire Potion"},{"floor":16,"key":"Swift Potion"},{"floor":18,"key":"DuplicationPotion"}],"is_trial":false,"path_per_floor":["M","?","?","?","T","R","E","R","T","M","R","M","$","M","R","B",null,"M","M","?","M"],"character_chosen":"THE_SILENT","items_purchased":["Gambling Chip","Well Laid Plans"],"campfire_rested":2,"item_purchase_floors":[13,13],"current_hp_per_floor":[63,52,35,21,21,21,21,21,21,21,42,42,42,39,60,33,61,29,8,31,26,26],"gold":176,"neow_bonus":"THREE_ENEMY_KILL","is_daily":false,"chose_seed":false,"campfire_upgraded":2,"win_rate":0.0,"timestamp":1609804340,"path_taken":["M","?","?","?","?","R","E","R","T","M","R","M","$","M","R","BOSS","M","M","?","M"],"items_purchased_type":["Relic","Card"],"build_version":"2020-12-22","purchased_purges":1,"victory":false,"max_hp_per_floor":[70,70,70,70,70,70,70,70,70,70,70,70,70,70,70,70,70,70,70,70,70,70],"card_choices":[{"not_picked":["Flying Knee","Prepared"],"picked":"Calculated Gamble","floor":1.0},{"not_picked":["Flying Knee","Infinite Blades"],"picked":"Tools of the Trade","floor":7.0},{"not_picked":["PiercingWail","Finisher"],"picked":"Blade Dance","floor":10.0},{"not_picked":["Outmaneuver","Backflip"],"picked":"Concentrate","floor":12},{"not_picked":["Backflip","Sucker Punch","Heel Hook"],"picked":"SKIP","floor":14},{"not_picked":["A Thousand Cuts","Adrenaline"],"picked":"Bullet Time","floor":16},{"not_picked":["Sucker Punch","Quick Slash","Bane+1"],"picked":"SKIP","floor":18},{"not_picked":["Escape Plan","Bane"],"picked":"Caltrops+1","floor":19}],"player_experience":571374,"relics_obtained":[{"floor":5.0,"key":"The Courier"},{"floor":7.0,"key":"Du-Vu Doll"},{"floor":9.0,"key":"Bottled Lightning"}],"event_choices":[{"damage_healed":0.0,"max_hp_gain":0.0,"max_hp_loss":0.0,"gold_gain":75.0,"event_name":"World of Goop","player_choice":"Gather Gold","floor":2.0,"gold_loss":0.0,"damage_taken":11.0},{"damage_healed":0.0,"max_hp_gain":0.0,"max_hp_loss":0.0,"gold_gain":0.0,"event_name":"Golden Idol","player_choice":"Take Damage","floor":3.0,"gold_loss":0.0,"damage_taken":17.0,"relics_obtained":["Golden Idol"]},{"damage_healed":0.0,"max_hp_gain":0.0,"max_hp_loss":0.0,"gold_gain":0.0,"event_name":"Shining Light","player_choice":"Entered Light","floor":4.0,"gold_loss":0.0,"damage_taken":14.0,"cards_upgraded":["Strike_G","Strike_G"]},{"damage_healed":23,"gold_gain":0,"player_choice":"Heal","damage_taken":0,"max_hp_gain":0,"max_hp_loss":0,"event_name":"The Library","floor":20,"gold_loss":0}],"is_beta":false,"boss_relics":[{"not_picked":["HoveringKite","WristBlade"],"picked":"Runic Pyramid"}],"items_purged_floors":[13],"is_endless":false,"potions_floor_spawned":[10,16,18],"killed_by":"Chosen and Byrds","ascension_level":8}}