{"host":"1eo5f82aifdzd7pr","time":1609794978,"event":{"mods":["AchievementEnabler","BaseMod","Colored Map","Colored Powertips","DeckTracker","Marisa????????","Minty Spire (QoL Compilation)","StSLib","SuperFastMode"],"gold_per_floor":[118,135,148,159,171,171,197,197,220,248,248,248,146,171,171,291,291,310,310,334,334,348,348,382,382,382,398,423,423,338,359,359,489,489,502,835,835,835],"floor_reached":37,"playtime":1752,"items_purged":["Strike_R"],"score":449,"play_id":"43c72571-e20a-4e12-b150-ccda58ad2ecd","local_time":"20210104231618","is_ascension_mode":false,"campfire_choices":[{"data":"Pommel Strike","floor":6.0,"key":"SMITH"},{"data":"Bash","floor":8.0,"key":"SMITH"},{"data":"Battle Trance","floor":11.0,"key":"SMITH"},{"floor":15.0,"key":"REST"},{"data":"Feed","floor":23.0,"key":"SMITH"},{"data":"Offering","floor":25.0,"key":"SMITH"},{"data":"Feel No Pain","floor":29.0,"key":"SMITH"},{"floor":32.0,"key":"REST"}],"circlet_count":0,"master_deck":["Strike_R","Strike_R","Strike_R","Strike_R","Defend_R","Defend_R","Defend_R","Defend_R","Bash+1","Offering+1","Pommel Strike+1","Battle Trance+1","Armaments+1","Ghostly Armor+1","Feed+1","True Grit+1","Shrug It Off+1","Seeing Red+1","Feel No Pain+1","Shrug It Off+1","Demon Form"],"relics":["Burning Blood","Toxic Egg 2","Pen Nib","Tiny Chest","Sozu","MutagenicStrength","Bag of Preparation","Self Forming Clay","PreservedInsect","White Beast Statue","Snecko Eye"],"acts_visited":["Exordium","TheCity","TheBeyond"],"potions_floor_usage":[],"damage_taken":[{"damage":6.0,"enemies":"Cultist","floor":1.0,"turns":3.0},{"damage":7.0,"enemies":"Jaw Worm","floor":2.0,"turns":3.0},{"damage":11.0,"enemies":"Small Slimes","floor":3.0,"turns":3.0},{"damage":10.0,"enemies":"Blue Slaver","floor":4.0,"turns":6.0},{"damage":11.0,"enemies":"Exordium Wildlife","floor":5.0,"turns":2.0},{"damage":23.0,"enemies":"3 Sentries","floor":7.0,"turns":9.0},{"damage":24.0,"enemies":"Lagavulin","floor":10.0,"turns":3.0},{"damage":3.0,"enemies":"2 Fungi Beasts","floor":14.0,"turns":3.0},{"damage":36.0,"enemies":"Hexaghost","floor":16.0,"turns":11.0},{"damage":6.0,"enemies":"Shell Parasite","floor":18.0,"turns":6.0},{"damage":6.0,"enemies":"2 Thieves","floor":20.0,"turns":3.0},{"damage":28.0,"enemies":"Sentry and Sphere","floor":22.0,"turns":8.0},{"damage":13.0,"enemies":"Slavers","floor":24.0,"turns":8.0},{"damage":12.0,"enemies":"Snecko","floor":27.0,"turns":5.0},{"damage":6.0,"enemies":"Centurion and Healer","floor":31.0,"turns":4.0},{"damage":79.0,"enemies":"Automaton","floor":33.0,"turns":18.0},{"damage":9.0,"enemies":"3 Shapes","floor":35.0,"turns":5.0},{"damage":0,"enemies":"Orb Walker","floor":37,"turns":1}],"seed_played":"-8996082168227473323","potions_obtained":[{"floor":2.0,"key":"SkillPotion"},{"floor":3.0,"key":"SteroidPotion"},{"floor":7.0,"key":"PowerPotion"},{"floor":10.0,"key":"FearPotion"},{"floor":14.0,"key":"Swift Potion"}],"is_trial":false,"path_per_floor":["M","M","M","M","M","R","E","R","T","E","R","?","$","M","R","B",null,"M","?","M","?","M","R","E","R","T","M","T","R","?","M","R","B",null,"M","?","M"],"character_chosen":"IRONCLAD","items_purchased":["Armaments+1"],"campfire_rested":2,"item_purchase_floors":[13],"current_hp_per_floor":[80,79,74,70,65,65,48,48,48,30,30,10,10,13,37,7,80,84,84,87,87,69,69,66,66,66,64,64,64,64,68,98,29,107,108,108,108,108],"gold":835,"neow_bonus":"ONE_RANDOM_RARE_CARD","is_daily":false,"chose_seed":false,"campfire_upgraded":6,"win_rate":0.0,"timestamp":1609794978,"path_taken":["M","M","M","M","M","R","E","R","T","E","R","?","$","M","R","BOSS","M","?","M","?","M","R","E","R","T","M","?","R","?","M","R","BOSS","M","?","M"],"items_purchased_type":["Card"],"build_version":"2020-12-22","purchased_purges":1,"victory":false,"max_hp_per_floor":[80,80,80,80,80,80,80,80,80,80,80,80,80,80,80,80,80,84,84,87,87,91,91,95,95,95,99,99,99,99,103,103,107,107,111,111,111,111],"card_choices":[{"not_picked":["Armaments","Ghostly Armor"],"picked":"Pommel Strike","floor":1.0},{"not_picked":["Searing Blow","Rage","Havoc"],"picked":"SKIP","floor":2.0},{"not_picked":["Infernal Blade","Cleave"],"picked":"Battle Trance","floor":3.0},{"not_picked":["Thunderclap","Headbutt","Rupture"],"picked":"SKIP","floor":4.0},{"not_picked":["Flex","Wild Strike","Searing Blow"],"picked":"SKIP","floor":5.0},{"not_picked":["Flex+1","Sword Boomerang","Armaments+1"],"picked":"SKIP","floor":7.0},{"not_picked":["Rage+1","Dual Wield+1","Warcry+1"],"picked":"SKIP","floor":10.0},{"not_picked":["Warcry+1","Sword Boomerang"],"picked":"Ghostly Armor+1","floor":14.0},{"not_picked":["Limit Break+1","Impervious+1"],"picked":"Feed","floor":16.0},{"not_picked":["Searing Blow","Iron Wave"],"picked":"True Grit+1","floor":18.0},{"not_picked":["Body Slam","Berserk","Havoc+1"],"picked":"SKIP","floor":20.0},{"not_picked":["Entrench+1","Warcry+1"],"picked":"Shrug It Off+1","floor":22.0},{"not_picked":["Anger","Clothesline"],"picked":"Seeing Red+1","floor":24.0},{"not_picked":["Fire Breathing","Heavy Blade"],"picked":"Feel No Pain","floor":27.0},{"not_picked":["Armaments+1","Cleave+1"],"picked":"Shrug It Off+1","floor":31.0},{"not_picked":["Exhume+1","Impervious+1"],"picked":"Demon Form","floor":33.0},{"not_picked":["Carnage","Heavy Blade+1","Twin Strike"],"picked":"SKIP","floor":35.0}],"player_experience":795045,"relics_obtained":[{"floor":7.0,"key":"Toxic Egg 2"},{"floor":9.0,"key":"Pen Nib"},{"floor":10.0,"key":"Tiny Chest"},{"floor":24.0,"key":"Bag of Preparation"},{"floor":26.0,"key":"Self Forming Clay"},{"floor":28.0,"key":"PreservedInsect"}],"event_choices":[{"damage_healed":0.0,"max_hp_gain":0.0,"max_hp_loss":0.0,"gold_gain":0.0,"event_name":"Golden Idol","player_choice":"Take Damage","floor":12.0,"gold_loss":0.0,"damage_taken":20.0,"relics_obtained":["Golden Idol"]},{"damage_healed":0.0,"max_hp_gain":0.0,"max_hp_loss":0.0,"gold_gain":0.0,"event_name":"Drug Dealer","player_choice":"Inject Mutagens","floor":19.0,"gold_loss":0.0,"damage_taken":0.0,"relics_obtained":["MutagenicStrength"]},{"damage_healed":0.0,"max_hp_gain":0.0,"max_hp_loss":0.0,"gold_gain":0.0,"event_name":"The Woman in Blue","player_choice":"Bought 0 Potions","floor":21.0,"gold_loss":0.0,"damage_taken":0.0},{"damage_healed":0.0,"max_hp_gain":0.0,"max_hp_loss":0.0,"gold_gain":0.0,"event_name":"Addict","player_choice":"Obtained Relic","floor":30.0,"gold_loss":85.0,"damage_taken":0.0,"relics_obtained":["White Beast Statue"]},{"damage_healed":0.0,"max_hp_gain":0.0,"max_hp_loss":0.0,"gold_gain":333.0,"event_name":"The Moai Head","player_choice":"Gave Idol","floor":36.0,"relics_lost":["Golden Idol"],"gold_loss":0.0,"damage_taken":0.0}],"is_beta":false,"boss_relics":[{"not_picked":["Fusion Hammer","Tiny House"],"picked":"Sozu"},{"not_picked":["SlaversCollar","Runic Pyramid"],"picked":"Snecko Eye"}],"items_purged_floors":[13],"is_endless":false,"potions_floor_spawned":[2,3,7,10,14,22,31,33,35],"killed_by":"Orb Walker","ascension_level":0}}