{"host":"11x7bwb6uta9qxyq","time":1609793503,"event":{"mods":["Act Like it!","BaseMod","Colored Powertips","Colorless Booster Pack","Conjunction","Conspire","Custom Cards and Relics","Dota2Spire","Elementarium","Energized Spire","Friendly Minions","FruityMod","Gensokyo","GifTheSpireLib","Halation","Hallownest","Hubris","Hyrulean Relics","Infinite Spire","Jedi Mod","Menagerie","Minty Spire (QoL Compilation)","Permanent Neow","Replay The Spire","SOS???????","Shop Mod","Small Relic Pack","Spicy Shops","StSLib","Stuff the Spire","The Animator","The Blue Laboratory","The Exalted","The Factory","Thieving Mod","Trackpad","vexMod"],"gold_per_floor":[28,43,59,78,98,98,108,108,108,134,59,59,96,96,96,199,224,240,269,86,99,114,166,176,176,226,236,249,249,249,239,239,368,393,412,437,437,451,451,451,15,25,50,85,123,123,202,202,202,202],"floor_reached":51,"playtime":5303,"items_purged":["animator:Strike"],"score":706,"play_id":"2239e364-17dd-4fd1-9def-2156e2099586","local_time":"20210104145143","is_ascension_mode":false,"campfire_choices":[{"data":"animator:KyokoSakura","floor":6.0,"key":"SMITH"},{"data":"animator:Mikaela","floor":8.0,"key":"SMITH"},{"data":"animator:Kyubey","floor":12.0,"key":"SMITH"},{"data":"animator:GoblinSlayer","floor":15.0,"key":"SMITH"},{"data":"animator:Yoichi","floor":25,"key":"SMITH"},{"floor":30,"key":"REST"},{"data":"animator:Mikaela","floor":32,"key":"SMITH"},{"data":"animator:Kyubey","floor":40,"key":"SMITH"},{"floor":46,"key":"REST"},{"data":"animator:Yoichi","floor":48,"key":"SMITH"},{"data":"animator:Elesis","floor":49,"key":"SMITH"}],"circlet_count":0,"master_deck":["animator:Strike_OwariNoSeraph","animator:Defend_OwariNoSeraph","animator:Strike+1","animator:Defend","animator:Defend","animator:Shinoa","animator:Mikaela+1","animator:Shigure","animator:Alexander","animator:KyokoSakura+1","animator:Kyubey+1","animator:GoblinSlayer+1","animator:Gilgamesh+10","animator:HiiragiShinya","animator:Mitsuba","animator:Mitsuba","animator:Shinoa+1","animator:Chung","animator:Yoichi+1","animator:Shinoa+1","animator:Mikaela+1","animator:Mitsuba","Elementarium:GildedEssence","animator:Kyubey+1","Conjunction:Offense","Conjunction:Defense","animator:Elesis+1","animator:Kira","animator:GoblinSlayer","animator:YachiyoNanami+1","ReplayTheSpireMod:Splinters","animator:Yoichi+1"],"relics":["animator:LivingPicture","animator:TheMissingPiece","Gambling Chip","Paper Crane","StuffTheSpire:MayFlowers","halation:LostSnail","jedi:arcanewood","hubris:ToyBattleship","Dota2Spire:RefresherOrb","Elementarium:ElementariumTrophy","StuffTheSpire:RunicConfusion","hubris:Towel","Conjunction:SoulLantern","halation:Jellyphish","MerchantsRug","infinitespire:Bottled Soul","relicPack:DarknessArmor"],"acts_visited":["Menagerie:Menagerie","Elementarium:Elementarium","TheBeyond"],"potions_floor_usage":[21,24,44,47],"damage_taken":[{"damage":0.0,"enemies":"Menagerie:StygianBoar","floor":1.0,"turns":3.0},{"damage":1.0,"enemies":"Menagerie:WhisperingWraith","floor":2.0,"turns":3.0},{"damage":0.0,"enemies":"Menagerie:2_RABBITS","floor":3.0,"turns":3.0},{"damage":6.0,"enemies":"Menagerie:EntropyWarlock","floor":4.0,"turns":5.0},{"damage":7.0,"enemies":"Menagerie:DREAD_MOTH_AND_GRAFTED_WORMS","floor":5.0,"turns":4.0},{"damage":0.0,"enemies":"Menagerie:KEEPER_AND_YOUNG_SUNEATER","floor":7.0,"turns":5.0},{"damage":9.0,"enemies":"Menagerie:MaskedSummoner","floor":10.0,"turns":5.0},{"damage":19.0,"enemies":"Menagerie:VoidReaper","floor":13.0,"turns":5.0},{"damage":4.0,"enemies":"Menagerie:Chimera","floor":16.0,"turns":7.0},{"damage":4,"enemies":"Elementarium:2_ELEMENTALS","floor":18,"turns":3},{"damage":13,"enemies":"Elementarium:Cyclone","floor":19,"turns":5},{"damage":6,"enemies":"Elementarium:STONE_GOLEMS","floor":21,"turns":4},{"damage":3,"enemies":"Elementarium:Hydrostalker","floor":22,"turns":7},{"damage":10,"enemies":"Elementarium:WarGolem","floor":23,"turns":5},{"damage":10,"enemies":"Elementarium:VoidBeast","floor":24,"turns":4},{"damage":0,"enemies":"Elementarium:3_ELEMENTALS","floor":27,"turns":4},{"damage":3,"enemies":"Elementarium:VOID_CORRUPTION_AND_TAR_GOLEM","floor":28,"turns":6},{"damage":0,"enemies":"Elementarium:GolemEmperor","floor":33,"turns":12},{"damage":0,"enemies":"3 Shapes","floor":35,"turns":4},{"damage":2,"enemies":"3 Darklings","floor":38,"turns":4},{"damage":0,"enemies":"Maw","floor":42,"turns":7},{"damage":9,"enemies":"Writhing Mass","floor":44,"turns":5},{"damage":18,"enemies":"Jaw Worm Horde","floor":45,"turns":5},{"damage":7,"enemies":"Awakened One","floor":50,"turns":10}],"seed_played":"1590944449249750483","potions_obtained":[{"floor":1.0,"key":"SteroidPotion"},{"floor":4.0,"key":"blueLaboratory:CorrosionFlask"},{"floor":10.0,"key":"LiquidMemories"},{"floor":16.0,"key":"Swift Potion"},{"floor":19,"key":"blueLaboratory:BottleOfRum"},{"floor":21,"key":"Swift Potion"},{"floor":24,"key":"Languid Potion"},{"floor":27,"key":"jedi:mysterypotion"},{"floor":44,"key":"blueLaboratory:BottleOfVodka"},{"floor":45,"key":"BlessingOfTheForge"},{"floor":47,"key":"Toxic Potion"}],"is_trial":false,"path_per_floor":["M","M","M","M","M","R","M","R","T","E","$","R","E","?","R","B",null,"M","M","$","M","M","E","M","R","T","M","M","?","R","?","R","B",null,"M","?","AVR","M","?","R","$","M","T","M","M","R","?","R","R","B",null],"character_chosen":"THE_ANIMATOR","items_purchased":["halation:LostSnail","jedi:arcanewood","halation:Jellyphish","animator:Elesis","MerchantsRug","animator:Kira"],"campfire_rested":2,"item_purchase_floors":[20,20,41,41,41,41],"current_hp_per_floor":[66,65,65,59,52,52,52,52,52,43,43,43,24,19,19,20,66,62,49,49,44,46,36,26,26,26,26,26,26,41,41,41,47,51,51,51,51,49,49,49,49,51,51,45,27,42,42,42,42,55],"gold":202,"neow_bonus":"ONE_RARE_RELIC","is_daily":false,"chose_seed":false,"campfire_upgraded":9,"win_rate":0.0,"timestamp":1609793503,"path_taken":["M","M","M","M","M","R","M","R","T","E","$","R","E","?","R","BOSS","M","M","$","M","M","E","M","R","T","M","M","?","?","?","R","BOSS","M","?","AVR","M","?","R","?","M","T","M","?","?","?","?","R","BOSS"],"items_purchased_type":["Relic","Relic","Relic","Card","Relic","Card"],"build_version":"2020-12-22","purchased_purges":1,"victory":true,"max_hp_per_floor":[66,66,66,66,66,66,66,66,66,66,66,66,66,66,66,66,66,66,66,66,67,67,67,67,67,67,67,67,51,51,51,51,51,51,51,51,51,51,51,51,51,51,51,51,51,51,51,51,51,65],"card_choices":[{"not_picked":["animator:Sloth","animator:Arpeggio"],"picked":"animator:Shigure","floor":1.0},{"not_picked":["animator:TukaLunaMarceau","animator:Pride"],"picked":"animator:Alexander","floor":2.0},{"not_picked":["animator:LizardPriest","animator:Berserker","animator:Mikaela"],"picked":"SKIP","floor":3.0},{"not_picked":["animator:LizardPriest","animator:ShinjiMatou"],"picked":"animator:KyokoSakura","floor":5.0},{"not_picked":["animator:Eve","animator:IrohaTamaki","animator:Illya"],"picked":"SKIP","floor":7.0},{"not_picked":["animator:YaoHaDucy","animator:Yoichi"],"picked":"animator:Kyubey","floor":10.0},{"not_picked":["animator:Kyubey","animator:Guren"],"picked":"animator:GoblinSlayer","floor":13.0},{"not_picked":["animator:Rider","animator:SakuraMatou"],"picked":"animator:Lancer","floor":13.0},{"not_picked":["animator:Saber","animator:MadokaKaname"],"picked":"animator:Gilgamesh","floor":16.0},{"not_picked":["animator:HiiragiShinya","animator:Arpeggio"],"picked":"animator:Shinoa+1","floor":18},{"not_picked":["animator:Raven","animator:TukaLunaMarceau"],"picked":"animator:Chung","floor":19},{"not_picked":["animator:CrowleyEusford+1","animator:YaoHaDucy+1"],"picked":"animator:Yoichi","floor":21},{"not_picked":["animator:Elsword","animator:YuiTsuruno"],"picked":"animator:Shinoa+1","floor":23},{"not_picked":["animator:OrikoMikuni+1","animator:IrohaTamaki"],"picked":"animator:Mikaela","floor":24},{"not_picked":["animator:DwarfShaman","animator:RinTohsaka","animator:Ain"],"picked":"SKIP","floor":27},{"not_picked":["animator:Yoichi","animator:KrulTepes"],"picked":"animator:Mitsuba","floor":28},{"not_picked":["animator:HomuraAkemi","animator:PinaCoLada"],"picked":"animator:Kyubey","floor":33},{"not_picked":["animator:Ciel","animator:Alexander","animator:Mitsuba+1"],"picked":"SKIP","floor":35},{"not_picked":["animator:Ara","animator:Witch+1","animator:ElricEdward+1"],"picked":"SKIP","floor":38},{"not_picked":["animator:RoyMustang+1","animator:Bozes+1","animator:Caster"],"picked":"SKIP","floor":42},{"not_picked":["animator:KyokoSakura","animator:YuiTsuruno+1"],"picked":"animator:GoblinSlayer","floor":44},{"not_picked":["animator:YuiTsuruno","animator:Lancer"],"picked":"animator:YachiyoNanami+1","floor":45},{"not_picked":["animator:KyokoSakura","animator:Laby"],"picked":"animator:Yoichi","floor":47}],"player_experience":163254,"relics_obtained":[{"floor":9.0,"key":"Paper Crane"},{"floor":10.0,"key":"StuffTheSpire:MayFlowers"},{"floor":13.0,"key":"conspire:GiftBox"},{"floor":23,"key":"Boot"},{"floor":26,"key":"hubris:ToyBattleship"},{"floor":43,"key":"infinitespire:Bottled Soul"},{"floor":47,"key":"relicPack:DarknessArmor"}],"event_choices":[{"damage_healed":0.0,"max_hp_gain":0.0,"max_hp_loss":5.0,"gold_gain":0.0,"event_name":"Menagerie:HarrowingRitual","player_choice":"Accept","floor":14.0,"gold_loss":0.0,"damage_taken":0.0,"cards_upgraded":["animator:Strike"]},{"damage_healed":0,"gold_gain":0,"player_choice":"Toss","damage_taken":0,"max_hp_gain":0,"max_hp_loss":0,"event_name":"Elementarium:OnrushingOffering","floor":31,"gold_loss":10,"cards_obtained":["Elementarium:GildedEssence"]}],"is_beta":false,"boss_relics":[{"not_picked":["vexMod:RockOfEvil","conspire:SlowCooker"],"picked":"animator:RacePiece"},{"not_picked":["StuffTheSpire:ModemDavis","energizedSpire:SpiderWeb"],"picked":"StuffTheSpire:RunicConfusion"}],"items_purged_floors":[11],"is_endless":false,"potions_floor_spawned":[1,4,10,16,19,21,22,24,27,35,44,45],"ascension_level":0}}