{"host":"yecadp3kwkksam5a","time":1609755245,"event":{"mods":["BaseMod","Minty Spire (QoL Compilation)","Replay The Spire","StSLib","The Jungle"],"gold_per_floor":[119,129,129,54,54,83,118,118,118,151,163,63,63,88,88,186,186,196,196,196],"floor_reached":19,"playtime":565,"items_purged":["Perfected Strike","Sword Boomerang"],"score":479,"play_id":"9b45e5d7-c3ad-4be5-8953-b7bc8c434622","local_time":"20210104191405","daily_mods":["Draft","Flight"],"is_ascension_mode":true,"campfire_choices":[{"data":"Headbutt","floor":15,"key":"PURGE"}],"circlet_count":0,"master_deck":["AscendersBane","Blood for Blood","Cleave","Dual Wield","Clash","Dropkick","Seeing Red","Dark Embrace","Shrug It Off","Flame Barrier","Iron Wave","Replay:Undeath\u0027s Touch","Pommel Strike","Inflame","Corruption","Dropkick","Offering"],"relics":["Burning Blood","NeowsBlessing","Lizard Tail","Gambling Chip","NeowsBlessing","Pear","ReplayTheSpireMod:Ninjato","NeowsBlessing","ReplayFunnel","Philosopher\u0027s Stone"],"acts_visited":["Exordium","theJungle:Jungle"],"potions_floor_usage":[],"damage_taken":[{"damage":0,"enemies":"2 Louse","floor":1,"turns":3},{"damage":0,"enemies":"Jaw Worm","floor":2,"turns":3},{"damage":0,"enemies":"3 Sentries","floor":6,"turns":1},{"damage":0,"enemies":"Lagavulin","floor":7,"turns":1},{"damage":0,"enemies":"3 Sentries","floor":10,"turns":1},{"damage":0,"enemies":"Cultist","floor":11,"turns":1},{"damage":0,"enemies":"Lagavulin","floor":14,"turns":1},{"damage":0,"enemies":"Slime Boss","floor":16,"turns":1},{"damage":0,"enemies":"theJungle:Flameango_and_Byrd","floor":18,"turns":1}],"seed_played":"1495324143463989743","potions_obtained":[{"floor":1,"key":"Regen Potion"},{"floor":6,"key":"Explosive Potion"},{"floor":10,"key":"ElixirPotion"}],"is_trial":true,"path_per_floor":["M","M","WH","$","WH","E","E","WH","T","E","M","$","WH","E","R","B",null,"M","WH"],"character_chosen":"IRONCLAD","items_purchased":[],"campfire_rested":0,"item_purchase_floors":[],"current_hp_per_floor":[78,80,88,88,88,88,88,88,98,98,98,98,98,98,98,98,98,98,98,98],"gold":196,"neow_bonus":"THREE_ENEMY_KILL","is_daily":false,"chose_seed":false,"campfire_upgraded":0,"win_rate":0.0,"timestamp":1609755245,"path_taken":["M","M","WH","$","WH","E","E","WH","T","E","M","$","WH","E","R","BOSS","M","WH"],"items_purchased_type":[],"build_version":"2020-12-22","purchased_purges":2,"victory":false,"max_hp_per_floor":[80,80,88,88,88,88,88,88,98,98,98,98,98,98,98,98,98,98,98,98],"card_choices":[{"not_picked":["Headbutt","Anger"],"picked":"Blood for Blood","floor":0},{"not_picked":["Havoc","Reckless Charge"],"picked":"Cleave","floor":0},{"not_picked":["Heavy Blade","Cleave"],"picked":"Dual Wield","floor":0},{"not_picked":["ReplayReversal","Twin Strike"],"picked":"Clash","floor":0},{"not_picked":["Warcry","Run Through"],"picked":"Perfected Strike","floor":0},{"not_picked":["Thunderclap","Clash"],"picked":"Dropkick","floor":0},{"not_picked":["Clothesline","Thunderclap"],"picked":"Seeing Red","floor":0},{"not_picked":["ReplayTheSpireMod:Limb From Limb","Replay:Undeath\u0027s Touch"],"picked":"Dark Embrace","floor":0},{"not_picked":["Blood for Blood","Seeing Red"],"picked":"Shrug It Off","floor":0},{"not_picked":["Massacre","Cleave"],"picked":"Headbutt","floor":0},{"not_picked":["Body Slam","Headbutt"],"picked":"Flame Barrier","floor":0},{"not_picked":["Seeing Red","Warcry"],"picked":"Iron Wave","floor":0},{"not_picked":["Flex","True Grit"],"picked":"Replay:Undeath\u0027s Touch","floor":0},{"not_picked":["Hemokinesis","Twin Strike"],"picked":"Sword Boomerang","floor":0},{"not_picked":["Pummel","Run Through"],"picked":"Pommel Strike","floor":0},{"not_picked":["Havoc","Heavy Blade","Clash"],"picked":"SKIP","floor":1},{"not_picked":["Metallicize","Sentinel","Iron Wave"],"picked":"SKIP","floor":2},{"not_picked":["Pommel Strike","Demon Form"],"picked":"Inflame","floor":6},{"not_picked":["Heavy Blade","Sword Boomerang"],"picked":"Corruption","floor":7},{"not_picked":["Havoc","Twin Strike","Rampage"],"picked":"SKIP","floor":10},{"not_picked":["ReplayTheSpireMod:Strike From Hell","Headbutt"],"picked":"Dropkick","floor":11},{"not_picked":["Rupture","Run Through","Eclipse"],"picked":"SKIP","floor":14},{"not_picked":["Bludgeon","Immolate"],"picked":"Offering","floor":16},{"not_picked":["Replay:Undeath\u0027s Touch","Iron Wave","Wild Strike"],"picked":"SKIP","floor":18}],"player_experience":354136,"relics_obtained":[{"floor":6,"key":"Lizard Tail"},{"floor":7,"key":"Gambling Chip"},{"floor":9,"key":"Pear"},{"floor":10,"key":"ReplayTheSpireMod:Ninjato"},{"floor":14,"key":"ReplayFunnel"}],"event_choices":[],"is_beta":false,"boss_relics":[{"not_picked":["Replay:Drink Me","ChewingGum"],"picked":"Philosopher\u0027s Stone"}],"items_purged_floors":[4,12],"is_endless":false,"potions_floor_spawned":[1,6,10,11,16],"ascension_level":11}}