{"host":"ygfasg9u7olr7skw","time":1609793661,"event":{"mods":["AchievementEnabler","BaseMod","Better Note","Better Vampires","Colored Powertips","Minty Spire (QoL Compilation)","Replay The Spire","Spicy Shops","StSLib","The IronCluck"],"gold_per_floor":[115,15,31,106,120,120,135,135,135,170,25,51,51,51,51,149,149,162,162,24,24,35,35,64,64,64,64,64],"floor_reached":27,"playtime":1632,"items_purged":["Injury","Strike_B"],"score":277,"play_id":"40b3f74e-1030-4392-9233-dc35ddd4fad6","local_time":"20210104155421","is_ascension_mode":true,"campfire_choices":[{"floor":6,"key":"REST"},{"floor":13,"key":"REST"},{"data":"Defragment","floor":15,"key":"SMITH"},{"floor":23,"key":"REST"},{"floor":25,"key":"REST"}],"circlet_count":0,"master_deck":["Strike_B","Strike_B","Strike_B","Defend_B","Defend_B","Defend_B","Defend_B","Zap","Dualcast","Cold Snap+1","Defragment+1","FIFO Queue","Mirror Shield","Glacier","Chaos","Clumsy"],"relics":["Cracked Core","Darkstone Periapt","ReplayTheSpireMod:Ring of Challenge","Garlic","Replay:Grab Bag","Cursed Key","Velvet Choker","SlaversCollar","SsserpentHead","Orichalcum","TungstenRod"],"acts_visited":["Exordium","TheCity"],"potions_floor_usage":[],"damage_taken":[{"damage":0,"enemies":"Cultist","floor":1,"turns":3},{"damage":13,"enemies":"Small Slimes","floor":3,"turns":3},{"damage":4,"enemies":"Jaw Worm","floor":5,"turns":4},{"damage":7,"enemies":"Looter","floor":7,"turns":3},{"damage":14,"enemies":"3 Louse","floor":10,"turns":4},{"damage":20,"enemies":"Gremlin Nob","floor":12,"turns":5},{"damage":12,"enemies":"Hexaghost","floor":16,"turns":16},{"damage":1,"enemies":"Shell Parasite","floor":18,"turns":7},{"damage":18,"enemies":"3 Byrds","floor":22,"turns":7},{"damage":8,"enemies":"Book of Stabbing","floor":24,"turns":8},{"damage":109,"enemies":"Gremlin Leader","floor":27,"turns":11}],"seed_played":"-8087047974744958091","potions_obtained":[{"floor":3,"key":"Dexterity Potion"},{"floor":10,"key":"LiquidMemories"},{"floor":12,"key":"Ancient Potion"}],"is_trial":false,"path_per_floor":["M","$","M","?","M","R","M","?","T","M","$","E","R","?","R","B",null,"M","?","$","?","M","R","E","R","T","E"],"character_chosen":"DEFECT","items_purchased":["Darkstone Periapt","FIFO Queue","Glacier"],"campfire_rested":4,"item_purchase_floors":[2,11,20],"current_hp_per_floor":[82,88,75,64,60,86,79,79,79,65,65,45,71,71,71,59,88,87,70,70,70,52,79,71,93,99,0,0],"gold":64,"neow_bonus":"TEN_PERCENT_HP_BONUS","is_daily":false,"chose_seed":false,"campfire_upgraded":1,"win_rate":0.0,"timestamp":1609793661,"path_taken":["M","$","M","?","M","R","M","?","T","M","?","E","R","?","R","BOSS","M","?","$","?","M","R","E","R","T","E"],"items_purchased_type":["Relic","Card","Card"],"build_version":"2020-12-22","purchased_purges":2,"victory":false,"max_hp_per_floor":[82,88,88,88,88,88,88,88,88,88,88,88,88,88,88,88,88,88,93,93,93,93,93,93,93,99,99,99],"card_choices":[{"not_picked":["Conserve Battery","Beam Cell","Steam"],"picked":"SKIP","floor":1},{"not_picked":["Loop","Auto Shields"],"picked":"Cold Snap","floor":3},{"not_picked":["Conserve Battery","Turbo"],"picked":"Defragment","floor":5},{"not_picked":["Rip and Tear","Skim","ReplayTheSpireMod:System Scan"],"picked":"SKIP","floor":7},{"not_picked":["Stack","Scrape","Sweeping Beam"],"picked":"SKIP","floor":10},{"not_picked":["Fusion","Lockon"],"picked":"Mirror Shield","floor":12},{"not_picked":["Rebound","FIFO Queue","Hologram+1"],"picked":"SKIP","floor":18},{"not_picked":["Steam","Loop+1"],"picked":"Chaos","floor":22},{"not_picked":["ReplayTheSpireMod:System Scan","Streamline","Steam Power"],"picked":"SKIP","floor":24}],"player_experience":209324,"relics_obtained":[{"floor":8,"key":"ReplayTheSpireMod:Ring of Challenge"},{"floor":9,"key":"Garlic"},{"floor":24,"key":"Orichalcum"},{"floor":26,"key":"TungstenRod"}],"event_choices":[{"damage_healed":0,"gold_gain":75,"player_choice":"Gather Gold","damage_taken":11,"max_hp_gain":0,"max_hp_loss":0,"event_name":"World of Goop","floor":4,"gold_loss":0},{"damage_healed":0,"gold_gain":0,"player_choice":"Shed Blood","damage_taken":22,"max_hp_gain":5,"max_hp_loss":0,"event_name":"Forgotten Altar","floor":19,"gold_loss":0},{"damage_healed":0,"gold_gain":0,"player_choice":"Trade","damage_taken":0,"relics_obtained":["SsserpentHead"],"max_hp_gain":0,"max_hp_loss":0,"event_name":"FaceTrader","floor":21,"gold_loss":0}],"is_beta":false,"boss_relics":[{"not_picked":["Nuclear Battery","Sozu"],"picked":"Replay:Grab Bag"},{"not_picked":["Runic Dome","ReplayTheSpireMod:DimensionalGlitch"],"picked":"Cursed Key"},{"not_picked":["Busted Crown","Fusion Hammer"],"picked":"Velvet Choker"},{"not_picked":["Ring of Chaos","Snecko Eye"],"picked":"SlaversCollar"}],"items_purged_floors":[11,20],"is_endless":false,"potions_floor_spawned":[3,10,12,16,22],"killed_by":"Gremlin Leader","ascension_level":2}}