{"host":"eryfehc3mia1cukk","time":1609797441,"event":{"mods":["AchievementEnabler","Ascension Unlocker","BaseMod","Better Third Choice","Colored Map","Highlight Path","Jorbs\u0027s Wanderer Trilogy","Minty Spire (QoL Compilation)","Relic Stats","StSLib"],"gold_per_floor":[114,124,138,138,155,193,193,223,223,253,10,10,21,35,35,109,109,129,154,154,154,154,154],"floor_reached":22,"playtime":1037,"items_purged":[],"score":382,"play_id":"20a7b8bc-f564-486c-b0f2-bebf692180a0","local_time":"20210104165721","is_ascension_mode":true,"campfire_choices":[{"data":"1","floor":7.0,"key":"LIFT"},{"data":"2","floor":15,"key":"LIFT"}],"circlet_count":0,"master_deck":["AscendersBane","stsjorbsmod:ForbiddenGrimoire+1","stsjorbsmod:Strike_Wanderer","stsjorbsmod:Strike_Wanderer","stsjorbsmod:Strike_Wanderer","stsjorbsmod:Defend_Wanderer","stsjorbsmod:Defend_Wanderer","stsjorbsmod:Defend_Wanderer","stsjorbsmod:Defend_Wanderer","stsjorbsmod:FreshAdventure","stsjorbsmod:EyeOfTheStorm","stsjorbsmod:ChainLightning","stsjorbsmod:TrueStrike+1","stsjorbsmod:DeathThroes","stsjorbsmod:FracturedMind","stsjorbsmod:Prestidigitation","stsjorbsmod:Counterspell+1","stsjorbsmod:RayOfFrost","stsjorbsmod:TollTheDead","stsjorbsmod:DisguiseSelf","stsjorbsmod:Patron","stsjorbsmod:Withdraw","stsjorbsmod:LocateObject","stsjorbsmod:Mania"],"relics":["stsjorbsmod:GrimoireRelic","Girya","Ginger","WingedGreaves","Membership Card","Runic Pyramid"],"acts_visited":["Exordium","TheCity"],"potions_floor_usage":[],"damage_taken":[{"damage":2.0,"enemies":"2 Louse","floor":1.0,"turns":4.0},{"damage":5.0,"enemies":"Jaw Worm","floor":2.0,"turns":5.0},{"damage":1.0,"enemies":"Cultist","floor":3.0,"turns":3.0},{"damage":13.0,"enemies":"Large Slime","floor":5.0,"turns":4.0},{"damage":10.0,"enemies":"3 Sentries","floor":6.0,"turns":3.0},{"damage":18.0,"enemies":"Gremlin Nob","floor":10.0,"turns":4.0},{"damage":1.0,"enemies":"Lots of Slimes","floor":13.0,"turns":2.0},{"damage":0.0,"enemies":"Exordium Thugs","floor":14.0,"turns":3.0},{"damage":21,"enemies":"Slime Boss","floor":16,"turns":8},{"damage":14,"enemies":"Chosen","floor":18,"turns":5},{"damage":11,"enemies":"3 Byrds","floor":19,"turns":4},{"damage":25,"enemies":"Shelled Parasite and Fungi","floor":22,"turns":4}],"seed_played":"1691408913250229607","potions_obtained":[{"floor":3.0,"key":"Explosive Potion"},{"floor":14,"key":"FearPotion"},{"floor":16,"key":"Swift Potion"}],"is_trial":false,"path_per_floor":["M","M","M","?","M","E","R","?","T","E","$","?","M","M","R","B",null,"M","M","?","?","M"],"character_chosen":"WANDERER","items_purchased":["Membership Card","stsjorbsmod:RayOfFrost","stsjorbsmod:TollTheDead"],"campfire_rested":0,"item_purchase_floors":[11,11,11],"current_hp_per_floor":[64,61,61,66,54,45,45,45,45,27,27,27,27,27,27,6,58,45,35,14,14,0,0],"gold":154,"neow_bonus":"TEN_PERCENT_HP_BONUS","is_daily":false,"chose_seed":false,"campfire_upgraded":0,"win_rate":0.0,"timestamp":1609797441,"path_taken":["M","M","M","?","M","E","R","?","T","E","$","?","M","?","R","BOSS","M","M","?","?","?"],"items_purchased_type":["Relic","Card","Card"],"build_version":"2020-12-22","purchased_purges":0,"victory":false,"max_hp_per_floor":[70,70,70,75,75,75,75,75,75,75,75,75,75,75,75,75,75,75,75,80,80,80,80],"relic_stats":{"counters":[12,49],"Ginger":[8],"obtain_stats":[{"Girya":6,"stsjorbsmod:GrimoireRelic":0,"WingedGreaves":10,"Ginger":9,"Membership Card":11,"Runic Pyramid":17},{"Girya":5,"stsjorbsmod:GrimoireRelic":0,"WingedGreaves":6,"Ginger":5,"Membership Card":6,"Runic Pyramid":9},{"Girya":19,"stsjorbsmod:GrimoireRelic":0,"WingedGreaves":23,"Ginger":19,"Membership Card":23,"Runic Pyramid":36}]},"card_choices":[{"not_picked":["stsjorbsmod:WeightOfMemory","stsjorbsmod:UnseenServant"],"picked":"stsjorbsmod:ChainLightning","floor":1.0},{"not_picked":["stsjorbsmod:DoubleCheck","stsjorbsmod:FracturedMind"],"picked":"stsjorbsmod:TrueStrike","floor":2.0},{"not_picked":["stsjorbsmod:WeightOfMemory","stsjorbsmod:MistyStep"],"picked":"stsjorbsmod:DeathThroes","floor":3.0},{"not_picked":["stsjorbsmod:Rest","stsjorbsmod:DisguiseSelf"],"picked":"stsjorbsmod:FracturedMind","floor":5.0},{"not_picked":["stsjorbsmod:HedgeWizard","stsjorbsmod:BookOfTongues"],"picked":"stsjorbsmod:Prestidigitation","floor":6.0},{"not_picked":["stsjorbsmod:Mindworm","stsjorbsmod:Stalwart"],"picked":"stsjorbsmod:Counterspell","floor":10.0},{"not_picked":["stsjorbsmod:RefuseToForget","stsjorbsmod:Introspection"],"picked":"stsjorbsmod:DisguiseSelf","floor":13.0},{"not_picked":["stsjorbsmod:AnimateObjects","stsjorbsmod:ChainLightning"],"picked":"stsjorbsmod:Patron","floor":14},{"not_picked":["stsjorbsmod:Rediscovery","stsjorbsmod:DeathThroes"],"picked":"stsjorbsmod:Withdraw","floor":16},{"not_picked":["stsjorbsmod:Will","stsjorbsmod:DoubleCheck"],"picked":"stsjorbsmod:LocateObject","floor":18},{"not_picked":["stsjorbsmod:Prepare","stsjorbsmod:WanderingMind"],"picked":"stsjorbsmod:Mania","floor":19}],"player_experience":445263,"relics_obtained":[{"floor":6.0,"key":"Girya"},{"floor":9.0,"key":"Ginger"},{"floor":10.0,"key":"WingedGreaves"}],"event_choices":[{"damage_healed":0.0,"max_hp_gain":5.0,"max_hp_loss":0.0,"gold_gain":0.0,"event_name":"Big Fish","player_choice":"Donut","floor":4.0,"gold_loss":0.0,"damage_taken":0.0},{"damage_healed":0.0,"max_hp_gain":0.0,"max_hp_loss":0.0,"gold_gain":30.0,"event_name":"Dead Adventurer","player_choice":"Searched \u00271\u0027 times","floor":8.0,"gold_loss":0.0,"damage_taken":0.0},{"cards_removed":["stsjorbsmod:Strike_Wanderer"],"damage_healed":0.0,"max_hp_gain":0.0,"max_hp_loss":0.0,"gold_gain":0.0,"event_name":"Purifier","player_choice":"Purged","floor":12.0,"gold_loss":0.0,"damage_taken":0.0},{"damage_healed":0,"gold_gain":0,"player_choice":"Shed Blood","damage_taken":26,"max_hp_gain":5,"max_hp_loss":0,"event_name":"Forgotten Altar","floor":20,"gold_loss":0},{"damage_healed":0,"gold_gain":0,"player_choice":"Forge","damage_taken":0,"max_hp_gain":0,"max_hp_loss":0,"event_name":"Accursed Blacksmith","floor":21,"gold_loss":0,"cards_upgraded":["stsjorbsmod:TrueStrike"]}],"is_beta":false,"boss_relics":[{"not_picked":["Ectoplasm","Pandora\u0027s Box"],"picked":"Runic Pyramid"}],"items_purged_floors":[],"is_endless":false,"potions_floor_spawned":[3,14,16,19],"killed_by":"Shelled Parasite and Fungi","ascension_level":19}}