{"host":"qdfumeom6htv8yxl","time":1609794232,"event":{"mods":["AchievementEnabler","BaseMod","Block Reminder","Minty Spire (QoL Compilation)","Quick Restart","Relic Stats"],"gold_per_floor":[117,38,38,38,54,79,79,79,132,132,132,132,132],"floor_reached":12,"playtime":531,"items_purged":[],"score":133,"play_id":"ca7f8070-1b50-4065-8929-175b7eba0c76","local_time":"20210104150352","is_ascension_mode":true,"campfire_choices":[{"floor":7,"key":"REST"},{"floor":8,"key":"REST"},{"floor":10,"key":"REST"}],"circlet_count":0,"master_deck":["AscendersBane","Strike_G","Strike_G","Strike_G","Strike_G","Strike_G","Defend_G","Defend_G","Defend_G","Defend_G","Defend_G","Survivor","Neutralize","Flying Knee","Footwork","Dagger Throw","Backstab"],"relics":["Black Star","WingedGreaves","Kunai","Toy Ornithopter","Art of War"],"acts_visited":[],"potions_floor_usage":[],"damage_taken":[{"damage":0,"enemies":"Small Slimes","floor":1,"turns":4},{"damage":5,"enemies":"2 Louse","floor":5,"turns":4},{"damage":52,"enemies":"Lagavulin","floor":6,"turns":12},{"damage":19,"enemies":"3 Sentries","floor":12,"turns":5}],"seed_played":"-8934076938233980575","potions_obtained":[],"is_trial":false,"path_per_floor":["M","$","?","?","M","E","R","R","T","R","?","E"],"character_chosen":"THE_SILENT","items_purchased":["Footwork"],"campfire_rested":3,"item_purchase_floors":[2],"current_hp_per_floor":[59,59,64,64,59,7,28,49,49,70,35,16,16],"gold":132,"neow_bonus":"BOSS_RELIC","is_daily":false,"chose_seed":false,"campfire_upgraded":0,"win_rate":0.0,"timestamp":1609794232,"path_taken":["M","$","?","?","M","E","R","R","T","R","?","E"],"items_purchased_type":["Card"],"build_version":"2020-12-22","purchased_purges":0,"victory":false,"max_hp_per_floor":[66,66,71,71,71,71,71,71,71,71,71,71,71],"relic_stats":{"counters":[4,25],"Black Star":1,"Art of War":[0],"Kunai":[1],"obtain_stats":[{"WingedGreaves":6,"Black Star":0,"Art of War":11,"Kunai":6,"Toy Ornithopter":9,"Ring of the Snake":0},{"WingedGreaves":3,"Black Star":0,"Art of War":3,"Kunai":3,"Toy Ornithopter":3,"Ring of the Snake":0},{"WingedGreaves":20,"Black Star":0,"Art of War":20,"Kunai":20,"Toy Ornithopter":20,"Ring of the Snake":0}],"Toy Ornithopter":0},"card_choices":[{"not_picked":["Heel Hook","Endless Agony"],"picked":"Flying Knee","floor":1},{"not_picked":["Dodge and Roll","Underhanded Strike"],"picked":"Dagger Throw","floor":5},{"not_picked":["Endless Agony","Acrobatics"],"picked":"Backstab","floor":6}],"player_experience":1702392,"relics_obtained":[{"floor":6,"key":"WingedGreaves"},{"floor":6,"key":"Kunai"},{"floor":9,"key":"Toy Ornithopter"}],"event_choices":[{"damage_healed":0,"gold_gain":0,"player_choice":"Donut","damage_taken":0,"max_hp_gain":5,"max_hp_loss":0,"event_name":"Big Fish","floor":3,"gold_loss":0},{"damage_healed":0,"gold_gain":0,"player_choice":"Ignored","damage_taken":0,"max_hp_gain":0,"max_hp_loss":0,"event_name":"Liars Game","floor":4,"gold_loss":0},{"damage_healed":0,"gold_gain":0,"player_choice":"Success","damage_taken":35,"relics_obtained":["Art of War"],"max_hp_gain":0,"max_hp_loss":0,"event_name":"Scrap Ooze","floor":11,"gold_loss":0}],"is_beta":false,"boss_relics":[],"items_purged_floors":[],"is_endless":false,"potions_floor_spawned":[],"killed_by":"3 Sentries","ascension_level":16}}