{"host":"0v07cr0k93jhgkpm","time":1609778665,"event":{"mods":["BaseMod","Colored Map","DeckTracker","Minty Spire (QoL Compilation)","Quick Restart","SuperFastMode"],"gold_per_floor":[117,117,137,137,59,59,85,103,103,114,114,124,137,151,151,228,228,244,262,312,109,128,128,140,140,140,15,26,26,26,26,26,26,26],"floor_reached":33,"playtime":925,"items_purged":["Strike_G","Doubt"],"score":548,"play_id":"948438c8-1794-4904-b182-9c3785fd10de","local_time":"20210105014425","is_ascension_mode":true,"campfire_choices":[{"data":"Catalyst","floor":6.0,"key":"SMITH"},{"data":"Bouncing Flask","floor":11.0,"key":"SMITH"},{"data":"Deadly Poison","floor":15.0,"key":"SMITH"},{"data":"Blind","floor":23.0,"key":"SMITH"},{"floor":25.0,"key":"REST"},{"floor":29.0,"key":"REST"},{"floor":32.0,"key":"REST"}],"circlet_count":0,"master_deck":["AscendersBane","Strike_G","Strike_G","Strike_G","Strike_G","Defend_G","Defend_G","Defend_G","Defend_G","Defend_G","Survivor","Neutralize","Deadly Poison+1","Dagger Spray","Catalyst+1","Outmaneuver","Blur","Bouncing Flask+1","Leg Sweep","Backflip","PiercingWail","Night Terror","Sucker Punch+1","PiercingWail","Blind+1","Backflip","Caltrops","Acrobatics","Die Die Die","Shame"],"relics":["Ring of the Snake","NeowsBlessing","Blue Candle","Bottled Lightning","Mercury Hourglass","Cursed Key","Gremlin Horn","Centennial Puzzle"],"acts_visited":["Exordium","TheCity"],"potions_floor_usage":[33],"damage_taken":[{"damage":0.0,"enemies":"Small Slimes","floor":1.0,"turns":1.0},{"damage":0.0,"enemies":"2 Louse","floor":3.0,"turns":1.0},{"damage":0.0,"enemies":"3 Sentries","floor":7.0,"turns":2.0},{"damage":2.0,"enemies":"Jaw Worm","floor":8.0,"turns":4.0},{"damage":3.0,"enemies":"Exordium Thugs","floor":10.0,"turns":3.0},{"damage":1.0,"enemies":"2 Fungi Beasts","floor":12.0,"turns":3.0},{"damage":3.0,"enemies":"3 Louse","floor":13.0,"turns":3.0},{"damage":7.0,"enemies":"Lots of Slimes","floor":14.0,"turns":2.0},{"damage":31.0,"enemies":"Slime Boss","floor":16.0,"turns":10.0},{"damage":7.0,"enemies":"3 Byrds","floor":18.0,"turns":5.0},{"damage":8.0,"enemies":"2 Thieves","floor":19.0,"turns":4.0},{"damage":15.0,"enemies":"Snake Plant","floor":22.0,"turns":3.0},{"damage":21.0,"enemies":"Sentry and Sphere","floor":24.0,"turns":6.0},{"damage":23.0,"enemies":"3 Cultists","floor":28.0,"turns":6.0},{"damage":57,"enemies":"Automaton","floor":33,"turns":6}],"seed_played":"4606528915600791265","potions_obtained":[{"floor":3.0,"key":"LiquidMemories"},{"floor":7.0,"key":"Strength Potion"},{"floor":13.0,"key":"EssenceOfSteel"},{"floor":18.0,"key":"BlessingOfTheForge"},{"floor":24.0,"key":"FearPotion"}],"is_trial":false,"path_per_floor":["M","?","M","?","$","R","E","M","T","M","R","M","M","M","R","B",null,"M","M","?","$","M","R","M","R","T","$","M","R","?","$","R","B"],"character_chosen":"THE_SILENT","items_purchased":["Catalyst","PiercingWail","Blind","Acrobatics"],"campfire_rested":3,"item_purchase_floors":[5,21,21,27],"current_hp_per_floor":[59,48,48,53,53,53,53,51,51,48,48,47,44,37,37,6,55,48,40,40,40,25,25,4,25,25,25,2,23,23,23,44,0,0],"gold":26,"neow_bonus":"THREE_ENEMY_KILL","is_daily":false,"chose_seed":false,"campfire_upgraded":4,"win_rate":0.0,"timestamp":1609778665,"path_taken":["M","?","M","?","$","R","E","M","T","M","R","M","M","M","R","BOSS","M","M","?","$","M","R","M","R","T","?","?","R","?","$","R","BOSS"],"items_purchased_type":["Card","Card","Card","Card"],"build_version":"2020-12-22","purchased_purges":2,"victory":false,"max_hp_per_floor":[66,66,66,71,71,71,71,71,71,71,71,71,71,71,71,71,71,71,71,71,71,71,71,71,71,71,71,71,71,71,71,71,71,71],"card_choices":[{"not_picked":["Backflip","Quick Slash"],"picked":"Deadly Poison","floor":1.0},{"not_picked":["Flying Knee","Dodge and Roll"],"picked":"Dagger Spray","floor":3.0},{"not_picked":["Dodge and Roll","Accuracy"],"picked":"Outmaneuver","floor":7.0},{"not_picked":["Dagger Spray","Backflip"],"picked":"Blur","floor":8.0},{"not_picked":["Outmaneuver","Finisher"],"picked":"Bouncing Flask","floor":10.0},{"not_picked":["Infinite Blades","Deflect"],"picked":"Leg Sweep","floor":12.0},{"not_picked":["Bane","Dagger Throw"],"picked":"Backflip","floor":13.0},{"not_picked":["Dagger Spray","Deflect"],"picked":"PiercingWail","floor":14.0},{"not_picked":["Venomology","Phantasmal Killer"],"picked":"Night Terror","floor":16.0},{"not_picked":["Cloak And Dagger","Underhanded Strike","Endless Agony"],"picked":"SKIP","floor":18.0},{"not_picked":["Heel Hook","Calculated Gamble"],"picked":"Sucker Punch+1","floor":19.0},{"not_picked":["Infinite Blades","Poisoned Stab"],"picked":"Backflip","floor":22.0},{"not_picked":["Sucker Punch","Bane"],"picked":"Caltrops","floor":24.0},{"not_picked":["Outmaneuver","Dagger Spray"],"picked":"Die Die Die","floor":28.0}],"player_experience":2474152,"relics_obtained":[{"floor":7.0,"key":"Bottled Lightning"},{"floor":9.0,"key":"Mercury Hourglass"},{"floor":26.0,"key":"Gremlin Horn"}],"event_choices":[{"damage_healed":0.0,"max_hp_gain":0.0,"max_hp_loss":0.0,"gold_gain":0.0,"event_name":"Scrap Ooze","player_choice":"Success","floor":2.0,"gold_loss":0.0,"damage_taken":11.0,"relics_obtained":["Blue Candle"]},{"damage_healed":0.0,"max_hp_gain":5.0,"max_hp_loss":0.0,"gold_gain":0.0,"event_name":"Big Fish","player_choice":"Donut","floor":4.0,"gold_loss":0.0,"damage_taken":0.0},{"damage_healed":0.0,"max_hp_gain":0.0,"max_hp_loss":0.0,"gold_gain":50.0,"event_name":"Nest","player_choice":"Stole From Cult","floor":20.0,"gold_loss":0.0,"damage_taken":0.0},{"damage_healed":0.0,"max_hp_gain":0.0,"max_hp_loss":0.0,"gold_gain":0.0,"event_name":"Addict","player_choice":"Stole Relic","floor":30.0,"gold_loss":0.0,"damage_taken":0.0,"relics_obtained":["Centennial Puzzle"],"cards_obtained":["Shame"]}],"is_beta":false,"boss_relics":[{"not_picked":["Velvet Choker","WristBlade"],"picked":"Cursed Key"}],"items_purged_floors":[21,27],"is_endless":false,"potions_floor_spawned":[3,7,13,18,24],"killed_by":"Automaton","ascension_level":20}}