{"host":"7sy3dyg71hje4mzx","time":1609745159,"event":{"mods":["BaseMod","Downfall","Minty Spire (QoL Compilation)","StSLib"],"gold_per_floor":[99,117,117,137,153,153,153,168,198,260,245,259,184,184,197,197,197,197],"floor_reached":16,"playtime":1468,"items_purged":[],"score":102,"play_id":"b7d06e04-b372-4f0d-a048-3e2bf41c3490","local_time":"20210104182559","is_ascension_mode":false,"campfire_choices":[{"data":"Slimebound:Split","floor":1,"key":"SMITH"},{"floor":13,"key":"RECALL"}],"circlet_count":0,"master_deck":["Slimebound:Strike_Slimebound","Slimebound:Strike_Slimebound","Slimebound:Tackle","Slimebound:Defend_Slimebound","Slimebound:Defend_Slimebound+1","Slimebound:Defend_Slimebound","Slimebound:Defend_Slimebound+1","Slimebound:Split+1","Slimebound:CorrosiveSpit","Slimebound:LeechLife","Slimebound:SlimeSpikes+1","Slimebound:SplitBruiser","Slimebound:PressTheAttack","Regret","Slimebound:RejuvenatingLick","Slimebound:ForwardTackle","Slimebound:SpikyOuterGoop","Slimebound:PressTheAttack","Slimebound:HauntingLick","Slimebound:ProtectTheBoss"],"relics":["Slimebound:AbsorbEndCombat","Blood Vial","InkBottle","downfall:HeartBlessingBlue","Slimebound:GreedOozeRelic"],"acts_visited":["Exordium"],"potions_floor_usage":[12,15,16],"damage_taken":[{"damage":15,"enemies":"Jaw Worm","floor":2,"turns":5},{"damage":0,"enemies":"Small Slimes","floor":4,"turns":5},{"damage":6,"enemies":"2 Louse","floor":5,"turns":3},{"damage":30,"enemies":"Large Slime","floor":8,"turns":4},{"damage":37,"enemies":"Gremlin Nob","floor":9,"turns":4},{"damage":39,"enemies":"Lagavulin Event","floor":10,"turns":5},{"damage":14,"enemies":"downfall:FleeingMerchant","floor":11,"turns":4},{"damage":28,"enemies":"Gremlin Gang","floor":12,"turns":6},{"damage":21,"enemies":"2 Fungi Beasts","floor":15,"turns":3},{"damage":60,"enemies":"downfall:Silent","floor":16,"turns":8}],"seed_played":"8407332260551977684","potions_obtained":[{"floor":5,"key":"Dexterity Potion"},{"floor":10,"key":"DuplicationPotion"},{"floor":12,"key":"ColorlessPotion"}],"is_trial":false,"path_per_floor":["R","M","?","M","M","?","T","M","E","?","$","M","R","?","M","B"],"character_chosen":"SLIMEBOUND","items_purchased":[],"campfire_rested":0,"item_purchase_floors":[],"current_hp_per_floor":[60,55,55,60,60,60,60,54,41,24,34,30,40,40,35,0,0,0],"gold":197,"neow_bonus":"ONE_RANDOM_RARE_CARD","is_daily":false,"chose_seed":false,"campfire_upgraded":1,"win_rate":0.0,"timestamp":1609745159,"path_taken":["R","M","?","M","M","?","T","M","E","?","$","M","R","?","M","BOSS"],"items_purchased_type":[],"build_version":"2020-12-22","purchased_purges":0,"victory":false,"max_hp_per_floor":[60,60,60,60,60,60,60,60,60,60,60,60,70,70,70,70,70,70],"card_choices":[{"not_picked":["Slimebound:Chomp","Slimebound:Schlurp"],"picked":"Slimebound:SlimeSpikes","floor":2},{"not_picked":["Slimebound:HauntingLick","Slimebound:Schlurp"],"picked":"Slimebound:SplitBruiser","floor":4},{"not_picked":["Slimebound:FinishingTackle","Slimebound:Grow"],"picked":"Slimebound:PressTheAttack","floor":5},{"not_picked":["Slimebound:SlimeSpikes","Slimebound:TongueLash"],"picked":"Slimebound:RejuvenatingLick","floor":8},{"not_picked":["Slimebound:ViciousTackle","Slimebound:GrowthPunch"],"picked":"Slimebound:ForwardTackle","floor":9},{"not_picked":["Slimebound:SlimeBarrage","Slimebound:PressTheAttack"],"picked":"Slimebound:SpikyOuterGoop","floor":10},{"not_picked":["Slimebound:ForwardTackle","Slimebound:PrepareCrush"],"picked":"Slimebound:PressTheAttack","floor":11},{"not_picked":["Slimebound:GrowthPunch","Slimebound:LeechEnergy"],"picked":"Slimebound:HauntingLick","floor":12},{"not_picked":["Slimebound:ViciousTackle","Slimebound:ComboTackle"],"picked":"Slimebound:ProtectTheBoss","floor":15}],"player_experience":143978,"relics_obtained":[{"floor":9,"key":"Blood Vial"},{"floor":10,"key":"InkBottle"}],"event_choices":[],"is_beta":false,"boss_relics":[],"items_purged_floors":[],"is_endless":false,"potions_floor_spawned":[5,10,12],"killed_by":"downfall:Silent","ascension_level":0}}