{"host":"Jedit","time":1609768460,"event":{"mods":["BaseMod","Minty Spire (QoL Compilation)","Relic Stats","StSLib"],"gold_per_floor":[114,134,33,183,197,197,228,241,241,252,252,269,269,283,283,283,283],"floor_reached":16,"playtime":726,"items_purged":[],"score":208,"play_id":"0b194873-54af-4485-978c-835d1626a951","local_time":"20210104135420","is_ascension_mode":true,"campfire_choices":[{"data":"Noxious Fumes","floor":6,"key":"SMITH"},{"floor":11,"key":"REST"},{"data":"Acrobatics","floor":15,"key":"SMITH"}],"circlet_count":0,"master_deck":["AscendersBane","Strike_G","Strike_G","Strike_G","Strike_G","Strike_G","Defend_G","Defend_G","Defend_G","Defend_G","Defend_G","Survivor","Neutralize","Dagger Throw","Underhanded Strike","Endless Agony","Dagger Throw","Doubt","Noxious Fumes+1","Poisoned Stab","Backflip","Slice","Backflip","Acrobatics+1"],"relics":["Runic Dome","Bottled Flame","Sundial","CultistMask"],"acts_visited":["Exordium"],"potions_floor_usage":[10,16],"damage_taken":[{"damage":2,"enemies":"Cultist","floor":1,"turns":5},{"damage":1,"enemies":"Small Slimes","floor":2,"turns":3},{"damage":0,"enemies":"Jaw Worm","floor":5,"turns":3},{"damage":17,"enemies":"3 Sentries","floor":7,"turns":10},{"damage":15,"enemies":"3 Louse","floor":8,"turns":3},{"damage":10,"enemies":"Large Slime","floor":10,"turns":4},{"damage":10,"enemies":"Red Slaver","floor":12,"turns":3},{"damage":3,"enemies":"Blue Slaver","floor":14,"turns":4},{"damage":20,"enemies":"The Guardian","floor":16,"turns":10}],"seed_played":"-2511886344886106037","potions_obtained":[{"floor":2,"key":"Ancient Potion"},{"floor":8,"key":"Fire Potion"},{"floor":12,"key":"PowerPotion"}],"is_trial":false,"path_per_floor":["M","M","$","?","M","R","E","M","T","M","R","M","?","M","R","B"],"character_chosen":"THE_SILENT","items_purchased":["Endless Agony","Dagger Throw"],"campfire_rested":1,"item_purchase_floors":[3,3],"current_hp_per_floor":[57,56,56,56,56,56,39,24,24,14,33,23,23,20,20,0,0],"gold":283,"neow_bonus":"BOSS_RELIC","is_daily":false,"chose_seed":false,"campfire_upgraded":2,"win_rate":0.0,"timestamp":1609768460,"path_taken":["M","?","$","?","M","R","E","M","T","M","R","M","?","M","R","BOSS"],"items_purchased_type":["Card","Card"],"build_version":"2020-12-18","purchased_purges":0,"victory":false,"max_hp_per_floor":[66,66,66,66,66,66,66,66,66,66,66,66,66,66,66,66,66],"relic_stats":{"counters":[9,45],"Sundial":[4],"obtain_stats":[{"Runic Dome":0,"Bottled Flame":7,"Sundial":9,"CultistMask":13,"Ring of the Snake":0},{"Runic Dome":0,"Bottled Flame":4,"Sundial":5,"CultistMask":7,"Ring of the Snake":0},{"Runic Dome":0,"Bottled Flame":21,"Sundial":24,"CultistMask":31,"Ring of the Snake":0}]},"card_choices":[{"not_picked":["Dodge and Roll","Quick Slash"],"picked":"Dagger Throw","floor":1},{"not_picked":["Sucker Punch","Masterful Stab"],"picked":"Underhanded Strike","floor":2},{"not_picked":["Finisher","Infinite Blades"],"picked":"Noxious Fumes","floor":5},{"not_picked":["Backflip","Sucker Punch"],"picked":"Poisoned Stab","floor":7},{"not_picked":["Choke","Distraction"],"picked":"Backflip","floor":8},{"not_picked":["Riddle With Holes","Quick Slash"],"picked":"Slice","floor":10},{"not_picked":["Caltrops","Venomology"],"picked":"Backflip","floor":12},{"not_picked":["Quick Slash","Underhanded Strike"],"picked":"Acrobatics","floor":14}],"player_experience":3442402,"relics_obtained":[{"floor":7,"key":"Bottled Flame"},{"floor":9,"key":"Sundial"}],"event_choices":[{"damage_healed":0,"gold_gain":150,"player_choice":"AGREE","damage_taken":0,"max_hp_gain":0,"max_hp_loss":0,"event_name":"Liars Game","floor":4,"gold_loss":0,"cards_obtained":["Doubt"]},{"damage_healed":0,"gold_gain":0,"player_choice":"Trade","damage_taken":0,"relics_obtained":["CultistMask"],"max_hp_gain":0,"max_hp_loss":0,"event_name":"FaceTrader","floor":13,"gold_loss":0}],"is_beta":true,"boss_relics":[],"items_purged_floors":[],"is_endless":false,"potions_floor_spawned":[2,8,12,14],"killed_by":"The Guardian","ascension_level":20}}