{"host":"p7j7o00jacnw7qzt","time":1609793014,"event":{"mods":["BaseMod","Colored Map","Colored Powertips","DeckTracker","Highlight Path","Minty Spire (QoL Compilation)","Relic Stats"],"gold_per_floor":[109,109,109,127,143,175,175,200,226,226,240,240,265,282,282,359,359,376,391,316,231,260,260,288,288,288,323,343,65,96,124,136,220,232,254,321,555,567,599,611,611],"floor_reached":40,"playtime":1655,"items_purged":[],"score":1024,"play_id":"52035721-4a04-419e-9e57-2049c9dfebe4","local_time":"20210104154334","is_ascension_mode":true,"campfire_choices":[{"floor":7.0,"key":"REST"},{"data":"Battle Trance","floor":10.0,"key":"SMITH"},{"data":"Rupture","floor":15.0,"key":"SMITH"},{"data":"Heavy Blade","floor":23.0,"key":"SMITH"},{"data":"Rupture","floor":25.0,"key":"SMITH"},{"data":"Burning Pact","floor":32.0,"key":"SMITH"}],"circlet_count":0,"master_deck":["AscendersBane","Strike_R","Strike_R","Strike_R","Strike_R","Defend_R","Defend_R","Defend_R+1","Defend_R","Bash+1","Bludgeon+1","Warcry","Battle Trance+1","Rupture+1","Brutality","Heavy Blade+1","Rupture+1","Evolve","Burning Pact","Burning Pact+1","Brutality"],"relics":["Burning Blood","Orichalcum","Bag of Marbles","Dream Catcher","Runic Dome","Paper Frog","Red Mask","Ancient Tea Set","Shuriken","Eternal Feather","Mummified Hand","MawBank","Fusion Hammer","Incense Burner"],"acts_visited":["Exordium","TheCity","TheBeyond"],"potions_floor_usage":[40],"damage_taken":[{"damage":7.0,"enemies":"Jaw Worm","floor":1.0,"turns":2.0},{"damage":0.0,"enemies":"Cultist","floor":4.0,"turns":3.0},{"damage":7.0,"enemies":"Small Slimes","floor":5.0,"turns":3.0},{"damage":25.0,"enemies":"3 Sentries","floor":6.0,"turns":6.0},{"damage":22.0,"enemies":"Lagavulin","floor":8.0,"turns":5.0},{"damage":0.0,"enemies":"2 Fungi Beasts","floor":11.0,"turns":4.0},{"damage":6.0,"enemies":"3 Sentries","floor":13.0,"turns":7.0},{"damage":6.0,"enemies":"Large Slime","floor":14.0,"turns":3.0},{"damage":18.0,"enemies":"Hexaghost","floor":16.0,"turns":7.0},{"damage":8.0,"enemies":"Chosen","floor":18.0,"turns":3.0},{"damage":0.0,"enemies":"Shell Parasite","floor":19.0,"turns":1.0},{"damage":22.0,"enemies":"Masked Bandits","floor":22.0,"turns":4.0},{"damage":11.0,"enemies":"Gremlin Leader","floor":24.0,"turns":4.0},{"damage":16.0,"enemies":"Book of Stabbing","floor":27.0,"turns":3.0},{"damage":1.0,"enemies":"Centurion and Healer","floor":28.0,"turns":4.0},{"damage":1.0,"enemies":"Gremlin Leader","floor":30.0,"turns":4.0},{"damage":22.0,"enemies":"Sentry and Sphere","floor":31.0,"turns":4.0},{"damage":22.0,"enemies":"Automaton","floor":33.0,"turns":4.0},{"damage":26.0,"enemies":"3 Shapes","floor":35.0,"turns":5.0},{"damage":15.0,"enemies":"2 Orb Walkers","floor":36.0,"turns":3.0},{"damage":16.0,"enemies":"Orb Walker","floor":39.0,"turns":3.0},{"damage":24,"enemies":"Reptomancer","floor":40,"turns":2}],"seed_played":"-7506768234411000665","potions_obtained":[{"floor":8.0,"key":"PowerPotion"},{"floor":11.0,"key":"LiquidMemories"},{"floor":13.0,"key":"EntropicBrew"},{"floor":16.0,"key":"DuplicationPotion"},{"floor":22.0,"key":"SkillPotion"},{"floor":24.0,"key":"BlessingOfTheForge"},{"floor":27.0,"key":"PowerPotion"},{"floor":31.0,"key":"Energy Potion"},{"floor":33.0,"key":"DistilledChaos"},{"floor":36.0,"key":"Block Potion"}],"is_trial":false,"path_per_floor":["M","?","?","M","M","E","R","E","T","R","M","?","E","M","R","B",null,"M","M","?","?","?","R","E","R","T","E","M","$","E","M","R","B",null,"M","?","?","?","M","E"],"character_chosen":"IRONCLAD","items_purchased":["Mummified Hand"],"campfire_rested":1,"item_purchase_floors":[29],"current_hp_per_floor":[49,26,26,32,31,12,34,18,18,18,24,24,24,24,24,12,59,57,63,63,63,47,47,42,42,42,32,37,37,42,26,38,22,62,42,33,33,33,23,0,0],"gold":611,"neow_bonus":"THREE_RARE_CARDS","is_daily":false,"chose_seed":false,"campfire_upgraded":5,"win_rate":0.0,"timestamp":1609793014,"path_taken":["M","?","?","?","M","E","R","E","T","R","M","?","E","M","R","BOSS","M","M","?","?","?","R","E","R","T","E","M","$","E","M","R","BOSS","M","?","?","?","M","E"],"items_purchased_type":["Relic"],"build_version":"2020-12-22","purchased_purges":0,"victory":false,"max_hp_per_floor":[75,75,75,75,75,75,75,75,75,75,75,75,75,75,75,75,75,75,75,75,75,75,75,75,75,75,75,75,75,75,75,75,75,75,75,75,75,75,75,75,75],"relic_stats":{"Dream Catcher":0,"counters":[22,84],"Shuriken":[7],"Mummified Hand":[37],"Eternal Feather":12,"Orichalcum":[192],"MawBank":120,"obtain_stats":[{"Eternal Feather":27,"Incense Burner":36,"Orichalcum":6,"Ancient Tea Set":24,"MawBank":30,"Burning Blood":0,"Runic Dome":17,"Dream Catcher":13,"Shuriken":26,"Mummified Hand":29,"Fusion Hammer":34,"Bag of Marbles":8,"Red Mask":22,"Paper Frog":21},{"Eternal Feather":14,"Incense Burner":20,"Orichalcum":4,"Ancient Tea Set":13,"MawBank":16,"Burning Blood":0,"Runic Dome":9,"Dream Catcher":7,"Shuriken":13,"Mummified Hand":15,"Fusion Hammer":18,"Bag of Marbles":5,"Red Mask":12,"Paper Frog":11},{"Eternal Feather":55,"Incense Burner":79,"Orichalcum":14,"Ancient Tea Set":52,"MawBank":63,"Burning Blood":0,"Runic Dome":40,"Dream Catcher":30,"Shuriken":52,"Mummified Hand":59,"Fusion Hammer":71,"Bag of Marbles":19,"Red Mask":48,"Paper Frog":44}],"Burning Blood":126},"card_choices":[{"not_picked":["Corruption","Brutality"],"picked":"Bludgeon","floor":0.0},{"not_picked":["Sword Boomerang","Pommel Strike","Infernal Blade"],"picked":"SKIP","floor":1.0},{"not_picked":["Rage","Carnage","Clothesline"],"picked":"SKIP","floor":4.0},{"not_picked":["Uppercut","Rage"],"picked":"Warcry","floor":5.0},{"not_picked":["Flame Barrier","Blood for Blood","Twin Strike"],"picked":"SKIP","floor":6.0},{"not_picked":["Dropkick","Reckless Charge"],"picked":"Battle Trance","floor":8.0},{"not_picked":["Havoc","Body Slam"],"picked":"Rupture","floor":11.0},{"not_picked":["Warcry","Cleave","Rage"],"picked":"SKIP","floor":13.0},{"not_picked":["Flame Barrier","Clash","Twin Strike"],"picked":"SKIP","floor":14.0},{"not_picked":["Immolate","Demon Form"],"picked":"Brutality","floor":16.0},{"not_picked":["Thunderclap+1","Dark Embrace"],"picked":"Heavy Blade","floor":18.0},{"not_picked":["Infernal Blade","Anger"],"picked":"Rupture","floor":19.0},{"not_picked":["Heavy Blade","Spot Weakness+1"],"picked":"Evolve","floor":24.0},{"not_picked":["Heavy Blade","Feed"],"picked":"Burning Pact","floor":27.0},{"not_picked":["Perfected Strike","Clash","Havoc"],"picked":"SKIP","floor":28.0},{"not_picked":["True Grit+1","Pummel"],"picked":"Burning Pact","floor":30.0},{"not_picked":["Headbutt","Anger","Thunderclap"],"picked":"SKIP","floor":31.0},{"not_picked":["Berserk","Corruption"],"picked":"Brutality","floor":33.0},{"not_picked":["Flex+1","Sever Soul+1","Heavy Blade"],"picked":"SKIP","floor":35.0},{"not_picked":["Dual Wield","Body Slam+1","Clash+1"],"picked":"SKIP","floor":39.0}],"player_experience":994478,"relics_obtained":[{"floor":6.0,"key":"Orichalcum"},{"floor":8.0,"key":"Bag of Marbles"},{"floor":13.0,"key":"Dream Catcher"},{"floor":22.0,"key":"Red Mask"},{"floor":24.0,"key":"Ancient Tea Set"},{"floor":26.0,"key":"Shuriken"},{"floor":27.0,"key":"Eternal Feather"},{"floor":30.0,"key":"MawBank"},{"floor":36.0,"key":"Incense Burner"}],"event_choices":[{"damage_healed":0.0,"max_hp_gain":0.0,"max_hp_loss":0.0,"gold_gain":0.0,"event_name":"Shining Light","player_choice":"Entered Light","floor":2.0,"gold_loss":0.0,"damage_taken":23.0,"cards_upgraded":["Defend_R","Bludgeon"]},{"damage_healed":0.0,"max_hp_gain":0.0,"max_hp_loss":0.0,"gold_gain":0.0,"event_name":"Accursed Blacksmith","player_choice":"Forge","floor":3.0,"gold_loss":0.0,"damage_taken":0.0,"cards_upgraded":["Bash"]},{"damage_healed":0.0,"max_hp_gain":0.0,"max_hp_loss":0.0,"gold_gain":0.0,"event_name":"Match and Keep!","player_choice":"0 cards matched","floor":12.0,"gold_loss":0.0,"damage_taken":0.0,"cards_obtained":[]},{"cards_removed":["Strike_R"],"damage_healed":0.0,"max_hp_gain":0.0,"max_hp_loss":0.0,"gold_gain":0.0,"event_name":"Beggar","player_choice":"Gave Gold","floor":20.0,"gold_loss":75.0,"damage_taken":0.0},{"damage_healed":0.0,"max_hp_gain":0.0,"max_hp_loss":0.0,"gold_gain":0.0,"event_name":"Addict","player_choice":"Obtained Relic","floor":21.0,"gold_loss":85.0,"damage_taken":0.0,"relics_obtained":["Paper Frog"]},{"damage_healed":0.0,"max_hp_gain":0.0,"max_hp_loss":0.0,"gold_gain":0.0,"event_name":"Masked Bandits","player_choice":"Fought Bandits","floor":22.0,"gold_loss":0.0,"damage_taken":0.0},{"damage_healed":0.0,"max_hp_gain":0.0,"max_hp_loss":0.0,"gold_gain":0.0,"event_name":"Mysterious Sphere","player_choice":"Fight","floor":36.0,"gold_loss":0.0,"damage_taken":0.0},{"damage_healed":0.0,"max_hp_gain":0.0,"max_hp_loss":0.0,"gold_gain":222.0,"event_name":"Tomb of Lord Red Mask","player_choice":"Wore Mask","floor":37.0,"gold_loss":0.0,"damage_taken":0.0},{"damage_healed":0.0,"max_hp_gain":0.0,"max_hp_loss":0.0,"gold_gain":0.0,"event_name":"SensoryStone","player_choice":"Memory 1","floor":38.0,"gold_loss":0.0,"damage_taken":0.0}],"is_beta":false,"boss_relics":[{"not_picked":["Ectoplasm","SacredBark"],"picked":"Runic Dome"},{"not_picked":["Philosopher\u0027s Stone","Pandora\u0027s Box"],"picked":"Fusion Hammer"}],"items_purged_floors":[],"is_endless":false,"potions_floor_spawned":[8,11,13,16,22,24,27,31,33,36],"killed_by":"Reptomancer","ascension_level":20}}