{"host":"dcj2yvrgcvh5dl2s","time":1609763453,"event":{"mods":["BaseMod","Better Note","Block Reminder","Colored Powertips","DeckTracker","Minty Spire (QoL Compilation)","Quick Restart","Rare Cards Sparkle","Relic Stats","StSLib"],"gold_per_floor":[14,14,14,27,43,43,55,66,66,66,66,66,97,112,112,186,186,204,221,61,61,71,71,98,98,98,118,43,43,55,55,55,132,132,150,199,199,6,17,43,57,90,90,90,34,65,65,65,65,65],"floor_reached":51,"playtime":7802,"items_purged":["Pain","Writhe"],"score":1449,"play_id":"69b47d14-0653-4150-8040-5a2425f8e204","local_time":"20210104223053","is_ascension_mode":true,"campfire_choices":[{"data":"Feed","floor":6.0,"key":"SMITH"},{"data":"Heavy Blade","floor":10.0,"key":"SMITH"},{"floor":12.0,"key":"REST"},{"floor":15.0,"key":"REST"},{"data":"Double Tap","floor":23.0,"key":"SMITH"},{"data":"Uppercut","floor":29.0,"key":"SMITH"},{"data":"Intimidate","floor":32.0,"key":"SMITH"},{"data":"Magnetism","floor":44,"key":"SMITH"},{"data":"Flex","floor":47,"key":"SMITH"},{"data":"Magnetism","floor":49,"key":"SMITH"}],"circlet_count":0,"master_deck":["AscendersBane","Defend_R","Defend_R+1","Defend_R","Defend_R","Apotheosis+1","Intimidate+1","Feed+1","Heavy Blade+1","Disarm","Disarm","Shrug It Off","Double Tap+1","Shrug It Off","Cleave","Bite","Bite","Bite","Bite","Bite","Shrug It Off","Uppercut+1","Intimidate+1","Reaper","Flex+1","Magnetism+1","Thinking Ahead","Magnetism+1","Pummel","Shrug It Off","Flex+1","Battle Trance","Shame","Rage"],"relics":["Burning Blood","Tiny Chest","Red Skull","Cursed Key","Lee\u0027s Waffle","Darkstone Periapt","Matryoshka","Coffee Dripper","Anchor","Juzu Bracelet","Molten Egg 2","PreservedInsect","War Paint","StrikeDummy","Centennial Puzzle"],"acts_visited":["Exordium","TheCity","TheBeyond"],"potions_floor_usage":[46,46,50],"damage_taken":[{"damage":16.0,"enemies":"2 Louse","floor":1.0,"turns":3.0},{"damage":11.0,"enemies":"Cultist","floor":4.0,"turns":4.0},{"damage":12.0,"enemies":"Jaw Worm","floor":5.0,"turns":2.0},{"damage":6.0,"enemies":"Exordium Wildlife","floor":7.0,"turns":4.0},{"damage":11.0,"enemies":"Looter","floor":8.0,"turns":2.0},{"damage":35.0,"enemies":"Lagavulin","floor":13.0,"turns":5.0},{"damage":6.0,"enemies":"2 Fungi Beasts","floor":14.0,"turns":3.0},{"damage":63.0,"enemies":"Slime Boss","floor":16.0,"turns":16.0},{"damage":7.0,"enemies":"Chosen","floor":18.0,"turns":5.0},{"damage":11.0,"enemies":"2 Thieves","floor":19.0,"turns":4.0},{"damage":32.0,"enemies":"Chosen and Byrds","floor":22.0,"turns":10.0},{"damage":37.0,"enemies":"Book of Stabbing","floor":24.0,"turns":7.0},{"damage":32.0,"enemies":"Centurion and Healer","floor":27.0,"turns":7.0},{"damage":13.0,"enemies":"Snake Plant","floor":30.0,"turns":6.0},{"damage":0.0,"enemies":"Gremlin Leader","floor":31.0,"turns":1.0},{"damage":129.0,"enemies":"Champ","floor":33.0,"turns":19.0},{"damage":73.0,"enemies":"3 Darklings","floor":35.0,"turns":17.0},{"damage":15.0,"enemies":"Orb Walker","floor":39.0,"turns":3.0},{"damage":74.0,"enemies":"Giant Head","floor":40.0,"turns":7.0},{"damage":36.0,"enemies":"Maw","floor":41.0,"turns":9.0},{"damage":71,"enemies":"Reptomancer","floor":42,"turns":6},{"damage":46,"enemies":"Nemesis","floor":46,"turns":5},{"damage":38,"enemies":"Awakened One","floor":50,"turns":14}],"seed_played":"-4327701303337051057","potions_obtained":[{"floor":1.0,"key":"Explosive Potion"},{"floor":5.0,"key":"GamblersBrew"},{"floor":8.0,"key":"AttackPotion"},{"floor":16.0,"key":"SmokeBomb"},{"floor":18.0,"key":"FearPotion"},{"floor":22.0,"key":"SmokeBomb"},{"floor":30.0,"key":"Block Potion"},{"floor":33.0,"key":"EntropicBrew"},{"floor":42,"key":"Strength Potion"},{"floor":46,"key":"HeartOfIron"}],"is_trial":false,"path_per_floor":["M","?","$","M","M","R","M","M","T","R","?","R","E","M","R","B",null,"M","M","$","?","M","R","E","?","T","M","$","R","M","E","R","B",null,"M","T","?","$","M","E","M","E","T","R","$","E","R","?","R","B",null],"character_chosen":"IRONCLAD","items_purchased":["Lee\u0027s Waffle","Pummel","Shrug It Off","BloodPotion"],"campfire_rested":2,"item_purchase_floors":[20,38,38,45],"current_hp_per_floor":[58,58,58,53,47,47,51,50,50,50,43,67,38,42,68,11,68,67,66,98,68,64,64,64,64,70,68,68,68,83,86,86,16,69,86,92,82,82,88,51,55,23,29,29,29,20,20,20,20,66],"gold":65,"neow_bonus":"RANDOM_COLORLESS_2","is_daily":false,"chose_seed":false,"campfire_upgraded":8,"win_rate":0.0,"timestamp":1609763453,"path_taken":["M","?","?","M","M","R","M","?","T","R","?","R","E","M","R","BOSS","M","M","$","?","M","R","E","?","T","M","$","R","M","E","R","BOSS","M","?","?","$","M","E","M","E","T","R","?","E","R","?","R","BOSS"],"items_purchased_type":["Relic","Card","Card","Potion"],"build_version":"2020-12-22","purchased_purges":2,"victory":true,"max_hp_per_floor":[75,75,75,75,75,75,79,83,83,83,83,83,83,87,87,87,87,87,91,98,68,68,68,72,72,78,82,82,82,86,86,86,86,86,86,92,92,92,92,92,92,92,98,98,98,98,98,98,98,102],"relic_stats":{"Darkstone Periapt":18,"Lee\u0027s Waffle":32,"Centennial Puzzle":[3],"counters":[23,159],"Tiny Chest":1,"PreservedInsect":50,"Juzu Bracelet":1,"War Paint":["Flex","Defend_R"],"Cursed Key":3,"obtain_stats":[{"Darkstone Periapt":24,"Lee\u0027s Waffle":20,"PreservedInsect":42,"Juzu Bracelet":36,"War Paint":43,"Cursed Key":17,"Burning Blood":0,"Anchor":36,"Centennial Puzzle":46,"Matryoshka":26,"Tiny Chest":9,"Molten Egg 2":40,"Coffee Dripper":34,"StrikeDummy":43,"Red Skull":13},{"Darkstone Periapt":12,"Lee\u0027s Waffle":10,"PreservedInsect":21,"Juzu Bracelet":17,"War Paint":21,"Cursed Key":8,"Burning Blood":0,"Anchor":17,"Centennial Puzzle":22,"Matryoshka":12,"Tiny Chest":5,"Molten Egg 2":19,"Coffee Dripper":16,"StrikeDummy":21,"Red Skull":6},{"Darkstone Periapt":65,"Lee\u0027s Waffle":48,"PreservedInsect":140,"Juzu Bracelet":115,"War Paint":140,"Cursed Key":39,"Burning Blood":0,"Anchor":115,"Centennial Puzzle":145,"Matryoshka":65,"Tiny Chest":15,"Molten Egg 2":125,"Coffee Dripper":98,"StrikeDummy":140,"Red Skull":20}],"Burning Blood":134},"card_choices":[{"not_picked":["Magnetism","Thinking Ahead"],"picked":"Apotheosis","floor":0.0},{"not_picked":["Dropkick","Flame Barrier"],"picked":"Intimidate","floor":1.0},{"not_picked":["Iron Wave","Combust","Armaments"],"picked":"SKIP","floor":4.0},{"not_picked":["Sword Boomerang","Body Slam"],"picked":"Feed","floor":5.0},{"not_picked":["Sword Boomerang","Armaments"],"picked":"Heavy Blade","floor":7.0},{"not_picked":["Intimidate","Spot Weakness"],"picked":"Disarm","floor":8.0},{"not_picked":["Pommel Strike","Cleave"],"picked":"Disarm","floor":13.0},{"not_picked":["Perfected Strike","Anger"],"picked":"Shrug It Off","floor":14.0},{"not_picked":["Impervious","Fiend Fire"],"picked":"Double Tap","floor":16.0},{"not_picked":["Twin Strike","Armaments"],"picked":"Shrug It Off","floor":18.0},{"not_picked":["Power Through","Thunderclap+1"],"picked":"Cleave","floor":19.0},{"not_picked":["Ghostly Armor","Heavy Blade"],"picked":"Shrug It Off","floor":22.0},{"not_picked":["Hemokinesis","Searing Blow+1"],"picked":"Uppercut","floor":24.0},{"not_picked":["Cleave","True Grit"],"picked":"Intimidate+1","floor":27.0},{"not_picked":["Cleave","Spot Weakness","Uppercut"],"picked":"SKIP","floor":30.0},{"not_picked":["Double Tap","Impervious"],"picked":"Reaper","floor":33.0},{"not_picked":["Headbutt","True Grit+1"],"picked":"Flex","floor":35.0},{"not_picked":["Impatience","Purity"],"picked":"Magnetism","floor":37.0},{"not_picked":["Deep Breath","Purity"],"picked":"Thinking Ahead","floor":37.0},{"not_picked":["The Bomb","Mind Blast"],"picked":"Magnetism","floor":37.0},{"not_picked":["Wild Strike","Thunderclap"],"picked":"Flex","floor":39.0},{"not_picked":["True Grit","Bludgeon+1","Armaments+1"],"picked":"SKIP","floor":40.0},{"not_picked":["Heavy Blade+1","Power Through+1"],"picked":"Battle Trance","floor":41.0},{"not_picked":["Warcry","True Grit","Clash+1"],"picked":"SKIP","floor":42},{"not_picked":["True Grit","Spot Weakness","Anger+1"],"picked":"SKIP","floor":46}],"player_experience":2177685,"relics_obtained":[{"floor":9.0,"key":"Tiny Chest"},{"floor":13.0,"key":"Red Skull"},{"floor":24.0,"key":"Darkstone Periapt"},{"floor":26.0,"key":"Matryoshka"},{"floor":36.0,"key":"Anchor"},{"floor":36.0,"key":"Juzu Bracelet"},{"floor":40.0,"key":"Molten Egg 2"},{"floor":42,"key":"PreservedInsect"},{"floor":43,"key":"War Paint"},{"floor":43,"key":"StrikeDummy"},{"floor":46,"key":"Centennial Puzzle"}],"event_choices":[{"damage_healed":0.0,"max_hp_gain":0.0,"max_hp_loss":0.0,"gold_gain":0.0,"event_name":"Accursed Blacksmith","player_choice":"Forge","floor":2.0,"gold_loss":0.0,"damage_taken":0.0,"cards_upgraded":["Apotheosis"]},{"cards_removed":["Strike_R"],"damage_healed":0.0,"max_hp_gain":0.0,"max_hp_loss":0.0,"gold_gain":0.0,"event_name":"Golden Wing","player_choice":"Card Removal","floor":11.0,"gold_loss":0.0,"damage_taken":7.0},{"damage_healed":0.0,"max_hp_gain":0.0,"max_hp_loss":30.0,"gold_gain":0.0,"event_name":"Vampires","player_choice":"Became a vampire","floor":21.0,"gold_loss":0.0,"damage_taken":0.0,"cards_obtained":["Bite","Bite","Bite","Bite","Bite"]},{"damage_healed":0.0,"max_hp_gain":0.0,"max_hp_loss":0.0,"gold_gain":0.0,"event_name":"Ghosts","player_choice":"Ignored","floor":25.0,"gold_loss":0.0,"damage_taken":0.0},{"damage_healed":0.0,"max_hp_gain":0.0,"max_hp_loss":0.0,"gold_gain":0.0,"event_name":"SensoryStone","player_choice":"Memory 3","floor":37.0,"gold_loss":0.0,"damage_taken":10.0},{"damage_healed":0,"gold_gain":0,"cards_transformed":["Bash"],"player_choice":"Transformed","damage_taken":0,"max_hp_gain":0,"max_hp_loss":0,"event_name":"Transmorgrifier","floor":48,"gold_loss":0,"cards_obtained":["Rage"]}],"is_beta":false,"boss_relics":[{"not_picked":["Ectoplasm","SlaversCollar"],"picked":"Cursed Key"},{"not_picked":["Runic Pyramid","Pandora\u0027s Box"],"picked":"Coffee Dripper"}],"items_purged_floors":[28,38],"is_endless":false,"potions_floor_spawned":[1,5,8,16,18,22,30,31,33,39,42,46],"ascension_level":18}}