{"host":"dn6kke80v5f7isus","time":1609792164,"event":{"mods":["AchievementEnabler","Act Like it!","BaseMod","Colored Powertips","Custom Start","Defuse TimeMaze Blight","Downfall","Duelist Mod","Gremlin Skip","Highlight Path","Hubris","Infinite Spire","Minty Spire (QoL Compilation)","Rare Cards Sparkle","Replay The Spire","StSLib","The Cursed","Uncapped"],"gold_per_floor":[144,164,164,164,45,45,57,82,82,82,82,82,82,96,96,199,249,261,261,261,275,286,319,319,337,364,65,65,90,110,143,143,242,242,254,254,254,254,254,254],"floor_reached":39,"playtime":2155,"items_purged":["theDuelist:ZombieCorpse","theDuelist:ZombieCorpse"],"score":483,"play_id":"e1a86bd9-b07c-4f7c-9f43-a0eaf9818694","local_time":"20210104152924","is_ascension_mode":true,"campfire_choices":[{"data":"theDuelist:GhostBelle","floor":6,"key":"SMITH"},{"data":"theDuelist:ShallowGrave","floor":10,"key":"SMITH"},{"data":"theDuelist:SkullConductor","floor":13,"key":"SMITH"},{"data":"theDuelist:MagicalGhost","floor":15,"key":"SMITH"},{"floor":24,"key":"REST"},{"floor":32,"key":"DIG"}],"circlet_count":0,"master_deck":["theDuelist:ZombieCorpse","theDuelist:ZombieCorpse","theDuelist:ArmoredZombie","theDuelist:ArmoredZombie","theDuelist:ArmoredZombie","theDuelist:ClownZombie+1","theDuelist:ClownZombie","theDuelist:PatricianDarkness","theDuelist:ShallowGrave+1","theDuelist:SkullConductor+1","theDuelist:TutanMask","theDuelist:GhostBelle+1","theDuelist:Polymerization+1","theDuelist:BeastPharaoh","theDuelist:MonsterReborn","theDuelist:MonsterReborn","theDuelist:VampireFamiliar","theDuelist:MonsterReborn","theDuelist:ShiranuiSamurai+1","Shame","theDuelist:BookEclipse","theDuelist:SuperPolymerization+1","theDuelist:PrematureBurial+1","theDuelist:TriWight+1"],"relics":["theDuelist:MillenniumPuzzle","theDuelist:CardPoolRelic","theDuelist:CardPoolBasicRelic","theDuelist:BoosterPackPoolRelic","theDuelist:CardPoolAddRelic","theDuelist:CardPoolMinusRelic","theDuelist:CardPoolSaveRelic","theDuelist:CardPoolOptionsRelic","NeowsBlessing","Question Card","Lizard Tail","theDuelist:VampiricPendant","Tiny House","Replay:Bottled Steam","infinitespire:Satchel","Replay:Rubber Ducky","hubris:AncientText","Akabeko","Replay:Mystery Machine","Charon\u0027s Ashes","Astrolabe","hubris:FruitBowl","theDuelist:BoosterExtraAllRaresRelic"],"acts_visited":["Exordium","TheCity","TheBeyond"],"potions_floor_usage":[22,23,29,29,30,39],"damage_taken":[{"damage":0,"enemies":"Jaw Worm","floor":1,"turns":1},{"damage":0,"enemies":"2 Louse","floor":2,"turns":1},{"damage":0,"enemies":"Cultist","floor":7,"turns":1},{"damage":15,"enemies":"3 Sentries","floor":8,"turns":8},{"damage":0,"enemies":"Exordium Wildlife","floor":14,"turns":3},{"damage":7,"enemies":"The Guardian","floor":16,"turns":10},{"damage":7,"enemies":"Shell Parasite","floor":18,"turns":7},{"damage":0,"enemies":"Spheric Guardian","floor":21,"turns":5},{"damage":10,"enemies":"Shelled Parasite and Fungi","floor":22,"turns":4},{"damage":18,"enemies":"Book of Stabbing","floor":23,"turns":5},{"damage":0,"enemies":"Centurion and Healer","floor":25,"turns":8},{"damage":0,"enemies":"Nightmare","floor":29,"turns":7},{"damage":0,"enemies":"3 Cultists","floor":30,"turns":6},{"damage":12,"enemies":"Book of Stabbing","floor":31,"turns":5},{"damage":18,"enemies":"Automaton","floor":33,"turns":10},{"damage":21,"enemies":"Orb Walker","floor":35,"turns":5},{"damage":10,"enemies":"3 Darklings","floor":39,"turns":3}],"seed_played":"-6063716915808365211","potions_obtained":[{"floor":2,"key":"theDuelist:GiftPotion"},{"floor":14,"key":"Flashbang"},{"floor":17,"key":"theDuelist:ElectricBrew"},{"floor":23,"key":"theDuelist:WaterBottle"},{"floor":25,"key":"Explosive Potion"},{"floor":29,"key":"Swift Potion"},{"floor":35,"key":"theDuelist:TokenPotion"}],"is_trial":false,"path_per_floor":["M","M","?","?","$","R","M","E","T","R","?","?","R","M","R","B",null,"M","?","?","M","M","E","R","M","T","$","?","NM","M","E","R","B",null,"M","?","$","AVR","M"],"character_chosen":"THE_DUELIST","items_purchased":["theDuelist:BeastPharaoh","theDuelist:BookMoon","Replay:Rubber Ducky","theDuelist:VampireDragon","hubris:FruitBowl"],"campfire_rested":1,"item_purchase_floors":[5,5,27,27,37],"current_hp_per_floor":[80,80,80,80,80,80,80,65,65,65,59,80,80,80,80,73,85,78,78,62,62,52,48,70,70,70,70,70,70,70,58,58,40,76,55,55,36,36,26,26],"gold":254,"neow_bonus":"THREE_ENEMY_KILL","is_daily":false,"chose_seed":false,"campfire_upgraded":4,"win_rate":0.0,"timestamp":1609792164,"path_taken":["M","M","?","?","$","R","?","E","T","R","?","?","R","M","R","BOSS","M","?","?","M","M","E","R","M","T","$","?","NM","M","E","R","BOSS","M","?","?","AVR","M"],"items_purchased_type":["Card","Card","Relic","Card","Relic"],"build_version":"2020-12-22","purchased_purges":2,"victory":false,"max_hp_per_floor":[80,80,80,80,80,80,80,80,80,80,80,80,80,80,80,80,85,82,82,82,79,76,76,76,76,76,76,76,76,76,76,76,76,76,76,76,76,76,76,76],"card_choices":[{"not_picked":["theDuelist:VampireGrimson","theDuelist:GoblinZombie","theDuelist:VampireBaby","theDuelist:CrimsonKnightVampire"],"picked":"theDuelist:GhostBelle","floor":1},{"not_picked":["theDuelist:GoblinZombie","theDuelist:DarkDustSpirit","theDuelist:NecroworldBanshee","theDuelist:VampireSorcerer"],"picked":"theDuelist:Polymerization","floor":2},{"not_picked":["theDuelist:ZombiePowerStruggle","theDuelist:VampireDomain","theDuelist:Mausoleum","theDuelist:EndlessDecay"],"picked":"SKIP","floor":7},{"not_picked":["theDuelist:FossilDragon","theDuelist:SkullFlame","theDuelist:PMCaptor","theDuelist:FuryFire","theDuelist:GlowUpBloom"],"picked":"SKIP","floor":8},{"not_picked":["theDuelist:FossilDragon","theDuelist:RedHeadedOni","theDuelist:CalledByGrave","theDuelist:EnmaJudgement"],"picked":"theDuelist:MagicalGhost","floor":14},{"not_picked":["theDuelist:UltraPolymerization","theDuelist:SoulRelease","theDuelist:BookLife","theDuelist:BookEclipse"],"picked":"theDuelist:MonsterReborn","floor":16},{"not_picked":["theDuelist:CorrodingShark","theDuelist:FossilDragon","theDuelist:RebornZombie","theDuelist:SkullFlame","theDuelist:ShiranuiSwordmaster"],"picked":"SKIP","floor":18},{"not_picked":["theDuelist:VendreadNightmare","theDuelist:VendreadDaybreak","theDuelist:UltraPolymerization","theDuelist:BookLife"],"picked":"theDuelist:MonsterReborn","floor":21},{"not_picked":["theDuelist:FossilSkullknight","theDuelist:Tsukahagi","theDuelist:Polymerization","theDuelist:BookMoon"],"picked":"theDuelist:VampireFamiliar","floor":22},{"not_picked":["theDuelist:GhostrickStein","theDuelist:FragmentFusion","theDuelist:VendreadStriges","theDuelist:InstantFusion"],"picked":"theDuelist:MonsterReborn","floor":23},{"not_picked":["theDuelist:VampireHunter","theDuelist:GhostrickAlucard","theDuelist:VendreadStriges+1","theDuelist:Dakki"],"picked":"theDuelist:ShiranuiSamurai+1","floor":25},{"not_picked":["theDuelist:EndlessDecay","theDuelist:DimensionFusion+1","theDuelist:AntiFusionDevice+1"],"picked":"theDuelist:ZombiePowerStruggle+1","floor":29},{"not_picked":["theDuelist:VampireGrace","theDuelist:PrematureBurial","theDuelist:VampireRedBaron+1","theDuelist:MayakashiWinter"],"picked":"theDuelist:DespairFromDark+1","floor":30},{"not_picked":["theDuelist:CrimsonKnightVampire","theDuelist:VendreadRevenants","theDuelist:VendreadAnima","theDuelist:GhostrickYeti+1","theDuelist:GhostrickGhoul"],"picked":"SKIP","floor":31},{"not_picked":["theDuelist:VendreadDaybreak","theDuelist:RobbinZombie+1","theDuelist:InstantFusion","theDuelist:FusionGuard+1"],"picked":"theDuelist:BookEclipse","floor":33},{"not_picked":["theDuelist:AshBlossom","theDuelist:BoneMouse+1","theDuelist:ParallelWorldFusion+1","theDuelist:Chewbone"],"picked":"theDuelist:TriWight+1","floor":35}],"player_experience":517396,"relics_obtained":[{"floor":8,"key":"Question Card"},{"floor":9,"key":"Lizard Tail"},{"floor":23,"key":"Replay:Bottled Steam"},{"floor":26,"key":"infinitespire:Satchel"},{"floor":29,"key":"Akabeko"},{"floor":31,"key":"Replay:Mystery Machine"},{"floor":32,"key":"Charon\u0027s Ashes"}],"event_choices":[{"damage_healed":0,"gold_gain":0,"player_choice":"Leave","duelist":true,"damage_taken":0,"max_hp_gain":0,"max_hp_loss":0,"event_name":"Relic Duplicator","floor":4,"gold_loss":0},{"damage_healed":0,"gold_gain":0,"player_choice":"Dig - random Duelist relic","duelist":true,"damage_taken":0,"max_hp_gain":0,"max_hp_loss":0,"event_name":"Aknamkanon\u0027s Tomb","floor":11,"gold_loss":0},{"damage_healed":26,"gold_gain":0,"player_choice":"Banana","damage_taken":0,"max_hp_gain":0,"max_hp_loss":0,"event_name":"Big Fish","floor":12,"gold_loss":0},{"damage_healed":0,"gold_gain":0,"player_choice":"Obtained Book","damage_taken":16,"max_hp_gain":0,"max_hp_loss":0,"event_name":"Cursed Tome","floor":20,"gold_loss":0},{"damage_healed":0,"gold_gain":0,"player_choice":"Stole Relic","damage_taken":0,"relics_obtained":["hubris:AncientText"],"max_hp_gain":0,"max_hp_loss":0,"event_name":"Addict","floor":28,"gold_loss":0,"cards_obtained":["Shame"]},{"damage_healed":0,"gold_gain":0,"player_choice":"Ignored","damage_taken":0,"max_hp_gain":0,"max_hp_loss":0,"event_name":"NoteForYourself","floor":36,"gold_loss":0}],"is_beta":false,"boss_relics":[{"not_picked":["infinitespire:Burning Sword","Sozu"],"picked":"Tiny House"},{"not_picked":["Snecko Eye","hubris:BlackHole"],"picked":"Astrolabe"}],"items_purged_floors":[27,38],"is_endless":true,"potions_floor_spawned":[2,14,18,21,23,25,29,35],"killed_by":"3 Darklings","ascension_level":1}}