{"host":"vumwfieg2b2mnrfl","time":1609733114,"event":{"mods":["AchievementEnabler","BaseMod","Minty Spire (QoL Compilation)","Rare Cards Sparkle","Relic Stats"],"gold_per_floor":[109,121,121,141,71,397,397,423,423,198,230,230,244,258,258,359,359,359,314,314,17,17,17,17,17,17,17,17,17,17,17,17,17,17,17,0,0,0,0,0,0,0,0,0,0,0,0,0,0,0],"floor_reached":51,"playtime":1977,"items_purged":["Strike_P"],"score":987,"play_id":"32596a75-e0ca-4ee4-a4f0-7a3e84c7db31","local_time":"20210103220514","is_ascension_mode":true,"campfire_choices":[{"floor":7,"key":"REST"},{"floor":15,"key":"REST"},{"data":"Eruption","floor":23,"key":"SMITH"},{"floor":25,"key":"REST"},{"floor":28,"key":"REST"},{"floor":32,"key":"REST"},{"floor":41,"key":"REST"},{"floor":47,"key":"REST"},{"floor":49,"key":"REST"}],"circlet_count":0,"master_deck":["Strike_P","Strike_P","Strike_P+1","Defend_P+1","Defend_P+1","Defend_P+1","Eruption+1","Vigilance","FearNoEvil","FlurryOfBlows+1","InnerPeace+1","Adaptation+1","ReachHeaven+1","Ragnarok","Vengeance+1","Wallop","Wallop+1","LessonLearned+1","CutThroughFate+1","Perseverance+1","Protect+1","Consecrate+1","Evaluate+1","Indignation","Establishment","CurseOfTheBell","Meditate+1","CutThroughFate+1","SandsOfTime+1","ForeignInfluence+1","Crescendo+1","Tantrum","Protect","MentalFortress+1"],"relics":["PureWater","Old Coin","GoldenEye","Prayer Wheel","Vajra","Question Card","Ectoplasm","Pocketwatch","War Paint","Bag of Marbles","Mango","Calling Bell","Bronze Scales","Kunai","Du-Vu Doll","Red Mask","TungstenRod","Peace Pipe","StrikeDummy","Mercury Hourglass","Damaru","Sundial","Orichalcum"],"acts_visited":["Exordium","TheCity","TheBeyond"],"potions_floor_usage":[8,14,16,24,30,38,39],"damage_taken":[{"damage":0,"enemies":"Jaw Worm","floor":1,"turns":3},{"damage":0,"enemies":"Small Slimes","floor":2,"turns":2},{"damage":0,"enemies":"Cultist","floor":4,"turns":3},{"damage":12,"enemies":"Lagavulin","floor":6,"turns":5},{"damage":0,"enemies":"Gremlin Nob","floor":8,"turns":2},{"damage":14,"enemies":"Lagavulin","floor":11,"turns":7},{"damage":19,"enemies":"Exordium Wildlife","floor":13,"turns":2},{"damage":10,"enemies":"Exordium Thugs","floor":14,"turns":3},{"damage":30,"enemies":"Hexaghost","floor":16,"turns":5},{"damage":4,"enemies":"3 Byrds","floor":18,"turns":3},{"damage":19,"enemies":"2 Thieves","floor":19,"turns":3},{"damage":14,"enemies":"Sentry and Sphere","floor":22,"turns":3},{"damage":41,"enemies":"Book of Stabbing","floor":24,"turns":6},{"damage":0,"enemies":"Centurion and Healer","floor":29,"turns":4},{"damage":15,"enemies":"Slavers","floor":30,"turns":4},{"damage":0,"enemies":"3 Cultists","floor":31,"turns":4},{"damage":4,"enemies":"Champ","floor":33,"turns":6},{"damage":9,"enemies":"3 Shapes","floor":35,"turns":4},{"damage":20,"enemies":"3 Darklings","floor":37,"turns":3},{"damage":44,"enemies":"2 Orb Walkers","floor":38,"turns":4},{"damage":0,"enemies":"Writhing Mass","floor":39,"turns":1},{"damage":0,"enemies":"Giant Head","floor":40,"turns":5},{"damage":15,"enemies":"Reptomancer","floor":42,"turns":5},{"damage":0,"enemies":"Jaw Worm Horde","floor":45,"turns":2},{"damage":28,"enemies":"Nemesis","floor":46,"turns":5},{"damage":53,"enemies":"Donu and Deca","floor":50,"turns":7}],"seed_played":"8835712545756556428","potions_obtained":[{"floor":1,"key":"AttackPotion"},{"floor":11,"key":"LiquidBronze"},{"floor":13,"key":"FearPotion"},{"floor":18,"key":"FairyPotion"},{"floor":19,"key":"Swift Potion"},{"floor":20,"key":"SmokeBomb"},{"floor":20,"key":"Energy Potion"},{"floor":29,"key":"BlessingOfTheForge"},{"floor":30,"key":"Regen Potion"},{"floor":45,"key":"SteroidPotion"}],"is_trial":false,"path_per_floor":["M","M","?","M","$","E","R","E","T","$","E","?","M","M","R","B",null,"M","M","?","$","M","R","E","R","T","$","R","M","E","M","R","B",null,"M","?","M","?","M","E","R","E","T","T","M","E","R","?","R","B",null],"character_chosen":"WATCHER","items_purchased":["Adaptation","Vajra","Pocketwatch"],"campfire_rested":8,"item_purchase_floors":[5,10,21],"current_hp_per_floor":[65,65,48,48,48,36,61,61,61,61,47,47,28,18,43,13,86,82,63,63,63,49,49,8,33,33,33,58,58,57,57,87,83,100,91,91,71,39,39,39,69,54,54,54,54,26,56,56,86,33],"gold":0,"neow_bonus":"TWENTY_PERCENT_HP_BONUS","is_daily":false,"chose_seed":false,"campfire_upgraded":1,"win_rate":0.0,"timestamp":1609733114,"path_taken":["M","M","?","M","$","E","R","E","T","$","E","?","M","?","R","BOSS","M","M","?","?","?","R","E","R","T","$","R","M","E","M","R","BOSS","M","?","M","?","M","E","R","E","T","?","?","E","R","?","R","BOSS"],"items_purchased_type":["Card","Relic","Relic"],"build_version":"2020-12-22","purchased_purges":1,"victory":true,"max_hp_per_floor":[86,86,86,86,86,86,86,86,86,86,86,86,86,86,86,86,86,86,86,86,86,86,86,86,86,86,86,86,86,100,100,100,100,100,100,100,100,100,100,100,100,100,100,100,100,100,100,100,100,100],"relic_stats":{"counters":[26,101],"War Paint":["Defend_P","Defend_P"],"Orichalcum":[6],"GoldenEye":[50],"Question Card":29,"Mercury Hourglass":[35],"Peace Pipe":0,"Sundial":[0],"Bronze Scales":[93],"Prayer Wheel":10,"Ectoplasm":557,"Kunai":[20],"obtain_stats":[{"Vajra":10,"Damaru":44,"Mango":30,"War Paint":24,"Orichalcum":48,"GoldenEye":8,"Question Card":11,"Old Coin":6,"Mercury Hourglass":43,"Calling Bell":34,"Du-Vu Doll":34,"Peace Pipe":40,"Sundial":46,"Bronze Scales":34,"Prayer Wheel":9,"Ectoplasm":17,"Bag of Marbles":26,"Red Mask":36,"Kunai":34,"PureWater":0,"StrikeDummy":42,"TungstenRod":38,"Pocketwatch":21},{"Vajra":5,"Damaru":23,"Mango":15,"War Paint":13,"Orichalcum":25,"GoldenEye":5,"Question Card":6,"Old Coin":4,"Mercury Hourglass":23,"Calling Bell":17,"Du-Vu Doll":17,"Peace Pipe":22,"Sundial":25,"Bronze Scales":17,"Prayer Wheel":5,"Ectoplasm":9,"Bag of Marbles":13,"Red Mask":18,"Kunai":17,"PureWater":0,"StrikeDummy":23,"TungstenRod":20,"Pocketwatch":11},{"Vajra":15,"Damaru":87,"Mango":55,"War Paint":47,"Orichalcum":94,"GoldenEye":15,"Question Card":22,"Old Coin":13,"Mercury Hourglass":87,"Calling Bell":65,"Du-Vu Doll":65,"Peace Pipe":82,"Sundial":94,"Bronze Scales":65,"Prayer Wheel":15,"Ectoplasm":32,"Bag of Marbles":47,"Red Mask":69,"Kunai":65,"PureWater":0,"StrikeDummy":87,"TungstenRod":76,"Pocketwatch":38}],"TungstenRod":13,"Pocketwatch":[37]},"card_choices":[{"not_picked":["FlurryOfBlows","JustLucky"],"picked":"FearNoEvil","floor":1},{"not_picked":["BowlingBash","ForeignInfluence"],"picked":"FlurryOfBlows","floor":2},{"not_picked":["ThirdEye","Prostrate"],"picked":"InnerPeace","floor":4},{"not_picked":["EmptyFist","Study"],"picked":"ReachHeaven","floor":6},{"not_picked":["PathToVictory","DevaForm"],"picked":"Ragnarok","floor":8},{"not_picked":["ThirdEye","PathToVictory"],"picked":"Vengeance","floor":11},{"not_picked":["Prostrate","Consecrate","Adaptation"],"picked":"Wallop","floor":13},{"not_picked":["SashWhip","Nirvana","EmptyBody","Vengeance"],"picked":"SKIP","floor":13},{"not_picked":["WreathOfFlame","SashWhip","FollowUp"],"picked":"Wallop","floor":14},{"not_picked":["Protect","Crescendo","CutThroughFate","FearNoEvil"],"picked":"SKIP","floor":14},{"not_picked":["Vault","MasterReality","Wish"],"picked":"LessonLearned","floor":16},{"not_picked":["LikeWater","SignatureMove+1","Vengeance"],"picked":"JustLucky+1","floor":18},{"not_picked":["Adaptation","Crescendo","BowlingBash","SandsOfTime"],"picked":"SKIP","floor":18},{"not_picked":["FollowUp","CrushJoints+1","PathToVictory+1"],"picked":"CutThroughFate","floor":19},{"not_picked":["SignatureMove","Collect","BowlingBash","WreathOfFlame"],"picked":"SKIP","floor":19},{"not_picked":["CutThroughFate+1","SashWhip+1","FlurryOfBlows"],"picked":"Perseverance+1","floor":22},{"not_picked":["SashWhip","Ragnarok","BowlingBash","Protect+1"],"picked":"SKIP","floor":22},{"not_picked":["Blasphemy","SignatureMove","Conclude"],"picked":"Protect+1","floor":24},{"not_picked":["FlurryOfBlows","SandsOfTime","Crescendo"],"picked":"Consecrate","floor":29},{"not_picked":["Prostrate","Evaluate","Halt","Protect"],"picked":"SKIP","floor":29},{"not_picked":["ReachHeaven","Blasphemy","DeceiveReality"],"picked":"Evaluate+1","floor":30},{"not_picked":["BowlingBash","Consecrate","PathToVictory"],"picked":"Indignation","floor":31},{"not_picked":["Evaluate","BowlingBash","SashWhip","ThirdEye"],"picked":"SKIP","floor":31},{"not_picked":["SpiritShield","Wish","Scrawl"],"picked":"Establishment","floor":33},{"not_picked":["InnerPeace","ThirdEye+1","Consecrate+1"],"picked":"Meditate+1","floor":35},{"not_picked":["Protect","BattleHymn","Prostrate+1","Study+1"],"picked":"SKIP","floor":35},{"not_picked":["Worship","Indignation+1","SashWhip"],"picked":"CutThroughFate+1","floor":37},{"not_picked":["EmptyMind+1","Evaluate","Study","SashWhip+1"],"picked":"SKIP","floor":37},{"not_picked":["CrushJoints+1","Devotion","EmptyFist+1"],"picked":"SandsOfTime+1","floor":38},{"not_picked":["ThirdEye+1","Brilliance","DeceiveReality"],"picked":"ForeignInfluence+1","floor":40},{"not_picked":["PathToVictory","ThirdEye","LikeWater"],"picked":"Crescendo+1","floor":42},{"not_picked":["FlyingSleeves+1","ThirdEye","Perseverance+1"],"picked":"Tantrum","floor":45},{"not_picked":["BowlingBash","Brilliance","EmptyFist"],"picked":"Protect","floor":45},{"not_picked":["Prostrate","FollowUp+1","Wallop+1"],"picked":"MentalFortress+1","floor":46}],"player_experience":361994,"relics_obtained":[{"floor":6,"key":"Old Coin"},{"floor":8,"key":"GoldenEye"},{"floor":9,"key":"Prayer Wheel"},{"floor":11,"key":"Question Card"},{"floor":24,"key":"War Paint"},{"floor":26,"key":"Bag of Marbles"},{"floor":30,"key":"Mango"},{"floor":34,"key":"Bronze Scales"},{"floor":34,"key":"Kunai"},{"floor":34,"key":"Du-Vu Doll"},{"floor":38,"key":"TungstenRod"},{"floor":40,"key":"Peace Pipe"},{"floor":42,"key":"StrikeDummy"},{"floor":43,"key":"Mercury Hourglass"},{"floor":44,"key":"Damaru"},{"floor":46,"key":"Sundial"}],"event_choices":[{"damage_healed":0,"gold_gain":0,"player_choice":"Entered Light","damage_taken":17,"max_hp_gain":0,"max_hp_loss":0,"event_name":"Shining Light","floor":3,"gold_loss":0,"cards_upgraded":["Defend_P","Strike_P"]},{"cards_removed":["Defend_P"],"damage_healed":0,"gold_gain":0,"player_choice":"Purged","damage_taken":0,"max_hp_gain":0,"max_hp_loss":0,"event_name":"Purifier","floor":12,"gold_loss":0},{"damage_healed":0,"gold_gain":0,"player_choice":"Got Potions","damage_taken":0,"max_hp_gain":0,"max_hp_loss":0,"event_name":"Lab","floor":20,"gold_loss":0},{"damage_healed":0,"gold_gain":0,"player_choice":"Paid","damage_taken":0,"relics_obtained":["Red Mask"],"max_hp_gain":0,"max_hp_loss":0,"event_name":"Tomb of Lord Red Mask","floor":36,"gold_loss":17},{"damage_healed":0,"gold_gain":0,"player_choice":"Fight","damage_taken":0,"max_hp_gain":0,"max_hp_loss":0,"event_name":"Mysterious Sphere","floor":38,"gold_loss":0},{"cards_removed":["JustLucky"],"damage_healed":0,"gold_gain":0,"player_choice":"Gave Card","damage_taken":0,"relics_obtained":["Orichalcum"],"max_hp_gain":0,"max_hp_loss":0,"event_name":"WeMeetAgain","floor":48,"gold_loss":0}],"is_beta":false,"boss_relics":[{"not_picked":["Cursed Key","Empty Cage"],"picked":"Ectoplasm"},{"not_picked":["Runic Dome","Tiny House"],"picked":"Calling Bell"}],"items_purged_floors":[10],"is_endless":false,"potions_floor_spawned":[1,11,13,18,19,29,30,35,37,45],"ascension_level":3}}