{"host":"igj4vwc42ivwqexo","time":1609785862,"event":{"mods":["BaseMod","Better Third Choice","Koishi","Marisa????????","Minty Spire (QoL Compilation)","Shop Mod","StSLib","The Blue Laboratory","The Disciple","The Hierophant","The Servant 0.9.4"],"gold_per_floor":[114,132,82,95,109,109,124,124,124,175,250,287,342,430,430,430,430],"floor_reached":16,"playtime":1707,"items_purged":[],"score":112,"play_id":"a1c84dd5-e8c7-4c60-9814-86f1bf79733d","local_time":"20210104194422","is_ascension_mode":false,"campfire_choices":[{"data":"MaximisePower","floor":6,"key":"SMITH"},{"data":"WitchOfGreed","floor":8,"key":"SMITH"},{"data":"MagicChant","floor":15,"key":"SMITH"}],"circlet_count":0,"master_deck":["Strike_MRS","Strike_MRS","Strike_MRS","Defend_MRS","Defend_MRS","Defend_MRS","Defend_MRS","MasterSpark","UpSweep","DeepEcoloBomb","Acceleration","MaximisePower+1","LuminesStrike","WitchOfGreed+1","MagicAbsorber","PowerUp","MagicChant+1","ManaConvection"],"relics":["MiniHakkero","MealTicket","Bag of Marbles","HornCleat","AmplifyWand"],"acts_visited":["Exordium"],"potions_floor_usage":[10,12,13,13,14,16,16,16],"damage_taken":[{"damage":5,"enemies":"Small Slimes","floor":1,"turns":3},{"damage":2,"enemies":"2 Louse","floor":2,"turns":2},{"damage":2,"enemies":"Jaw Worm","floor":4,"turns":3},{"damage":19,"enemies":"Large Slime","floor":5,"turns":8},{"damage":15,"enemies":"Blue Slaver","floor":7,"turns":3},{"damage":12,"enemies":"3 Sentries","floor":10,"turns":5},{"damage":0,"enemies":"2 Fungi Beasts","floor":12,"turns":3},{"damage":11,"enemies":"Lagavulin","floor":13,"turns":5},{"damage":6,"enemies":"Lagavulin Event","floor":14,"turns":5},{"damage":13,"enemies":"The Guardian","floor":16,"turns":6}],"seed_played":"5939533480356815679","potions_obtained":[{"floor":1,"key":"blueLaboratory:FrostheartPotion"},{"floor":7,"key":"Energy Potion"},{"floor":10,"key":"Dexterity Potion"},{"floor":10,"key":"blueLaboratory:CorrosionFlask"},{"floor":12,"key":"Regen Potion"},{"floor":13,"key":"Weak Potion"},{"floor":14,"key":"Dexterity Potion"},{"floor":14,"key":"blueLaboratory:Moonshine"}],"is_trial":false,"path_per_floor":["M","M","?","M","M","R","M","R","T","E","?","M","E","?","R","B"],"character_chosen":"MARISA","items_purchased":[],"campfire_rested":0,"item_purchase_floors":[],"current_hp_per_floor":[77,75,75,73,54,54,39,39,39,27,16,16,17,11,11,0,0],"gold":430,"neow_bonus":"TEN_PERCENT_HP_BONUS","is_daily":false,"chose_seed":false,"campfire_upgraded":3,"win_rate":0.0,"timestamp":1609785862,"path_taken":["M","M","?","M","M","R","M","R","T","E","?","M","E","?","R","BOSS"],"items_purchased_type":[],"build_version":"2020-12-22","purchased_purges":0,"victory":false,"max_hp_per_floor":[82,82,82,82,82,82,82,82,82,82,82,82,82,82,82,82,82],"card_choices":[{"not_picked":["Orbital","IllusionStar"],"picked":"DeepEcoloBomb","floor":1},{"not_picked":["UnstableBomb","DoubleSpark"],"picked":"Acceleration","floor":2},{"not_picked":["OneTimeOff","6A"],"picked":"MaximisePower","floor":4},{"not_picked":["Acceleration","ShootingEcho"],"picked":"LuminesStrike","floor":5},{"not_picked":["ChargingUp","PowerUp"],"picked":"WitchOfGreed","floor":7},{"not_picked":["GalacticHalo","SatelliteIllusion"],"picked":"MagicAbsorber","floor":10},{"not_picked":["6A","Occultation"],"picked":"PowerUp","floor":12},{"not_picked":["MysteriousBeam","AlicesGift"],"picked":"MagicChant","floor":13},{"not_picked":["PowerUp","MilkyWay"],"picked":"ManaConvection","floor":14}],"player_experience":335816,"relics_obtained":[{"floor":9,"key":"MealTicket"},{"floor":10,"key":"Bag of Marbles"},{"floor":13,"key":"HornCleat"}],"event_choices":[{"cards_removed":["Strike_MRS"],"damage_healed":0,"gold_gain":0,"player_choice":"Card Removal","damage_taken":0,"max_hp_gain":0,"max_hp_loss":0,"event_name":"The Cleric","floor":3,"gold_loss":50},{"damage_healed":0,"gold_gain":75,"player_choice":"Gold","damage_taken":11,"max_hp_gain":0,"max_hp_loss":0,"event_name":"betterThird:BetterGoop","floor":11,"gold_loss":0},{"damage_healed":0,"gold_gain":30,"player_choice":"Searched \u00273\u0027 times","damage_taken":0,"relics_obtained":["AmplifyWand"],"max_hp_gain":0,"max_hp_loss":0,"event_name":"Dead Adventurer","floor":14,"gold_loss":0}],"is_beta":false,"boss_relics":[],"items_purged_floors":[],"is_endless":false,"potions_floor_spawned":[1,7,10,14],"killed_by":"The Guardian","ascension_level":0}}