{"host":"jgqxb38yl0c1w101","time":1609723150,"event":{"mods":["BaseMod","Colored Map","Downfall","Minty Spire (QoL Compilation)","StSLib"],"gold_per_floor":[99,112,130,144,144,44,112,144,154,166,184,184,215,225,236,236,236,236],"floor_reached":16,"playtime":865,"items_purged":[],"score":139,"play_id":"6ba3dfeb-289e-47ce-b3d1-095034e3dff8","local_time":"20210103201910","is_ascension_mode":true,"campfire_choices":[{"floor":1,"key":"RECALL"},{"data":"champ:Taunt","floor":6,"key":"SMITH"},{"data":"champ:PerfectedStrike","floor":12,"key":"SMITH"}],"circlet_count":0,"master_deck":["champ:Strike","champ:Strike","champ:Strike","champ:Strike","champ:Defend","champ:Defend","champ:Defend","champ:Execute","champ:Taunt+1","champ:PerfectedStrike","champ:FanOfKnives","champ:BringItOn","champ:FalseCounter","champ:BerserkersShout","champ:PerfectedStrike+1","champ:BladeFlurry","champ:RapidStrikes","champ:IronFortress","champ:EnGarde","champ:RisingSlash"],"relics":["champ:ChampionCrown","Akabeko","downfall:HeartBlessingRed","Mummified Hand","Bronze Scales","Bag of Preparation"],"acts_visited":["Exordium"],"potions_floor_usage":[8,15,16,16],"damage_taken":[{"damage":5,"enemies":"2 Louse","floor":2,"turns":3},{"damage":0,"enemies":"Cultist","floor":3,"turns":2},{"damage":7,"enemies":"Jaw Worm","floor":4,"turns":2},{"damage":21,"enemies":"Gremlin Nob","floor":8,"turns":3},{"damage":25,"enemies":"Exordium Thugs","floor":9,"turns":3},{"damage":14,"enemies":"Gremlin Gang","floor":10,"turns":3},{"damage":12,"enemies":"Large Slime","floor":11,"turns":4},{"damage":26,"enemies":"Lagavulin","floor":13,"turns":4},{"damage":7,"enemies":"3 Louse","floor":14,"turns":2},{"damage":9,"enemies":"2 Fungi Beasts","floor":15,"turns":3},{"damage":29,"enemies":"downfall:Defect","floor":16,"turns":4}],"seed_played":"-4691823611413770874","potions_obtained":[{"floor":2,"key":"GamblersBrew"},{"floor":8,"key":"Dexterity Potion"},{"floor":9,"key":"EssenceOfSteel"},{"floor":14,"key":"SneckoOil"}],"is_trial":false,"path_per_floor":["R","M","M","M","?","R","T","E","M","M","M","R","E","M","M","B"],"character_chosen":"THE_CHAMP","items_purchased":[],"campfire_rested":0,"item_purchase_floors":[],"current_hp_per_floor":[90,90,90,83,83,83,83,67,53,48,48,48,28,21,18,0,0,0],"gold":236,"neow_bonus":"RANDOM_COMMON_RELIC","is_daily":false,"chose_seed":false,"campfire_upgraded":2,"win_rate":0.0,"timestamp":1609723150,"path_taken":["R","M","M","M","?","R","T","E","M","M","M","R","E","M","M","BOSS"],"items_purchased_type":[],"build_version":"2020-12-22","purchased_purges":0,"victory":false,"max_hp_per_floor":[90,90,90,90,90,90,90,90,90,90,90,90,90,90,90,90,90,90],"card_choices":[{"not_picked":["champ:CrownThrow","champ:SwordSigil"],"picked":"champ:PerfectedStrike","floor":2},{"not_picked":["champ:DefensiveStyle","champ:Circumvent"],"picked":"champ:FanOfKnives","floor":3},{"not_picked":["champ:Lariat","champ:PreemptiveStrike"],"picked":"champ:BringItOn","floor":4},{"not_picked":["champ:CrownThrow","champ:GutPunch"],"picked":"champ:BerserkersShout","floor":8},{"not_picked":["champ:Shatter","champ:RageSigil"],"picked":"champ:PerfectedStrike","floor":9},{"not_picked":["champ:PreciseThrust","champ:DeathBlow"],"picked":"champ:BladeFlurry","floor":10},{"not_picked":["champ:RecklessLeap","champ:Haymaker"],"picked":"champ:RapidStrikes","floor":11},{"not_picked":["champ:PerfectedStrike","champ:Shatter"],"picked":"champ:IronFortress","floor":13},{"not_picked":["champ:PerfectedStrike","champ:GutPunch"],"picked":"champ:EnGarde","floor":14},{"not_picked":["champ:BringItOn","champ:PerfectedStrike"],"picked":"champ:RisingSlash","floor":15}],"player_experience":138633,"relics_obtained":[{"floor":7,"key":"Mummified Hand"},{"floor":8,"key":"Bronze Scales"},{"floor":13,"key":"Bag of Preparation"}],"event_choices":[],"is_beta":false,"boss_relics":[],"items_purged_floors":[],"is_endless":false,"potions_floor_spawned":[2,8,9,14],"killed_by":"downfall:Defect","ascension_level":4}}