{"host":"Timothy","time":1609719874,"event":{"mods":["AchievementEnabler","BaseMod","Bestiary","Highlight Path","Minty Spire (QoL Compilation)","Quick Restart","Slay-I"],"gold_per_floor":[114,129,144,159,109,139,239,254,254,254,269,284,314,329,329,429,429,444,444,459,164,164,194,44,74,99,99,99,114,129,144,144,244,244,259,259,274,274,124,139,139,169,169,199,214,214,229,244,244,244],"floor_reached":51,"playtime":4015,"items_purged":[],"score":938,"play_id":"78788592-9a35-472b-81d8-ef1d7bd5f44a","local_time":"20210103162434","daily_mods":["Allstar","Hoarder","Terminal"],"is_ascension_mode":false,"campfire_choices":[{"data":"Defend_R","floor":10.0,"key":"SMITH"},{"data":"Good Instincts","floor":15.0,"key":"SMITH"},{"floor":32.0,"key":"REST"},{"data":"PanicButton+1","floor":46.0,"key":"PURGE"},{"data":"PanicButton+1","floor":49.0,"key":"PURGE"}],"circlet_count":0,"master_deck":["Strike_R+1","Strike_R+1","Defend_R+1","Defend_R+1","Defend_R+1","Defend_R+1","Bash+1","Thinking Ahead+1","Thinking Ahead+1","Thinking Ahead+1","The Bomb+1","The Bomb+1","The Bomb+1","Secret Weapon+1","Secret Weapon+1","Secret Weapon+1","Good Instincts+1","Good Instincts+1","Good Instincts+1","Anger+1","Anger+1","Anger+1","Pummel+1","Pummel+1","Pummel+1","Feed+1","Feed+1","Feed+1","Bludgeon+1","Bludgeon+1","Bludgeon+1","Body Slam+1","Body Slam+1","Body Slam+1","Sentinel+1","Sentinel+1","Sentinel+1","Shrug It Off+1","Shrug It Off+1","Shrug It Off+1","Shrug It Off+1","Shrug It Off+1","Shrug It Off+1","Sword Boomerang+1","Sword Boomerang+1","Sword Boomerang+1","Clash+1","Clash+1","Clash+1","Shrug It Off+1","Shrug It Off+1","Shrug It Off+1","Feed+1","Feed+1","Feed+1","Dramatic Entrance+1","Dramatic Entrance+1","Dramatic Entrance+1","Dramatic Entrance+1","Dramatic Entrance+1","Dramatic Entrance+1","Panache+1","Panache+1","Panache+1","Pommel Strike+1","Pommel Strike+1","Pommel Strike+1","Clash+1","Clash+1","Clash+1"],"relics":["Burning Blood","Thread and Needle","Anchor","Kunai","Fusion Hammer","Eternal Feather","Omamori","Boot","Mercury Hourglass","Strawberry","Black Star","HandDrill","Mark of the Bloom","Peace Pipe","Pen Nib","Toxic Egg 2","PreservedInsect"],"acts_visited":["Exordium","TheCity","TheBeyond"],"potions_floor_usage":[50,50],"damage_taken":[{"damage":0.0,"enemies":"Small Slimes","floor":1.0,"turns":3.0},{"damage":0.0,"enemies":"2 Louse","floor":2.0,"turns":3.0},{"damage":0.0,"enemies":"Cultist","floor":3.0,"turns":3.0},{"damage":3.0,"enemies":"Gremlin Gang","floor":4.0,"turns":3.0},{"damage":2.0,"enemies":"3 Sentries","floor":6.0,"turns":3.0},{"damage":0.0,"enemies":"2 Fungi Beasts","floor":8.0,"turns":3.0},{"damage":0.0,"enemies":"Exordium Wildlife","floor":11.0,"turns":4.0},{"damage":0.0,"enemies":"3 Louse","floor":12.0,"turns":5.0},{"damage":3.0,"enemies":"Gremlin Nob","floor":13.0,"turns":3.0},{"damage":0.0,"enemies":"Red Slaver","floor":14.0,"turns":2.0},{"damage":1.0,"enemies":"Hexaghost","floor":16.0,"turns":10.0},{"damage":0.0,"enemies":"3 Byrds","floor":18.0,"turns":5.0},{"damage":28.0,"enemies":"Spheric Guardian","floor":20.0,"turns":8.0},{"damage":25.0,"enemies":"Slavers","floor":23.0,"turns":5.0},{"damage":13.0,"enemies":"Gremlin Leader","floor":25.0,"turns":7.0},{"damage":0.0,"enemies":"Shelled Parasite and Fungi","floor":29.0,"turns":5.0},{"damage":0.0,"enemies":"3 Cultists","floor":30.0,"turns":3.0},{"damage":0.0,"enemies":"Snecko","floor":31.0,"turns":4.0},{"damage":61.0,"enemies":"Collector","floor":33.0,"turns":12.0},{"damage":3.0,"enemies":"3 Shapes","floor":35.0,"turns":4.0},{"damage":0.0,"enemies":"Orb Walker","floor":37.0,"turns":3.0},{"damage":0.0,"enemies":"Spire Growth","floor":40.0,"turns":5.0},{"damage":0.0,"enemies":"Nemesis","floor":42.0,"turns":5.0},{"damage":0.0,"enemies":"Reptomancer","floor":44.0,"turns":5.0},{"damage":2.0,"enemies":"Sphere and 2 Shapes","floor":45.0,"turns":1.0},{"damage":0.0,"enemies":"Transient","floor":47.0,"turns":5.0},{"damage":0.0,"enemies":"Spire Growth","floor":48.0,"turns":3.0},{"damage":1,"enemies":"Donu and Deca","floor":50,"turns":7}],"seed_played":"4251252283042701915","potions_obtained":[{"floor":1.0,"key":"GamblersBrew"},{"floor":6.0,"key":"SteroidPotion"},{"floor":8.0,"key":"FearPotion"},{"floor":14.0,"key":"BloodPotion"},{"floor":20.0,"key":"Strength Potion"},{"floor":30.0,"key":"BlessingOfTheForge"},{"floor":31.0,"key":"Block Potion"},{"floor":48.0,"key":"Weak Potion"}],"is_trial":false,"path_per_floor":["M","M","M","M","?","E","?","M","T","R","M","M","E","M","R","B",null,"M","?","M","$","?","E","$","E","T","?","$","M","M","M","R","B",null,"M","?","M","?","$","M","?","E","T","E","M","R","M","M","R","B",null],"character_chosen":"IRONCLAD","items_purchased":["Shrug It Off","Eternal Feather","Boot","HandDrill"],"campfire_rested":1,"item_purchase_floors":[21,21,24,39],"current_hp_per_floor":[78,77,76,75,74,73,72,71,70,69,68,76,78,80,79,81,80,88,87,68,68,68,52,52,48,55,55,55,64,92,100,99,44,97,102,92,98,98,98,100,99,99,99,99,97,97,97,96,95,94],"gold":244,"neow_bonus":"","is_daily":true,"chose_seed":false,"campfire_upgraded":2,"win_rate":0.0,"timestamp":1609719874,"path_taken":["M","M","M","M","?","E","?","?","T","R","M","?","E","M","R","BOSS","M","?","M","$","?","E","?","E","T","?","$","M","M","M","R","BOSS","M","?","M","?","$","M","?","E","T","E","M","R","M","M","R","BOSS"],"items_purchased_type":["Card","Relic","Relic","Relic"],"build_version":"2020-12-18","purchased_purges":0,"victory":true,"max_hp_per_floor":[78,77,76,75,74,73,72,71,70,69,68,76,78,80,79,81,80,88,87,89,88,87,89,88,90,96,95,94,96,98,100,99,98,97,102,101,100,99,98,100,99,102,101,100,99,98,97,96,95,98],"card_choices":[{"not_picked":["Hemokinesis","Iron Wave","Twin Strike"],"picked":"SKIP","floor":1.0},{"not_picked":["Armaments","Perfected Strike"],"picked":"Anger","floor":2.0},{"not_picked":["Flex","Combust","Burning Pact"],"picked":"SKIP","floor":3.0},{"not_picked":["Spot Weakness","Combust","Sword Boomerang"],"picked":"SKIP","floor":4.0},{"not_picked":["Feel No Pain","Rage","Body Slam"],"picked":"SKIP","floor":6.0},{"not_picked":["Combust","Clothesline"],"picked":"Pummel","floor":8.0},{"not_picked":["Bloodletting","Burning Pact"],"picked":"Feed","floor":11.0},{"not_picked":["Entrench","Blood for Blood","Havoc"],"picked":"SKIP","floor":12.0},{"not_picked":["Dropkick","Pommel Strike","Warcry"],"picked":"SKIP","floor":13.0},{"not_picked":["Body Slam","Headbutt","Searing Blow"],"picked":"SKIP","floor":14.0},{"not_picked":["Juggernaut","Limit Break"],"picked":"Bludgeon","floor":16.0},{"not_picked":["Wild Strike","True Grit","Pummel"],"picked":"SKIP","floor":18.0},{"not_picked":["True Grit","Bloodletting","Rage"],"picked":"SKIP","floor":20.0},{"not_picked":["Intimidate","Double Tap","Iron Wave"],"picked":"SKIP","floor":23.0},{"not_picked":["Flame Barrier","Headbutt"],"picked":"Sword Boomerang+1","floor":25.0},{"not_picked":["Havoc+1","Combust+1","Clothesline+1"],"picked":"SKIP","floor":29.0},{"not_picked":["Havoc","Heavy Blade"],"picked":"Clash+1","floor":30.0},{"not_picked":["Havoc","Heavy Blade"],"picked":"Shrug It Off","floor":31.0},{"not_picked":["Double Tap","Juggernaut"],"picked":"Feed","floor":33.0},{"not_picked":["Battle Trance","Second Wind","Flex+1"],"picked":"SKIP","floor":35.0},{"not_picked":["Master of Strategy","Panacea"],"picked":"Dramatic Entrance","floor":36.0},{"not_picked":["Transmutation","Sadistic Nature"],"picked":"Dramatic Entrance","floor":36.0},{"not_picked":["Chrysalis","Trip"],"picked":"Panache","floor":36.0},{"not_picked":["Shockwave","Perfected Strike+1","Cleave+1"],"picked":"SKIP","floor":37.0},{"not_picked":["Carnage+1","True Grit","Burning Pact+1"],"picked":"SKIP","floor":40.0},{"not_picked":["Rupture","Pommel Strike","Sword Boomerang+1"],"picked":"SKIP","floor":42.0},{"not_picked":["Burning Pact+1","Thunderclap","Cleave"],"picked":"SKIP","floor":44.0},{"not_picked":["Sword Boomerang+1","Burning Pact+1","Cleave+1"],"picked":"SKIP","floor":45.0},{"not_picked":["Headbutt+1","Seeing Red+1"],"picked":"Pommel Strike+1","floor":47.0},{"not_picked":["Inflame","Anger+1"],"picked":"Clash+1","floor":48.0}],"player_experience":717522,"relics_obtained":[{"floor":6.0,"key":"Thread and Needle"},{"floor":9.0,"key":"Anchor"},{"floor":13.0,"key":"Kunai"},{"floor":23.0,"key":"Omamori"},{"floor":25.0,"key":"Mercury Hourglass"},{"floor":26.0,"key":"Strawberry"},{"floor":42.0,"key":"Peace Pipe"},{"floor":42.0,"key":"Pen Nib"},{"floor":44.0,"key":"Toxic Egg 2"},{"floor":44.0,"key":"PreservedInsect"}],"event_choices":[{"cards_removed":["PanicButton"],"damage_healed":0.0,"max_hp_gain":0.0,"max_hp_loss":0.0,"gold_gain":0.0,"event_name":"The Cleric","player_choice":"Card Removal","floor":5.0,"gold_loss":50.0,"damage_taken":0.0},{"damage_healed":0.0,"max_hp_gain":0.0,"max_hp_loss":0.0,"gold_gain":100.0,"event_name":"Golden Shrine","player_choice":"Pray","floor":7.0,"gold_loss":0.0,"damage_taken":0.0},{"damage_healed":0.0,"max_hp_gain":0.0,"max_hp_loss":0.0,"gold_gain":0.0,"cards_transformed":["Strike_R","Strike_R"],"event_name":"Drug Dealer","player_choice":"Became Test Subject","floor":19.0,"gold_loss":0.0,"damage_taken":0.0,"cards_obtained":["Body Slam","Sentinel"]},{"damage_healed":0.0,"max_hp_gain":0.0,"max_hp_loss":0.0,"gold_gain":0.0,"event_name":"The Library","player_choice":"Read","floor":22.0,"gold_loss":0.0,"damage_taken":0.0,"cards_obtained":["Shrug It Off"]},{"damage_healed":0.0,"max_hp_gain":0.0,"max_hp_loss":0.0,"gold_gain":0.0,"event_name":"Transmorgrifier","player_choice":"Ignored","floor":27.0,"gold_loss":0.0,"damage_taken":0.0},{"damage_healed":0.0,"max_hp_gain":0.0,"max_hp_loss":0.0,"gold_gain":0.0,"event_name":"SensoryStone","player_choice":"Memory 3","floor":36.0,"gold_loss":0.0,"damage_taken":10.0},{"cards_removed":["Strike_R"],"damage_healed":0.0,"max_hp_gain":0.0,"max_hp_loss":0.0,"gold_gain":0.0,"event_name":"Falling","player_choice":"Removed Attack","floor":38.0,"gold_loss":0.0,"damage_taken":0.0},{"damage_healed":0.0,"max_hp_gain":0.0,"max_hp_loss":0.0,"gold_gain":0.0,"event_name":"MindBloom","player_choice":"Upgrade","floor":41.0,"gold_loss":0.0,"damage_taken":0.0,"cards_upgraded":["Strike_R","Strike_R","Defend_R","Defend_R","Defend_R","Bash","Thinking Ahead","Thinking Ahead","Thinking Ahead","The Bomb","The Bomb","The Bomb","PanicButton","PanicButton","Secret Weapon","Secret Weapon","Secret Weapon","Good Instincts","Good Instincts","Anger","Anger","Anger","Pummel","Pummel","Pummel","Feed","Feed","Feed","Bludgeon","Bludgeon","Bludgeon","Body Slam","Body Slam","Body Slam","Sentinel","Sentinel","Sentinel","Shrug It Off","Shrug It Off","Shrug It Off","Shrug It Off","Shrug It Off","Shrug It Off","Shrug It Off","Shrug It Off","Shrug It Off","Feed","Feed","Feed","Dramatic Entrance","Dramatic Entrance","Dramatic Entrance","Dramatic Entrance","Dramatic Entrance","Dramatic Entrance","Panache","Panache","Panache"],"relics_obtained":["Mark of the Bloom"]}],"is_beta":true,"boss_relics":[{"not_picked":["Busted Crown","SacredBark"],"picked":"Fusion Hammer"},{"not_picked":["Sozu","Tiny House"],"picked":"Black Star"}],"items_purged_floors":[],"is_endless":false,"potions_floor_spawned":[1,6,8,12,14,16,20,29,30,31,37,40,48],"ascension_level":0}}