{"host":"lhth1efayex2023z","time":1609721157,"event":{"mods":["BaseMod","Colored Map","Googly Eyes","Minty Spire (QoL Compilation)","StSLib"],"gold_per_floor":[112,112,112,112,38,72,95,130,209,229,229,263,279,318,318,318,318],"floor_reached":16,"playtime":1196,"items_purged":[],"score":252,"play_id":"0642bbee-ac18-468d-9c91-e0b26ba43626","local_time":"20210103174557","is_ascension_mode":true,"campfire_choices":[{"data":"Dark Embrace","floor":15,"key":"SMITH"}],"circlet_count":0,"master_deck":["AscendersBane","Strike_R","Strike_R","Strike_R","Strike_R+1","Strike_R","Defend_R+1","Defend_R","Defend_R","Defend_R","Bash","Fiend Fire+1","Clash","Feel No Pain","Clash","Dark Embrace+1","Sword Boomerang","Pommel Strike+1","Heavy Blade+1","Limit Break"],"relics":["Burning Blood","Golden Idol","Anchor","Red Skull","Molten Egg 2","Question Card","Bottled Tornado","Meat on the Bone"],"acts_visited":["Exordium"],"potions_floor_usage":[14,14,16],"damage_taken":[{"damage":7.0,"enemies":"Small Slimes","floor":1.0,"turns":3.0},{"damage":0.0,"enemies":"Gremlin Nob","floor":6.0,"turns":3.0},{"damage":0.0,"enemies":"Jaw Worm","floor":7.0,"turns":3.0},{"damage":27.0,"enemies":"Lagavulin","floor":8.0,"turns":5.0},{"damage":2.0,"enemies":"2 Louse","floor":10.0,"turns":3.0},{"damage":16.0,"enemies":"Gremlin Nob","floor":12.0,"turns":3.0},{"damage":1.0,"enemies":"Looter","floor":13.0,"turns":3.0},{"damage":10,"enemies":"3 Sentries","floor":14,"turns":5},{"damage":31,"enemies":"Hexaghost","floor":16,"turns":8}],"seed_played":"-6801080067530214860","potions_obtained":[{"floor":7.0,"key":"DistilledChaos"},{"floor":8.0,"key":"Swift Potion"},{"floor":14,"key":"EssenceOfSteel"}],"is_trial":false,"path_per_floor":["M","?","?","?","$","E","M","E","T","M","T","E","M","E","R","B"],"character_chosen":"IRONCLAD","items_purchased":["Feel No Pain"],"campfire_rested":0,"item_purchase_floors":[5],"current_hp_per_floor":[71,55,55,55,55,61,67,46,46,50,50,40,45,41,41,10,10],"gold":318,"neow_bonus":"ONE_RANDOM_RARE_CARD","is_daily":false,"chose_seed":false,"campfire_upgraded":1,"win_rate":0.0,"timestamp":1609721157,"path_taken":["M","?","?","?","$","E","M","E","T","M","?","E","M","E","R","BOSS"],"items_purchased_type":["Card"],"build_version":"2020-12-22","purchased_purges":0,"victory":false,"max_hp_per_floor":[80,80,80,74,74,74,74,74,74,74,74,74,74,74,74,74,74],"card_choices":[{"not_picked":["Heavy Blade","Warcry"],"picked":"Clash","floor":1.0},{"not_picked":["Berserk","Flame Barrier"],"picked":"Clash","floor":6.0},{"not_picked":["True Grit","Flex"],"picked":"Dark Embrace","floor":7.0},{"not_picked":["Clothesline","Pommel Strike"],"picked":"Sword Boomerang","floor":8.0},{"not_picked":["Combust","Hemokinesis+1"],"picked":"Pommel Strike+1","floor":10.0},{"not_picked":["Perfected Strike+1","Reckless Charge+1","True Grit"],"picked":"Heavy Blade+1","floor":12.0},{"not_picked":["Cleave+1","Burning Pact","Wild Strike+1","Body Slam+1"],"picked":"SKIP","floor":13.0},{"not_picked":["Reckless Charge+1","Clash+1","Cleave+1"],"picked":"Limit Break","floor":14}],"player_experience":452856,"relics_obtained":[{"floor":6.0,"key":"Anchor"},{"floor":8.0,"key":"Red Skull"},{"floor":9.0,"key":"Molten Egg 2"},{"floor":11.0,"key":"Question Card"},{"floor":12.0,"key":"Bottled Tornado"},{"floor":14,"key":"Meat on the Bone"}],"event_choices":[{"damage_healed":0.0,"max_hp_gain":0.0,"max_hp_loss":0.0,"gold_gain":0.0,"event_name":"Shining Light","player_choice":"Entered Light","floor":2.0,"gold_loss":0.0,"damage_taken":16.0,"cards_upgraded":["Defend_R","Strike_R"]},{"damage_healed":0.0,"max_hp_gain":0.0,"max_hp_loss":0.0,"gold_gain":0.0,"event_name":"Living Wall","player_choice":"Grow","floor":3.0,"gold_loss":0.0,"damage_taken":0.0,"cards_upgraded":["Fiend Fire"]},{"damage_healed":0.0,"max_hp_gain":0.0,"max_hp_loss":6.0,"gold_gain":0.0,"event_name":"Golden Idol","player_choice":"Lose Max HP","floor":4.0,"gold_loss":0.0,"damage_taken":0.0,"relics_obtained":["Golden Idol"]}],"is_beta":false,"boss_relics":[],"items_purged_floors":[],"is_endless":false,"potions_floor_spawned":[7,8,13,14],"killed_by":"Hexaghost","ascension_level":13}}