{"host":"4qt77pm52ljaz00q","time":1609771540,"event":{"mods":["2.2 Compatiblity","BaseMod","BetterRewards","Colored Map","Downfall","Minty Spire (QoL Compilation)","Permanent Neow","Relic Sorter","Shop Mod","StSLib","Unknown Chances"],"gold_per_floor":[99,99,126,146,161,191,191,224,74,108,123,143,143,163,179,179,179],"floor_reached":16,"playtime":432,"items_purged":[],"score":128,"play_id":"bffbd5d5-03ea-4c1d-8484-8373c491ca76","local_time":"20210104094540","is_ascension_mode":true,"campfire_choices":[{"floor":1,"key":"RECALL"},{"data":"sneckomod:SnekBite","floor":9,"key":"SMITH"}],"circlet_count":0,"master_deck":["sneckomod:Strike","sneckomod:Strike+1","sneckomod:Strike","sneckomod:Defend","sneckomod:Defend","sneckomod:Defend","sneckomod:TailWhip","sneckomod:SnekBite+1","sneckomod:Unknown+1","sneckomod:Unknown+1","sneckomod:CheapStock","sneckomod:UnknownUncommonAttack","sneckomod:UnknownUncommonAttack","sneckomod:Unknown2Cost","sneckomod:UnknownUncommonSkill","sneckomod:Unknown0Cost","sneckomod:Unknown0Cost","sneckomod:RainOfDice","sneckomod:UnknownUncommonSkill"],"relics":["Sozu","Pen Nib","Bottled Tornado","Oddly Smooth Stone","downfall:HeartBlessingRed","downfall:HeartBlessingGreen","Matryoshka"],"acts_visited":["Exordium"],"potions_floor_usage":[],"damage_taken":[{"damage":1,"enemies":"2 Louse","floor":4,"turns":2},{"damage":13,"enemies":"Jaw Worm","floor":5,"turns":2},{"damage":8,"enemies":"3 Sentries","floor":6,"turns":4},{"damage":25,"enemies":"Lagavulin","floor":8,"turns":5},{"damage":2,"enemies":"3 Sentries","floor":10,"turns":2},{"damage":13,"enemies":"Small Slimes","floor":11,"turns":3},{"damage":6,"enemies":"3 Louse","floor":12,"turns":1},{"damage":12,"enemies":"2 Fungi Beasts","floor":14,"turns":3},{"damage":1,"enemies":"Gremlin Gang","floor":15,"turns":4},{"damage":11,"enemies":"downfall:Silent","floor":16,"turns":2}],"seed_played":"690362896969225450","potions_obtained":[],"is_trial":false,"path_per_floor":["R","?","T","M","M","E","T","E","R","E","M","M","?","M","M","B"],"character_chosen":"THE_SNECKO","items_purchased":[],"campfire_rested":0,"item_purchase_floors":[],"current_hp_per_floor":[90,90,90,89,76,68,68,43,43,41,28,22,22,10,9,0,0],"gold":179,"neow_bonus":"BOSS_RELIC","is_daily":false,"chose_seed":false,"campfire_upgraded":1,"win_rate":0.0,"timestamp":1609771540,"path_taken":["R","?","?","M","M","E","T","E","R","E","M","M","?","M","M","BOSS"],"items_purchased_type":[],"build_version":"2020-12-22","purchased_purges":0,"victory":false,"max_hp_per_floor":[90,90,90,90,90,90,90,90,90,90,90,90,90,90,90,90,90],"card_choices":[{"not_picked":["sneckomod:Rotation","sneckomod:UnknownClassTHE_CHAMP_GRAY"],"picked":"sneckomod:CheapStock","floor":4},{"not_picked":["sneckomod:Unknown1Cost","sneckomod:UnknownWeak"],"picked":"sneckomod:UnknownUncommonAttack","floor":5},{"not_picked":["sneckomod:UnknownBlock","sneckomod:UnknownCommonSkill"],"picked":"sneckomod:UnknownUncommonAttack","floor":6},{"not_picked":["sneckomod:MasterEye","sneckomod:MixItUp"],"picked":"sneckomod:Unknown2Cost","floor":8},{"not_picked":["sneckomod:Unknown1Cost","sneckomod:QuickMove"],"picked":"sneckomod:UnknownUncommonSkill","floor":10},{"not_picked":["sneckomod:UnknownClassSLIMEBOUND","sneckomod:SoulRoll"],"picked":"sneckomod:Unknown0Cost","floor":11},{"not_picked":["sneckomod:UnknownCommonSkill","sneckomod:Nope"],"picked":"sneckomod:Unknown0Cost","floor":12},{"not_picked":["sneckomod:QuickBite","sneckomod:UnknownExhaust"],"picked":"sneckomod:RainOfDice","floor":14},{"not_picked":["sneckomod:Unknown2Cost","sneckomod:MixItUp"],"picked":"sneckomod:UnknownUncommonSkill","floor":15}],"player_experience":190918,"relics_obtained":[{"floor":3,"key":"Pen Nib"},{"floor":6,"key":"Bottled Tornado"},{"floor":8,"key":"Oddly Smooth Stone"},{"floor":10,"key":"Matryoshka"}],"event_choices":[{"cards_removed":["Regret"],"damage_healed":0,"gold_gain":0,"player_choice":"Forget","damage_taken":0,"max_hp_gain":0,"max_hp_loss":0,"event_name":"Living Wall","floor":13,"gold_loss":0}],"is_beta":false,"boss_relics":[],"items_purged_floors":[],"is_endless":false,"potions_floor_spawned":[4,5,11,14,15],"killed_by":"downfall:Silent","ascension_level":1}}