{"host":"ewfe3cr33ktd9xzj","time":1609738719,"event":{"mods":["AchievementEnabler","BaseMod","Colored Map","Custom Start","DeckTracker","Minty Spire (QoL Compilation)","Rare Cards Sparkle","StSLib","everything is the same but u backflip on backflip"],"gold_per_floor":[116,116,133,133,133,133,165,90,117,136,166,184,201,213,213,213,213],"floor_reached":16,"playtime":516,"items_purged":[],"score":274,"play_id":"7ac5674d-6d64-4268-ba52-556e5072f9be","local_time":"20210104143839","is_ascension_mode":true,"campfire_choices":[{"data":"Accuracy","floor":6.0,"key":"SMITH"},{"floor":15.0,"key":"REST"}],"circlet_count":0,"master_deck":["AscendersBane","Strike_G","Strike_G","Strike_G","Strike_G","Defend_G","Defend_G","Defend_G","Defend_G","Defend_G","Survivor","Neutralize","Accuracy+1","Accuracy","Endless Agony","Crippling Poison","Cloak And Dagger","Backflip","Well Laid Plans","Venomology"],"relics":["Ring of the Snake","NeowsBlessing","Du-Vu Doll","Toy Ornithopter","Blood Vial","MealTicket"],"acts_visited":["Exordium"],"potions_floor_usage":[16,16],"damage_taken":[{"damage":0.0,"enemies":"Jaw Worm","floor":1.0,"turns":1.0},{"damage":0.0,"enemies":"2 Louse","floor":3.0,"turns":1.0},{"damage":0.0,"enemies":"3 Sentries","floor":7.0,"turns":1.0},{"damage":0.0,"enemies":"Small Slimes","floor":10.0,"turns":4.0},{"damage":54.0,"enemies":"Lagavulin","floor":11.0,"turns":9.0},{"damage":4.0,"enemies":"Exordium Wildlife","floor":12.0,"turns":4.0},{"damage":11.0,"enemies":"Large Slime","floor":13.0,"turns":7.0},{"damage":7.0,"enemies":"2 Fungi Beasts","floor":14.0,"turns":4.0},{"damage":32,"enemies":"The Guardian","floor":16,"turns":14}],"seed_played":"4909299838843777797","potions_obtained":[{"floor":7.0,"key":"Dexterity Potion"},{"floor":10.0,"key":"BlessingOfTheForge"},{"floor":11.0,"key":"ColorlessPotion"}],"is_trial":false,"path_per_floor":["M","?","M","?","$","R","E","?","T","M","E","M","M","M","R","B"],"character_chosen":"THE_SILENT","items_purchased":[],"campfire_rested":1,"item_purchase_floors":[],"current_hp_per_floor":[59,54,54,59,59,59,59,59,59,61,14,12,3,3,24,4,4],"gold":213,"neow_bonus":"THREE_ENEMY_KILL","is_daily":false,"chose_seed":false,"campfire_upgraded":1,"win_rate":0.0,"timestamp":1609738719,"path_taken":["M","?","M","?","$","R","E","?","T","M","E","M","?","M","R","BOSS"],"items_purchased_type":[],"build_version":"2020-12-22","purchased_purges":0,"victory":false,"max_hp_per_floor":[66,66,66,71,71,71,71,71,71,71,71,71,71,71,71,71,71],"card_choices":[{"not_picked":["Poisoned Stab","Blade Dance"],"picked":"Accuracy","floor":1.0},{"not_picked":["Quick Slash","Expertise"],"picked":"Accuracy","floor":3.0},{"not_picked":["Distraction","Prepared"],"picked":"Endless Agony","floor":7.0},{"not_picked":["Acrobatics","Reflex"],"picked":"Crippling Poison","floor":10.0},{"not_picked":["Flying Knee","Finisher"],"picked":"Cloak And Dagger","floor":11.0},{"not_picked":["Underhanded Strike","Accuracy"],"picked":"Backflip","floor":12.0},{"not_picked":["Crippling Poison","Dagger Spray"],"picked":"Well Laid Plans","floor":13.0},{"not_picked":["Bane","Deflect"],"picked":"Venomology","floor":14.0}],"player_experience":0,"relics_obtained":[{"floor":7.0,"key":"Toy Ornithopter"},{"floor":9.0,"key":"Blood Vial"},{"floor":11.0,"key":"MealTicket"}],"event_choices":[{"damage_healed":0.0,"max_hp_gain":0.0,"max_hp_loss":0.0,"gold_gain":0.0,"event_name":"Scrap Ooze","player_choice":"Success","floor":2.0,"gold_loss":0.0,"damage_taken":5.0,"relics_obtained":["Du-Vu Doll"]},{"damage_healed":0.0,"max_hp_gain":5.0,"max_hp_loss":0.0,"gold_gain":0.0,"event_name":"Big Fish","player_choice":"Donut","floor":4.0,"gold_loss":0.0,"damage_taken":0.0},{"cards_removed":["Strike_G"],"damage_healed":0.0,"max_hp_gain":0.0,"max_hp_loss":0.0,"gold_gain":0.0,"event_name":"The Cleric","player_choice":"Card Removal","floor":8.0,"gold_loss":75.0,"damage_taken":0.0}],"is_beta":false,"boss_relics":[],"items_purged_floors":[],"is_endless":false,"potions_floor_spawned":[7,10,11,13],"killed_by":"The Guardian","ascension_level":20}}