{"host":"bf9sa99gaumonoeu","time":1609796189,"event":{"mods":["AchievementEnabler","Act Like it!","BaseMod","Better Sensory Stone","Colored Map","Colored Powertips","Downfall","Duelist Mod","Friendly Minions","Gensokyo","GifTheSpireLib","Hallownest","Hermit","Hubris","Jorbs\u0027s Wanderer Trilogy","KinomotoSakuraMod(????)","Koishi","Lobotomy","Marisa????????","Minty Spire (QoL Compilation)","Rare Cards Sparkle","Reimu??????","Remilia??????","Replay The Spire","Shop Mod","StSLib","The Administrix","The Animator","The Blue Laboratory","The Bug Knight","The Construct","The Cursed","The Disciple","The Hierophant","The Mystic","The Necromancer","The Poker Player","The Runesmith","The Senshi","The Servant 0.9.4"],"gold_per_floor":[416,429,35,45,63,63,63,81,81,81,93,110,139,154,154,254,254,270,133,153,153,164,164,175,203,230,230,230,230,250,262,262,262,262],"floor_reached":33,"playtime":3255,"items_purged":["Parasite","AdministrixMod:Defend_Administrix"],"score":298,"play_id":"2770d189-c8e4-4e99-ad19-f28977dba218","local_time":"20210104193629","is_ascension_mode":false,"campfire_choices":[{"data":"AdministrixMod:SeventeenArticleLaser","floor":6,"key":"SMITH"},{"data":"AdministrixMod:GuanyinBlessing","floor":15,"key":"SMITH"},{"data":"AdministrixMod:CastOffRegrets","floor":23,"key":"SMITH"},{"data":"AdministrixMod:GirlsDoItBetter","floor":32,"key":"SMITH"}],"circlet_count":0,"master_deck":["AdministrixMod:Strike_Administrix","AdministrixMod:Strike_Administrix","AdministrixMod:Strike_Administrix","AdministrixMod:RedCloak","AdministrixMod:Defend_Administrix","AdministrixMod:Defend_Administrix","AdministrixMod:Defend_Administrix","AdministrixMod:BlueCloak","AdministrixMod:TrickOfTheLight","AdministrixMod:Transition","expansioncontent:BronzeBeam","AdministrixMod:SeventeenArticleLaser+1","AdministrixMod:CastOffRegrets+1","AdministrixMod:ExtolVirtue","AdministrixMod:Transition","Inflame","AdministrixMod:SipOfSparks","AdministrixMod:GuanyinBlessing+1","AdministrixMod:BegetEternity","AdministrixMod:DiversionaryTactic","AdministrixMod:Schism","AdministrixMod:RisingSunPrince","AdministrixMod:TouchOfCinnabar","AdministrixMod:TouchOfCinnabar","AdministrixMod:XianArts+1","AdministrixMod:HiddenPower","AdministrixMod:Transition+1","AdministrixMod:Mastermind","AdministrixMod:GirlsDoItBetter+1","AdministrixMod:CastOffRegrets"],"relics":["AdministrixMod:ConductorRitualBaton","Old Coin","Anchor","hubris:Towel","Lantern","Tiny Chest","ReplayTheSpireMod:DimensionalGlitch","Matryoshka","Gremlin Horn","AdministrixMod:CrackedTaijitu","Replay:Bottled Steam"],"acts_visited":["Exordium","TheCity"],"potions_floor_usage":[24,25,25],"damage_taken":[{"damage":0,"enemies":"Cultist","floor":1,"turns":3},{"damage":2,"enemies":"Small Slimes","floor":2,"turns":4},{"damage":0,"enemies":"2 Louse","floor":4,"turns":2},{"damage":0,"enemies":"Lots of Slimes","floor":5,"turns":5},{"damage":0,"enemies":"3 Louse","floor":8,"turns":2},{"damage":0,"enemies":"Blue Slaver","floor":11,"turns":2},{"damage":0,"enemies":"Looter","floor":12,"turns":3},{"damage":0,"enemies":"3 Sentries","floor":13,"turns":3},{"damage":0,"enemies":"3 Louse","floor":14,"turns":2},{"damage":36,"enemies":"The Guardian","floor":16,"turns":10},{"damage":0,"enemies":"Spheric Guardian","floor":18,"turns":3},{"damage":0,"enemies":"Chosen","floor":20,"turns":3},{"damage":0,"enemies":"Centurion and Healer","floor":22,"turns":7},{"damage":0,"enemies":"3 Cultists","floor":24,"turns":2},{"damage":20,"enemies":"Book of Stabbing","floor":25,"turns":5},{"damage":0,"enemies":"Cultist and Chosen","floor":30,"turns":3},{"damage":0,"enemies":"Centurion and Healer","floor":31,"turns":4},{"damage":59,"enemies":"hubris:MusketHawk","floor":33,"turns":6}],"seed_played":"4470736027444807393","potions_obtained":[{"floor":1,"key":"Adrenaline Potion"},{"floor":4,"key":"SpeedPotion"},{"floor":5,"key":"BlessingOfTheForge"},{"floor":22,"key":"GrandPatriotsElixir:ReiMu"},{"floor":30,"key":"blueLaboratory:ExaltedPotion"}],"is_trial":false,"path_per_floor":["M","M","$","M","M","R","?","M","T","?","M","M","E","M","R","B",null,"M","$","M","?","M","R","M","E","T","?","T","?","M","M","R","B"],"character_chosen":"TheAdministrix","items_purchased":["Anchor","expansioncontent:BronzeBeam","AdministrixMod:SeventeenArticleLaser","AdministrixMod:TouchOfCinnabar"],"campfire_rested":0,"item_purchase_floors":[3,3,3,19],"current_hp_per_floor":[65,63,62,62,62,62,62,62,62,62,62,62,62,62,62,26,62,62,62,62,62,62,62,62,42,42,42,42,42,42,42,42,0,0],"gold":262,"neow_bonus":"ONE_RARE_RELIC","is_daily":false,"chose_seed":false,"campfire_upgraded":4,"win_rate":0.0,"timestamp":1609796189,"path_taken":["M","M","$","M","M","R","?","M","T","?","?","M","E","M","R","BOSS","M","$","M","?","?","R","M","E","T","?","?","?","M","M","R","BOSS"],"items_purchased_type":["Relic","Card","Card","Card"],"build_version":"2020-12-22","purchased_purges":2,"victory":false,"max_hp_per_floor":[65,65,62,62,62,62,62,62,62,62,62,62,62,62,62,62,62,62,62,62,62,62,62,62,62,62,62,62,62,62,62,62,62,62],"card_choices":[{"not_picked":["AdministrixMod:RegentEdict","AdministrixMod:Untouchable"],"picked":"AdministrixMod:TrickOfTheLight","floor":1},{"not_picked":["AdministrixMod:PlateOfAntiquity","AdministrixMod:BegetEternity"],"picked":"AdministrixMod:Transition","floor":2},{"not_picked":["AdministrixMod:FaithfulFlames","AdministrixMod:SealAway"],"picked":"AdministrixMod:CastOffRegrets","floor":4},{"not_picked":["AdministrixMod:BloodlessSapphire","AdministrixMod:FuneraryRites"],"picked":"AdministrixMod:ExtolVirtue","floor":5},{"not_picked":["AdministrixMod:BloodBargain","AdministrixMod:LightOfYourLife"],"picked":"AdministrixMod:Transition","floor":8},{"not_picked":["AdministrixMod:WickedPunishment","AdministrixMod:BegetEternity"],"picked":"AdministrixMod:SipOfSparks","floor":11},{"not_picked":["AdministrixMod:JustRewards","AdministrixMod:ReachToHeaven"],"picked":"AdministrixMod:GuanyinBlessing","floor":12},{"not_picked":["AdministrixMod:Overdrive","AdministrixMod:GuanyinBlessing"],"picked":"AdministrixMod:BegetEternity","floor":13},{"not_picked":["AdministrixMod:PassageOfAges","AdministrixMod:SeventeenArticleLaser"],"picked":"AdministrixMod:DiversionaryTactic","floor":14},{"not_picked":["AdministrixMod:LifeforceNet","AdministrixMod:Mastermind"],"picked":"AdministrixMod:Schism","floor":16},{"not_picked":["AdministrixMod:DreamsMausoleum","AdministrixMod:RegentEdict"],"picked":"AdministrixMod:RisingSunPrince","floor":18},{"not_picked":["AdministrixMod:CastOffRegrets","AdministrixMod:CenturiesAscent"],"picked":"AdministrixMod:XianArts+1","floor":20},{"not_picked":["AdministrixMod:RegentEdict","AdministrixMod:CrackingPangu+1","AdministrixMod:UnstableVigor"],"picked":"SKIP","floor":22},{"not_picked":["AdministrixMod:NoblePath","AdministrixMod:FuneraryRites"],"picked":"AdministrixMod:Transition+1","floor":24},{"not_picked":["AdministrixMod:PlateOfAntiquity","AdministrixMod:DiversionaryTactic+1"],"picked":"AdministrixMod:Mastermind","floor":25},{"not_picked":["AdministrixMod:RegentEdict","AdministrixMod:SipOfSparks+1"],"picked":"AdministrixMod:GirlsDoItBetter","floor":30},{"not_picked":["AdministrixMod:BegetEternity","AdministrixMod:QuietConspiracy+1"],"picked":"AdministrixMod:CastOffRegrets","floor":31}],"player_experience":757799,"relics_obtained":[{"floor":9,"key":"Lantern"},{"floor":13,"key":"Tiny Chest"},{"floor":25,"key":"Matryoshka"},{"floor":26,"key":"Gremlin Horn"},{"floor":28,"key":"AdministrixMod:CrackedTaijitu"},{"floor":28,"key":"Replay:Bottled Steam"}],"event_choices":[{"cards_removed":["AdministrixMod:Strike_Administrix"],"damage_healed":0,"gold_gain":0,"player_choice":"Took Card","damage_taken":0,"max_hp_gain":0,"max_hp_loss":0,"event_name":"NoteForYourself","floor":10,"gold_loss":0,"cards_obtained":["Inflame"]},{"damage_healed":0,"gold_gain":0,"player_choice":"1 cards matched","damage_taken":0,"max_hp_gain":0,"max_hp_loss":0,"event_name":"Match and Keep!","floor":21,"gold_loss":0,"cards_obtained":["AdministrixMod:HiddenPower"]},{"damage_healed":0,"gold_gain":0,"player_choice":"Ignored","damage_taken":0,"max_hp_gain":0,"max_hp_loss":0,"event_name":"Cursed Tome","floor":29,"gold_loss":0}],"is_beta":false,"boss_relics":[{"not_picked":["hubris:HollowSoul","Coffee Dripper"],"picked":"ReplayTheSpireMod:DimensionalGlitch"}],"items_purged_floors":[3,19],"is_endless":false,"potions_floor_spawned":[1,4,5,11,13,16,20,22,30],"killed_by":"hubris:MusketHawk","ascension_level":0}}