{"host":"qxeepl7ydvsgmfdb","time":1609729763,"event":{"mods":["AchievementEnabler","BaseMod","Colored Powertips","Minty Spire (QoL Compilation)","Quick Restart","slay the spire mod where everything is the same but ironclad has a cowboy hat"],"gold_per_floor":[117,117,136,136,156,189,205,205,260,68,100,75,95,106,106,204,204,220,220,65,65,80,110,25,54,54,54,54,86,86,105,105,209,209,229,229,229,73,84,110,110,143,143,143,68,118,149,109,109,109],"floor_reached":51,"playtime":1806,"items_purged":["Strike_G+1"],"score":1136,"play_id":"b77dc50b-951b-47d8-af7d-099d7acde641","local_time":"20210103220923","is_ascension_mode":true,"campfire_choices":[{"data":"Backstab","floor":8.0,"key":"SMITH"},{"data":"Cloak And Dagger","floor":15.0,"key":"SMITH"},{"floor":27,"key":"REST"},{"data":"After Image","floor":30,"key":"SMITH"},{"floor":32,"key":"REST"},{"data":"Noxious Fumes","floor":41,"key":"SMITH"},{"data":"Poisoned Stab","floor":44,"key":"SMITH"},{"data":"Deadly Poison","floor":49,"key":"SMITH"}],"circlet_count":0,"master_deck":["Strike_G+1","Strike_G+1","Strike_G+1","Defend_G+1","Defend_G+1","Defend_G+1","Defend_G+1","Defend_G+1","Survivor","Neutralize","Deadly Poison+1","Blade Dance","Backstab+1","Footwork","Deadly Poison+1","Slice","Blade Dance","Cloak And Dagger+1","Blade Dance","After Image+1","Poisoned Stab+1","Noxious Fumes+1","Poisoned Stab+1","CurseOfTheBell"],"relics":["Ring of the Snake","NeowsBlessing","Ninja Scroll","Boot","Strawberry","Ancient Tea Set","Philosopher\u0027s Stone","Regal Pillow","Bag of Marbles","Dream Catcher","Bottled Flame","Shuriken","Gambling Chip","Calling Bell","Pen Nib","Singing Bowl","Thread and Needle","Bronze Scales","MealTicket","Nunchaku","Bottled Lightning","Unceasing Top","Happy Flower"],"acts_visited":["Exordium","TheCity","TheBeyond"],"potions_floor_usage":[23,33,40,48,50,50],"damage_taken":[{"damage":0.0,"enemies":"Small Slimes","floor":1.0,"turns":1.0},{"damage":0.0,"enemies":"Cultist","floor":3.0,"turns":1.0},{"damage":0.0,"enemies":"2 Louse","floor":5.0,"turns":1.0},{"damage":9.0,"enemies":"Lagavulin","floor":6.0,"turns":5.0},{"damage":8.0,"enemies":"Lots of Slimes","floor":7.0,"turns":4.0},{"damage":0.0,"enemies":"Gremlin Nob","floor":11.0,"turns":3.0},{"damage":0.0,"enemies":"Large Slime","floor":13.0,"turns":4.0},{"damage":0.0,"enemies":"Exordium Wildlife","floor":14.0,"turns":2.0},{"damage":18.0,"enemies":"Slime Boss","floor":16.0,"turns":9.0},{"damage":3.0,"enemies":"2 Thieves","floor":18.0,"turns":3.0},{"damage":0.0,"enemies":"3 Byrds","floor":22.0,"turns":2.0},{"damage":15,"enemies":"Slavers","floor":23,"turns":4},{"damage":22,"enemies":"Gremlin Leader","floor":25,"turns":4},{"damage":8,"enemies":"Slavers","floor":29,"turns":2},{"damage":0,"enemies":"Centurion and Healer","floor":31,"turns":2},{"damage":17,"enemies":"Automaton","floor":33,"turns":6},{"damage":0,"enemies":"Orb Walker","floor":35,"turns":2},{"damage":1,"enemies":"3 Shapes","floor":39,"turns":2},{"damage":15,"enemies":"Giant Head","floor":40,"turns":7},{"damage":0,"enemies":"Nemesis","floor":42,"turns":4},{"damage":0,"enemies":"Mind Bloom Boss Battle","floor":46,"turns":3},{"damage":5,"enemies":"Reptomancer","floor":47,"turns":3},{"damage":21,"enemies":"Donu and Deca","floor":50,"turns":6}],"seed_played":"-8473570036833920583","potions_obtained":[{"floor":3.0,"key":"Explosive Potion"},{"floor":6.0,"key":"SpeedPotion"},{"floor":11.0,"key":"Strength Potion"},{"floor":13.0,"key":"Strength Potion"},{"floor":22.0,"key":"LiquidBronze"},{"floor":25,"key":"Block Potion"},{"floor":33,"key":"Swift Potion"},{"floor":48,"key":"Fruit Juice"},{"floor":48,"key":"SmokeBomb"},{"floor":48,"key":"SteroidPotion"}],"is_trial":false,"path_per_floor":["M","?","M","?","M","E","M","R","T","$","E","$","M","M","R","B",null,"M","?","$","?","M","E","?","E","T","R","?","E","R","M","R","B",null,"M","?","?","$","M","E","R","E","T","R","$","?","E","?","R","B",null],"character_chosen":"THE_SILENT","items_purchased":["Deadly Poison","Strawberry","Blade Dance","Regal Pillow","Bronze Scales"],"campfire_rested":2,"item_purchase_floors":[10,10,12,20,38],"current_hp_per_floor":[63,63,63,63,63,54,46,46,46,53,53,53,53,53,53,35,67,64,64,64,64,64,49,49,27,27,65,65,57,57,57,77,60,73,75,75,75,75,76,63,63,65,65,65,80,82,79,84,84,63],"gold":109,"neow_bonus":"THREE_ENEMY_KILL","is_daily":false,"chose_seed":false,"campfire_upgraded":6,"win_rate":0.0,"timestamp":1609729763,"path_taken":["M","?","?","?","?","E","M","R","T","$","E","$","?","M","R","BOSS","M","?","$","?","M","E","?","E","T","R","?","E","R","M","R","BOSS","M","?","?","$","?","E","R","E","T","R","?","?","E","?","R","BOSS"],"items_purchased_type":["Card","Relic","Card","Relic","Relic"],"build_version":"2020-12-22","purchased_purges":1,"victory":true,"max_hp_per_floor":[70,70,70,70,70,70,70,70,70,77,77,77,77,77,77,77,77,77,77,77,77,77,77,77,77,77,77,77,77,77,77,77,77,77,79,75,75,75,77,79,79,81,81,81,81,83,85,90,90,90],"card_choices":[{"not_picked":["Infinite Blades","Expertise"],"picked":"Deadly Poison","floor":1.0},{"not_picked":["Terror","Expertise"],"picked":"Blade Dance","floor":3.0},{"not_picked":["Riddle With Holes","Underhanded Strike"],"picked":"Backstab","floor":5.0},{"not_picked":["Underhanded Strike","Predator"],"picked":"Footwork","floor":6.0},{"not_picked":["Dash","Heel Hook","Leg Sweep"],"picked":"SKIP","floor":7.0},{"not_picked":["Sucker Punch","Tactician"],"picked":"Slice","floor":11.0},{"not_picked":["All Out Attack","Riddle With Holes"],"picked":"Cloak And Dagger","floor":13.0},{"not_picked":["Storm of Steel","Catalyst"],"picked":"Blade Dance","floor":14.0},{"not_picked":["Envenom","A Thousand Cuts"],"picked":"After Image","floor":16.0},{"not_picked":["Calculated Gamble","Finisher+1"],"picked":"Poisoned Stab+1","floor":18.0},{"not_picked":["Distraction+1","Outmaneuver"],"picked":"Noxious Fumes","floor":22.0},{"not_picked":["Acrobatics","Flying Knee"],"picked":"Poisoned Stab","floor":23},{"not_picked":["Sucker Punch","Flying Knee","Bouncing Flask+1"],"picked":"SKIP","floor":25},{"not_picked":["Dagger Throw+1","PiercingWail+1","Poisoned Stab"],"picked":"SKIP","floor":29},{"not_picked":["Corpse Explosion","Flying Knee","Outmaneuver"],"picked":"SKIP","floor":31},{"not_picked":["Deflect+1","Quick Slash","Noxious Fumes"],"picked":"Singing Bowl","floor":35},{"not_picked":["Finisher+1","Dodge and Roll","Flying Knee+1"],"picked":"Singing Bowl","floor":39},{"not_picked":["Calculated Gamble+1","Setup+1","Adrenaline"],"picked":"Singing Bowl","floor":40},{"not_picked":["Acrobatics","Slice+1","Heel Hook+1"],"picked":"Singing Bowl","floor":42},{"not_picked":["Predator","All Out Attack","Underhanded Strike"],"picked":"Singing Bowl","floor":46},{"not_picked":["Dash","Poisoned Stab","Heel Hook+1"],"picked":"Singing Bowl","floor":47}],"player_experience":364174,"relics_obtained":[{"floor":6.0,"key":"Ninja Scroll"},{"floor":9.0,"key":"Boot"},{"floor":11.0,"key":"Ancient Tea Set"},{"floor":23,"key":"Bag of Marbles"},{"floor":25,"key":"Bottled Flame"},{"floor":26,"key":"Shuriken"},{"floor":29,"key":"Gambling Chip"},{"floor":34,"key":"Pen Nib"},{"floor":34,"key":"Singing Bowl"},{"floor":34,"key":"Thread and Needle"},{"floor":40,"key":"MealTicket"},{"floor":42,"key":"Nunchaku"},{"floor":43,"key":"Bottled Lightning"},{"floor":46,"key":"Unceasing Top"},{"floor":47,"key":"Happy Flower"}],"event_choices":[{"damage_healed":0.0,"max_hp_gain":0.0,"max_hp_loss":0.0,"gold_gain":0.0,"event_name":"Upgrade Shrine","player_choice":"Upgraded","floor":2.0,"gold_loss":0.0,"damage_taken":0.0,"cards_upgraded":["Deadly Poison"]},{"cards_removed":["Strike_G"],"damage_healed":0.0,"max_hp_gain":0.0,"max_hp_loss":0.0,"gold_gain":0.0,"event_name":"Bonfire Elementals","player_choice":"Offered Basic","floor":4.0,"gold_loss":0.0,"damage_taken":0.0},{"damage_healed":0.0,"max_hp_gain":0.0,"max_hp_loss":0.0,"gold_gain":0.0,"event_name":"Ghosts","player_choice":"Ignored","floor":19.0,"gold_loss":0.0,"damage_taken":0.0},{"damage_healed":0.0,"max_hp_gain":0.0,"max_hp_loss":0.0,"gold_gain":0.0,"event_name":"Back to Basics","player_choice":"Simplicity","floor":21.0,"gold_loss":0.0,"damage_taken":0.0,"cards_upgraded":["Strike_G","Strike_G","Strike_G","Strike_G","Defend_G","Defend_G","Defend_G","Defend_G","Defend_G"]},{"damage_healed":0,"gold_gain":0,"player_choice":"Obtained Relic","damage_taken":0,"relics_obtained":["Dream Catcher"],"max_hp_gain":0,"max_hp_loss":0,"event_name":"Addict","floor":24,"gold_loss":85},{"damage_healed":0,"gold_gain":0,"player_choice":"Ignored","damage_taken":0,"max_hp_gain":0,"max_hp_loss":0,"event_name":"N\u0027loth","floor":28,"gold_loss":0},{"damage_healed":0,"gold_gain":0,"player_choice":"Max HP","damage_taken":0,"max_hp_gain":0,"max_hp_loss":4,"event_name":"Winding Halls","floor":36,"gold_loss":0},{"damage_healed":0,"gold_gain":0,"player_choice":"Ignored","damage_taken":0,"max_hp_gain":0,"max_hp_loss":0,"event_name":"SecretPortal","floor":37,"gold_loss":0},{"damage_healed":0,"gold_gain":0,"player_choice":"Fight","damage_taken":0,"max_hp_gain":0,"max_hp_loss":0,"event_name":"MindBloom","floor":46,"gold_loss":0},{"damage_healed":0,"gold_gain":0,"player_choice":"Bought 3 Potions","damage_taken":0,"max_hp_gain":0,"max_hp_loss":0,"event_name":"The Woman in Blue","floor":48,"gold_loss":0}],"is_beta":false,"boss_relics":[{"not_picked":["Coffee Dripper","Ring of the Serpent"],"picked":"Philosopher\u0027s Stone"},{"not_picked":["Runic Pyramid","Fusion Hammer"],"picked":"Calling Bell"}],"items_purged_floors":[45],"is_endless":false,"potions_floor_spawned":[3,6,11,13,14,22,25,31,33,39],"ascension_level":6}}