{"host":"28p8ce41sjwa6lzf","time":1609793070,"event":{"mods":["BaseMod","Colored Map","Colored Powertips","Highlight Path","Minty Spire (QoL Compilation)","Permanent Neow","Quick Restart","Random Character Button","Rare Cards Sparkle","Relic Stats","StSLib","Unceasing Turn Reminder"],"gold_per_floor":[114,2,2,20,20,20,49,49,49,75,75,109,109,120,120,196,196,210,222,11,61,61,61,61],"floor_reached":23,"playtime":1128,"items_purged":["Strike_B"],"score":560,"play_id":"b5d73f29-9883-463a-92f9-8b9a2d082541","local_time":"20210104144430","is_ascension_mode":true,"campfire_choices":[{"data":"Hologram","floor":6.0,"key":"SMITH"},{"floor":8.0,"key":"REST"},{"data":"Zap","floor":13.0,"key":"SMITH"},{"floor":15.0,"key":"REST"}],"circlet_count":0,"master_deck":["AscendersBane","Strike_B","Strike_B","Strike_B","Defend_B","Defend_B","Defend_B","Defend_B","Zap+1","Dualcast","Sweeping Beam","Genetic Algorithm+1","Hologram+1","Ball Lightning","Steam+1","Biased Cognition","Fusion+1","Core Surge","Ball Lightning","Stack+1","Self Repair","Pain"],"relics":["Cracked Core","Oddly Smooth Stone","Matryoshka","Happy Flower","Cables","Toxic Egg 2","Akabeko","Meat on the Bone","Question Card","Runic Pyramid","Medical Kit","WarpedTongs"],"acts_visited":["Exordium","TheCity"],"potions_floor_usage":[23],"damage_taken":[{"damage":7.0,"enemies":"Jaw Worm","floor":1.0,"turns":4.0},{"damage":3.0,"enemies":"Cultist","floor":4.0,"turns":4.0},{"damage":33.0,"enemies":"3 Sentries","floor":7.0,"turns":7.0},{"damage":30.0,"enemies":"Gremlin Nob","floor":10.0,"turns":4.0},{"damage":0.0,"enemies":"3 Sentries","floor":12.0,"turns":5.0},{"damage":0.0,"enemies":"2 Louse","floor":14.0,"turns":1.0},{"damage":0.0,"enemies":"Slime Boss","floor":16.0,"turns":7.0},{"damage":0.0,"enemies":"3 Byrds","floor":18.0,"turns":3.0},{"damage":20.0,"enemies":"Shell Parasite","floor":19.0,"turns":3.0},{"damage":50,"enemies":"Slavers","floor":23,"turns":4}],"seed_played":"-8674013532054593445","potions_obtained":[{"floor":10.0,"key":"SpeedPotion"},{"floor":12.0,"key":"Strength Potion"},{"floor":19.0,"key":"PotionOfCapacity"}],"is_trial":false,"path_per_floor":["M","$","?","M","$","R","E","R","T","E","T","E","R","M","R","B",null,"M","M","$","?","?","E"],"character_chosen":"DEFECT","items_purchased":["Genetic Algorithm","Medical Kit","Self Repair"],"campfire_rested":2,"item_purchase_floors":[2,20,20],"current_hp_per_floor":[57,57,57,54,54,54,21,42,42,12,12,24,24,36,57,57,68,68,48,48,48,48,0,0],"gold":61,"neow_bonus":"RANDOM_COMMON_RELIC","is_daily":false,"chose_seed":false,"campfire_upgraded":2,"win_rate":0.0,"timestamp":1609793070,"path_taken":["M","$","?","?","?","R","E","R","T","E","?","E","R","M","R","BOSS","M","M","$","?","?","E"],"items_purchased_type":["Card","Relic","Card"],"build_version":"2020-12-22","purchased_purges":1,"victory":false,"max_hp_per_floor":[71,71,71,71,71,71,71,71,71,71,71,71,71,71,71,71,71,71,71,71,71,71,71,71],"relic_stats":{"Happy Flower":[9],"counters":[10,42],"Question Card":4,"Medical Kit":[0],"obtain_stats":[{"Matryoshka":7,"Happy Flower":9,"Oddly Smooth Stone":0,"Toxic Egg 2":10,"Cracked Core":0,"Question Card":12,"Medical Kit":20,"Akabeko":11,"Cables":9,"Meat on the Bone":11,"Runic Pyramid":17,"WarpedTongs":22},{"Matryoshka":3,"Happy Flower":3,"Oddly Smooth Stone":0,"Toxic Egg 2":4,"Cracked Core":0,"Question Card":5,"Medical Kit":9,"Akabeko":4,"Cables":3,"Meat on the Bone":4,"Runic Pyramid":7,"WarpedTongs":9},{"Matryoshka":15,"Happy Flower":15,"Oddly Smooth Stone":0,"Toxic Egg 2":19,"Cracked Core":0,"Question Card":24,"Medical Kit":38,"Akabeko":19,"Cables":15,"Meat on the Bone":19,"Runic Pyramid":32,"WarpedTongs":38}],"Cables":[22,20,0,0,2],"Meat on the Bone":24,"WarpedTongs":[4]},"card_choices":[{"not_picked":["Rebound","Coolheaded"],"picked":"Sweeping Beam","floor":1.0},{"not_picked":["Compile Driver","Sweeping Beam"],"picked":"Hologram","floor":4.0},{"not_picked":["Lockon","Leap"],"picked":"Ball Lightning","floor":7.0},{"not_picked":["Streamline","Leap+1"],"picked":"Steam+1","floor":10.0},{"not_picked":["Sweeping Beam","Consume+1"],"picked":"Biased Cognition","floor":12.0},{"not_picked":["Gash","Go for the Eyes","Heatsinks"],"picked":"Fusion+1","floor":14.0},{"not_picked":["Thunder Strike","Machine Learning","Buffer"],"picked":"Core Surge","floor":16.0},{"not_picked":["Consume+1","Gash","Doom and Gloom"],"picked":"Ball Lightning","floor":18.0},{"not_picked":["Force Field+1","Lockon","Scrape"],"picked":"Stack+1","floor":19.0}],"player_experience":1069294,"relics_obtained":[{"floor":7.0,"key":"Matryoshka"},{"floor":9.0,"key":"Happy Flower"},{"floor":9.0,"key":"Cables"},{"floor":10.0,"key":"Toxic Egg 2"},{"floor":11.0,"key":"Akabeko"},{"floor":11.0,"key":"Meat on the Bone"},{"floor":12.0,"key":"Question Card"}],"event_choices":[{"damage_healed":0.0,"max_hp_gain":0.0,"max_hp_loss":0.0,"gold_gain":0.0,"event_name":"Upgrade Shrine","player_choice":"Upgraded","floor":3.0,"gold_loss":0.0,"damage_taken":0.0,"cards_upgraded":["Genetic Algorithm"]},{"damage_healed":0.0,"max_hp_gain":0.0,"max_hp_loss":0.0,"gold_gain":50.0,"event_name":"Nest","player_choice":"Stole From Cult","floor":21.0,"gold_loss":0.0,"damage_taken":0.0},{"damage_healed":0.0,"max_hp_gain":0.0,"max_hp_loss":0.0,"gold_gain":0.0,"event_name":"Accursed Blacksmith","player_choice":"Rummage","floor":22.0,"gold_loss":0.0,"damage_taken":0.0,"relics_obtained":["WarpedTongs"],"cards_obtained":["Pain"]}],"is_beta":false,"boss_relics":[{"not_picked":["Calling Bell","Fusion Hammer"],"picked":"Runic Pyramid"}],"items_purged_floors":[2],"is_endless":false,"potions_floor_spawned":[10,12,19],"killed_by":"Slavers","ascension_level":20}}