{"host":"u4pncpybdtxxvw4r","time":1609769300,"event":{"mods":["AchievementEnabler","BaseMod","Block Reminder","Colored Powertips","Downfall","Marisa£®ÏF”Í°°ƒß¿Ì…≥£©","Minty Spire (QoL Compilation)","Permanent Neow","Potion Indicator Mod","Rare Cards Sparkle","StSLib","SuperFastMode"],"gold_per_floor":[159,175,187,40,54,54,82,82,106,123,154,166,179,179,179,278,278,290,290,290,304,317,317,242,256,256,8,8,8,8,8],"floor_reached":30,"playtime":2172,"items_purged":["Strike_B"],"score":267,"play_id":"cb0e9325-d7bd-4135-ba9e-6a47a6521a14","local_time":"20210104220820","is_ascension_mode":false,"campfire_choices":[{"data":"Glacier","floor":6,"key":"SMITH"},{"floor":8,"key":"REST"},{"floor":15,"key":"REST"},{"floor":23,"key":"REST"}],"circlet_count":0,"master_deck":["Strike_B","Strike_B","Defend_B","Defend_B+1","Defend_B","Zap+1","Dualcast","White Noise","Streamline","Force Field","Glacier+1","Coolheaded+1","Darkness","Creative AI","Skim","Double Energy","Barrage","Creative AI","Static Discharge+1","Redo+1","Cold Snap+1","Darkness+1","Coolheaded"],"relics":["Tiny House","Vajra","War Paint","Strawberry","Lantern","Inserter","CultistMask","Molten Egg 2","Happy Flower"],"acts_visited":["Exordium","TheCity"],"potions_floor_usage":[16,16,16,30],"damage_taken":[{"damage":6,"enemies":"Jaw Worm","floor":1,"turns":3},{"damage":0,"enemies":"Small Slimes","floor":2,"turns":3},{"damage":1,"enemies":"Cultist","floor":3,"turns":3},{"damage":4,"enemies":"3 Louse","floor":5,"turns":5},{"damage":24,"enemies":"Gremlin Nob","floor":7,"turns":5},{"damage":17,"enemies":"Exordium Thugs","floor":10,"turns":8},{"damage":26,"enemies":"3 Sentries","floor":11,"turns":8},{"damage":10,"enemies":"2 Fungi Beasts","floor":12,"turns":3},{"damage":13,"enemies":"Gremlin Gang","floor":13,"turns":6},{"damage":25,"enemies":"The Guardian","floor":16,"turns":12},{"damage":29,"enemies":"Chosen","floor":18,"turns":7},{"damage":14,"enemies":"Shell Parasite","floor":21,"turns":5},{"damage":21,"enemies":"Centurion and Healer","floor":22,"turns":5},{"damage":19,"enemies":"Chosen and Byrds","floor":25,"turns":4},{"damage":16,"enemies":"Cultist and Chosen","floor":30,"turns":3}],"seed_played":"-3017318540911486300","potions_obtained":[{"floor":0,"key":"SkillPotion"},{"floor":2,"key":"Block Potion"},{"floor":10,"key":"CultistPotion"},{"floor":18,"key":"AttackPotion"},{"floor":25,"key":"DuplicationPotion"}],"is_trial":false,"path_per_floor":["M","M","M","$","M","R","E","R","T","M","E","M","M","?","R","B",null,"M","?","?","M","M","R","?","M","T","$","?","$","M"],"character_chosen":"DEFECT","items_purchased":["Vajra","Happy Flower","Coolheaded"],"campfire_rested":3,"item_purchase_floors":[4,27,27],"current_hp_per_floor":[74,74,73,73,69,69,45,69,76,59,33,23,10,10,36,11,87,58,41,41,27,6,33,33,14,14,14,14,14,0,0],"gold":8,"neow_bonus":"BOSS_RELIC","is_daily":false,"chose_seed":false,"campfire_upgraded":1,"win_rate":0.0,"timestamp":1609769300,"path_taken":["M","M","M","$","M","R","E","R","T","M","E","M","M","?","R","BOSS","M","?","?","?","M","R","?","M","T","?","?","$","?"],"items_purchased_type":["Relic","Relic","Card"],"build_version":"2020-12-22","purchased_purges":1,"victory":false,"max_hp_per_floor":[80,80,80,80,80,80,80,80,87,87,87,87,87,87,87,87,87,87,92,92,92,92,92,92,92,92,92,92,92,92,92],"card_choices":[{"not_picked":["Compile Driver","Conserve Battery"],"picked":"White Noise","floor":0},{"not_picked":["Conserve Battery","Sweeping Beam"],"picked":"Streamline","floor":1},{"not_picked":["Reinforced Body","Scrape"],"picked":"Force Field","floor":2},{"not_picked":["Hello World","Stack"],"picked":"Glacier","floor":3},{"not_picked":["Fusion","Redo"],"picked":"Coolheaded","floor":5},{"not_picked":["Chaos","Stack"],"picked":"Darkness","floor":7},{"not_picked":["Redo","Self Repair"],"picked":"Creative AI","floor":10},{"not_picked":["Gash","Compile Driver"],"picked":"Skim","floor":11},{"not_picked":["Hologram","Streamline"],"picked":"Double Energy","floor":12},{"not_picked":["Conserve Battery","Gash"],"picked":"Barrage","floor":13},{"not_picked":["Seek","Machine Learning"],"picked":"Creative AI","floor":16},{"not_picked":["Hologram","Sweeping Beam+1"],"picked":"Static Discharge+1","floor":18},{"not_picked":["Fusion","Steam"],"picked":"Redo+1","floor":21},{"not_picked":["Gash","Self Repair"],"picked":"Cold Snap+1","floor":22},{"not_picked":["Leap","Melter"],"picked":"Darkness+1","floor":25}],"player_experience":26516,"relics_obtained":[{"floor":7,"key":"War Paint"},{"floor":9,"key":"Strawberry"},{"floor":11,"key":"Lantern"},{"floor":26,"key":"Molten Egg 2"}],"event_choices":[{"damage_healed":0,"gold_gain":0,"player_choice":"Searched \u00270\u0027 times","damage_taken":0,"max_hp_gain":0,"max_hp_loss":0,"event_name":"Dead Adventurer","floor":14,"gold_loss":0},{"damage_healed":0,"gold_gain":0,"player_choice":"Shed Blood","damage_taken":22,"max_hp_gain":5,"max_hp_loss":0,"event_name":"Forgotten Altar","floor":19,"gold_loss":0},{"damage_healed":0,"gold_gain":0,"player_choice":"Trade","damage_taken":0,"relics_obtained":["CultistMask"],"max_hp_gain":0,"max_hp_loss":0,"event_name":"FaceTrader","floor":20,"gold_loss":0},{"cards_removed":["Strike_B"],"damage_healed":0,"gold_gain":0,"player_choice":"Gave Gold","damage_taken":0,"max_hp_gain":0,"max_hp_loss":0,"event_name":"Beggar","floor":24,"gold_loss":75},{"cards_removed":["Defend_B"],"damage_healed":0,"gold_gain":0,"player_choice":"Offered Basic","damage_taken":0,"max_hp_gain":0,"max_hp_loss":0,"event_name":"Bonfire Elementals","floor":28,"gold_loss":0}],"is_beta":false,"boss_relics":[{"not_picked":["Cursed Key","Philosopher\u0027s Stone"],"picked":"Inserter"}],"items_purged_floors":[27],"is_endless":false,"potions_floor_spawned":[2,10,11,12,13,18,25],"killed_by":"Cultist and Chosen","ascension_level":0}}