{"host":"cv77zuuuekizn3ic","time":1609747801,"event":{"mods":["AchievementEnabler","BaseMod","Marisa£®ÏF”Í°°ƒß¿Ì…≥£©","Minty Spire (QoL Compilation)","StSLib","Waifu the Spire","everything is the same but u backflip on backflip","slay the spire mod where everything is the same but ironclad has a cowboy hat"],"gold_per_floor":[116,30,205,205,205,231,109,109,109,35,47,76,135,168,168,168,168],"floor_reached":16,"playtime":668,"items_purged":["Strike_B"],"score":238,"play_id":"90fa073a-438c-4dcc-a413-fa778a801c2b","local_time":"20210104161001","is_ascension_mode":true,"campfire_choices":[{"data":"Steam Power","floor":15.0,"key":"SMITH"}],"circlet_count":0,"master_deck":["Strike_B","Defend_B","Defend_B","Defend_B","Defend_B","Zap","Dualcast","Steam Power","Biased Cognition","Cold Snap","Turbo","Steam Power+1","Coolheaded","Ball Lightning","Conserve Battery","Defragment","Scrape+1","Buffer"],"relics":["Cracked Core","Peace Pipe","Molten Egg 2","Thread and Needle","Singing Bowl"],"acts_visited":["Exordium"],"potions_floor_usage":[],"damage_taken":[{"damage":5.0,"enemies":"Small Slimes","floor":1.0,"turns":4.0},{"damage":21.0,"enemies":"Lagavulin","floor":6.0,"turns":6.0},{"damage":0.0,"enemies":"2 Louse","floor":11.0,"turns":2.0},{"damage":0.0,"enemies":"Gremlin Nob","floor":12.0,"turns":3.0},{"damage":0.0,"enemies":"Gremlin Nob","floor":13.0,"turns":3.0},{"damage":0.0,"enemies":"3 Sentries","floor":14.0,"turns":6.0},{"damage":44,"enemies":"Hexaghost","floor":16,"turns":10}],"seed_played":"147496832028773152","potions_obtained":[{"floor":11.0,"key":"DistilledChaos"},{"floor":13.0,"key":"Regen Potion"}],"is_trial":false,"path_per_floor":["M","$","?","?","T","E","$","?","T","$","M","E","?","E","R","B"],"character_chosen":"DEFECT","items_purchased":["Turbo","Steam Power","Coolheaded","Ball Lightning","Conserve Battery"],"campfire_rested":0,"item_purchase_floors":[2,2,7,10,10],"current_hp_per_floor":[63,63,63,56,56,35,35,40,40,40,40,40,40,40,40,0,0],"gold":168,"neow_bonus":"TRANSFORM_TWO_CARDS","is_daily":false,"chose_seed":false,"campfire_upgraded":1,"win_rate":0.0,"timestamp":1609747801,"path_taken":["M","$","?","?","?","E","?","?","T","$","?","E","?","E","R","BOSS"],"items_purchased_type":["Card","Card","Card","Card","Card"],"build_version":"2020-12-22","purchased_purges":1,"victory":false,"max_hp_per_floor":[68,68,68,68,68,68,68,73,73,73,73,73,73,73,73,73,73],"card_choices":[{"not_picked":["Leap","Stack"],"picked":"Cold Snap","floor":1.0},{"not_picked":["Rip and Tear","Doom and Gloom","Aggregate"],"picked":"SKIP","floor":6.0},{"not_picked":["Heatsinks","Auto Shields"],"picked":"Defragment","floor":11.0},{"not_picked":["Reinforced Body","Hologram"],"picked":"Scrape+1","floor":12.0},{"not_picked":["Aggregate","Reinforced Body"],"picked":"Buffer","floor":14.0}],"player_experience":707771,"relics_obtained":[{"floor":9.0,"key":"Peace Pipe"},{"floor":12.0,"key":"Molten Egg 2"},{"floor":13.0,"key":"Thread and Needle"},{"floor":14.0,"key":"Singing Bowl"}],"event_choices":[{"damage_healed":0.0,"max_hp_gain":0.0,"max_hp_loss":0.0,"gold_gain":175.0,"event_name":"Liars Game","player_choice":"AGREE","floor":3.0,"gold_loss":0.0,"damage_taken":0.0,"cards_obtained":["Doubt"]},{"cards_removed":["Doubt"],"damage_healed":0.0,"max_hp_gain":0.0,"max_hp_loss":0.0,"gold_gain":0.0,"event_name":"Golden Wing","player_choice":"Card Removal","floor":4.0,"gold_loss":0.0,"damage_taken":7.0},{"damage_healed":0.0,"max_hp_gain":5.0,"max_hp_loss":0.0,"gold_gain":0.0,"event_name":"Big Fish","player_choice":"Donut","floor":8.0,"gold_loss":0.0,"damage_taken":0.0},{"damage_healed":0.0,"max_hp_gain":0.0,"max_hp_loss":0.0,"gold_gain":0.0,"event_name":"Dead Adventurer","player_choice":"Searched \u00272\u0027 times","floor":13.0,"gold_loss":0.0,"damage_taken":0.0}],"is_beta":false,"boss_relics":[],"items_purged_floors":[7],"is_endless":false,"potions_floor_spawned":[11,13],"killed_by":"Hexaghost","ascension_level":9}}