{"host":"w9yruvs4bqht6bhw","time":1609723713,"event":{"mods":["BaseMod","Colored Powertips","Minty Spire (QoL Compilation)"],"gold_per_floor":[114,39,56,75,87,87,87,87,87,121,121,134,145,145,145,241,241,256,256,9,29,29,29,29,29],"floor_reached":24,"playtime":739,"items_purged":["Normality","Strike_P"],"score":271,"play_id":"fc7ecf13-7a84-45b8-a66d-311469d16587","local_time":"20210103202833","is_ascension_mode":true,"campfire_choices":[{"data":"PathToVictory","floor":6,"key":"SMITH"},{"data":"Judgement","floor":8,"key":"SMITH"},{"floor":15,"key":"REST"},{"data":"PathToVictory","floor":23,"key":"SMITH"}],"circlet_count":0,"master_deck":["Strike_P","Strike_P","Strike_P","Defend_P","Defend_P","Defend_P","Defend_P","Vigilance","Judgement+1","ThirdEye","PathToVictory+1","InnerPeace","BattleHymn+1","ConjureBlade","PathToVictory+1","Wireheading+1"],"relics":["HolyWater","Frozen Egg 2","Gremlin Horn","Sundial","Bottled Lightning","ClockworkSouvenir"],"acts_visited":["Exordium","TheCity"],"potions_floor_usage":[5,10,16,18,24],"damage_taken":[{"damage":0,"enemies":"Jaw Worm","floor":1,"turns":3},{"damage":0,"enemies":"2 Louse","floor":3,"turns":3},{"damage":0,"enemies":"Cultist","floor":4,"turns":3},{"damage":8,"enemies":"Blue Slaver","floor":5,"turns":5},{"damage":25,"enemies":"Gremlin Nob","floor":10,"turns":4},{"damage":0,"enemies":"3 Louse","floor":12,"turns":2},{"damage":11,"enemies":"Large Slime","floor":13,"turns":6},{"damage":0,"enemies":"Slime Boss","floor":16,"turns":5},{"damage":17,"enemies":"2 Thieves","floor":18,"turns":4},{"damage":0,"enemies":"Spheric Guardian","floor":21,"turns":2},{"damage":45,"enemies":"Book of Stabbing","floor":24,"turns":4}],"seed_played":"-3028315466758796141","potions_obtained":[{"floor":1,"key":"Energy Potion"},{"floor":3,"key":"SkillPotion"},{"floor":5,"key":"Swift Potion"},{"floor":13,"key":"LiquidMemories"},{"floor":21,"key":"LiquidBronze"}],"is_trial":false,"path_per_floor":["M","$","M","M","M","R","?","R","T","E","?","M","M","T","R","B",null,"M","?","$","M","?","R","E"],"character_chosen":"WATCHER","items_purchased":["ClockworkSouvenir"],"campfire_rested":1,"item_purchase_floors":[20],"current_hp_per_floor":[72,72,72,72,64,64,52,52,52,27,20,20,9,9,30,30,72,55,55,55,55,42,42,0,0],"gold":29,"neow_bonus":"THREE_RARE_CARDS","is_daily":false,"chose_seed":false,"campfire_upgraded":3,"win_rate":0.0,"timestamp":1609723713,"path_taken":["M","$","M","M","M","R","?","R","T","E","?","M","M","?","R","BOSS","M","?","$","M","?","R","E"],"items_purchased_type":["Relic"],"build_version":"2020-12-22","purchased_purges":2,"victory":false,"max_hp_per_floor":[72,72,72,72,72,72,72,72,72,72,72,72,72,72,72,72,72,72,72,72,72,77,77,77,77],"card_choices":[{"not_picked":["Devotion","SpiritShield"],"picked":"Judgement","floor":0},{"not_picked":["JustLucky","BowlingBash"],"picked":"ThirdEye","floor":1},{"not_picked":["ReachHeaven","WreathOfFlame","TalkToTheHand"],"picked":"SKIP","floor":3},{"not_picked":["Vengeance","Halt","FollowUp"],"picked":"SKIP","floor":4},{"not_picked":["Crescendo","EmptyBody"],"picked":"PathToVictory","floor":5},{"not_picked":["FlurryOfBlows","Study+1"],"picked":"InnerPeace","floor":10},{"not_picked":["ReachHeaven","EmptyFist","Swivel"],"picked":"SKIP","floor":12},{"not_picked":["Pray","Swivel"],"picked":"BattleHymn+1","floor":13},{"not_picked":["Scrawl","SpiritShield"],"picked":"ConjureBlade","floor":16},{"not_picked":["SashWhip","ForeignInfluence","Fasting2+1"],"picked":"SKIP","floor":18},{"not_picked":["Evaluate","Pray"],"picked":"Wireheading+1","floor":21}],"player_experience":312821,"relics_obtained":[{"floor":9,"key":"Gremlin Horn"},{"floor":10,"key":"Sundial"},{"floor":14,"key":"Bottled Lightning"}],"event_choices":[{"damage_healed":0,"gold_gain":0,"player_choice":"Success","damage_taken":12,"relics_obtained":["Frozen Egg 2"],"max_hp_gain":0,"max_hp_loss":0,"event_name":"Scrap Ooze","floor":7,"gold_loss":0},{"cards_removed":["Eruption"],"damage_healed":0,"gold_gain":0,"player_choice":"Card Removal","damage_taken":7,"max_hp_gain":0,"max_hp_loss":0,"event_name":"Golden Wing","floor":11,"gold_loss":0},{"damage_healed":0,"gold_gain":0,"player_choice":"Read","damage_taken":0,"max_hp_gain":0,"max_hp_loss":0,"event_name":"The Library","floor":19,"gold_loss":0,"cards_obtained":["PathToVictory"]},{"damage_healed":0,"gold_gain":0,"player_choice":"Shed Blood","damage_taken":18,"max_hp_gain":5,"max_hp_loss":0,"event_name":"Forgotten Altar","floor":22,"gold_loss":0}],"is_beta":false,"boss_relics":[{"not_picked":["Cursed Key","Tiny House"],"picked":"HolyWater"}],"items_purged_floors":[2,20],"is_endless":false,"potions_floor_spawned":[1,3,5,13,21],"killed_by":"Book of Stabbing","ascension_level":2}}