{"host":"y89x8uui45kcjy42","time":1609732432,"event":{"mods":["2.2 Compatiblity","BaseMod","CapriCore","Colored Map","Colored Powertips","Custom Start","Friendly Minions","Keyboard Shortcuts","Lobotomy","Minty Spire (QoL Compilation)","Relic Stats","Slay the Relics Exporter","StSLib","SuperFastMode","Uncapped"],"gold_per_floor":[119,119,133,58,58,90,90,102,129,154,154,74,87,154,154,232,232,245,3,3,15,15,15,34,34,58,97,122,146,158,170,182,270,282,306,52,52,52,71,104,104,104,104,131,186,211,74,99,99,99,99,99,99,35,60,60],"floor_reached":57,"playtime":1238,"items_purged":["Strike_P","Defend_P","Strike_P","Defend_P","Strike_P"],"score":3574,"play_id":"53f4001c-c2e8-411d-bdc3-af7f582cbedd","local_time":"20210104125352","is_ascension_mode":true,"campfire_choices":[{"floor":7,"key":"RECALL"},{"data":"Fasting2","floor":11,"key":"SMITH"},{"data":"MentalFortress","floor":15,"key":"SMITH"},{"data":"Ragnarok","floor":23,"key":"SMITH"},{"data":"Brilliance","floor":30,"key":"SMITH"},{"data":"Devotion","floor":32,"key":"SMITH"},{"data":"BattleHymn","floor":41,"key":"SMITH"},{"data":"Vigilance","floor":49,"key":"SMITH"},{"data":"Defend_P","floor":53,"key":"SMITH"}],"circlet_count":0,"master_deck":["AscendersBane","Strike_P","Defend_P+1","Vigilance+1","Alriune","BattleHymn+1","Fasting2+1","Brilliance+1","MentalFortress+1","Devotion+1","Ragnarok+1","MentalFortress+1"],"relics":["HolyWater","CogitoBucket","Incense Burner","Damaru","Incense Burner","Incense Burner","Damaru","Damaru","Incense Burner","Damaru","Damaru","Incense Burner","Incense Burner","Orichalcum","Strawberry","The Courier","ChangeAnything","Torii","MutagenicStrength","WingedGreaves","Coffee Dripper","MawBank","SkinProphecy","Anchor","VioletLotus","Ring of the Serpent","DollysMirror","Meat on the Bone","Turnip","Pocketwatch","Regal Pillow","TungstenRod","Boot","Blue Candle","Membership Card","Lizard Tail","Bronze Scales","Blood Vial"],"acts_visited":["Exordium","TheCity","TheBeyond","TheEnding"],"potions_floor_usage":[],"damage_taken":[{"damage":1,"enemies":"Small Slimes","floor":1,"turns":4},{"damage":0,"enemies":"Cultist","floor":3,"turns":4},{"damage":3,"enemies":"3 Sentries","floor":6,"turns":10},{"damage":0,"enemies":"2 Louse","floor":8,"turns":3},{"damage":0,"enemies":"Lagavulin","floor":10,"turns":4},{"damage":0,"enemies":"Red Slaver","floor":13,"turns":4},{"damage":0,"enemies":"The Guardian","floor":16,"turns":4},{"damage":0,"enemies":"Chosen","floor":18,"turns":4},{"damage":0,"enemies":"Shell Parasite","floor":21,"turns":3},{"damage":0,"enemies":"Snake Plant","floor":24,"turns":2},{"damage":0,"enemies":"Book of Stabbing","floor":27,"turns":2},{"damage":4,"enemies":"Snecko","floor":28,"turns":4},{"damage":0,"enemies":"Shelled Parasite and Fungi","floor":29,"turns":2},{"damage":0,"enemies":"Collector","floor":33,"turns":4},{"damage":0,"enemies":"3 Darklings","floor":35,"turns":3},{"damage":2,"enemies":"3 Shapes","floor":39,"turns":2},{"damage":0,"enemies":"Giant Head","floor":40,"turns":4},{"damage":0,"enemies":"Reptomancer","floor":44,"turns":3},{"damage":0,"enemies":"2 Orb Walkers","floor":45,"turns":2},{"damage":0,"enemies":"Nemesis","floor":46,"turns":5},{"damage":0,"enemies":"Mind Bloom Boss Battle","floor":48,"turns":3},{"damage":0,"enemies":"Time Eater","floor":50,"turns":4},{"damage":0,"enemies":"Donu and Deca","floor":51,"turns":4},{"damage":0,"enemies":"Shield and Spear","floor":55,"turns":4},{"damage":0,"enemies":"The Heart","floor":56,"turns":6}],"seed_played":"-588698456220842113","potions_obtained":[{"floor":1,"key":"SmokeBomb"},{"floor":5,"key":"DuplicationPotion"},{"floor":5,"key":"FearPotion"},{"floor":33,"key":"ColorlessPotion"},{"floor":39,"key":"Dexterity Potion"},{"floor":48,"key":"LiquidBronze"}],"is_trial":false,"path_per_floor":["M","?","M","$","?","E","R","M","T","E","R","$","M","$","R","B",null,"M","$","?","M","?","R","M","?","T","E","M","M","R","?","R","B",null,"M","$","T","?","M","E","R","?","T","E","?","E","$","?","R","B","B",null,"R","$","E","B",null],"character_chosen":"WATCHER","items_purchased":["Torii","MentalFortress","Ragnarok","DollysMirror","Membership Card","Bronze Scales"],"campfire_rested":0,"item_purchase_floors":[14,14,19,36,47,54],"current_hp_per_floor":[60,60,60,60,60,64,64,64,64,64,64,64,64,64,64,64,72,72,72,72,72,72,72,72,51,51,51,47,43,43,43,43,84,84,80,80,80,80,74,70,70,70,70,66,90,86,86,82,82,96,92,97,97,97,93,91],"gold":60,"neow_bonus":"","is_daily":false,"chose_seed":false,"campfire_upgraded":8,"win_rate":0.0,"timestamp":1609732432,"path_taken":["M","?","?","$","?","E","R","M","T","E","R","$","?","?","R","BOSS","M","$","?","M","?","R","M","?","T","E","M","M","R","?","R","BOSS","M","?","?","?","?","E","R","?","T","E","?","E","$","?","R","BOSS","BOSS","R","$","E","BOSS"],"items_purchased_type":["Relic","Card","Card","Relic","Relic","Relic"],"build_version":"2020-12-22","purchased_purges":5,"victory":true,"max_hp_per_floor":[68,68,68,68,68,75,75,75,75,75,75,75,75,75,75,75,75,75,75,75,75,75,75,75,80,80,80,80,82,82,82,82,84,84,86,86,86,82,84,86,86,86,86,88,90,92,92,94,94,96,98,98,98,98,100,102],"relic_stats":{"Regal Pillow":0,"Torii":0,"counters":[27,96],"Blue Candle":[0],"Orichalcum":[96],"MawBank":120,"Boot":[40],"Blood Vial":2,"Lizard Tail":0,"Bronze Scales":[105],"VioletLotus":[2],"Turnip":[4],"obtain_stats":[{"Regal Pillow":44,"Torii":14,"Incense Burner":0,"SkinProphecy":28,"Boot":46,"Blood Vial":55,"CogitoBucket":0,"Lizard Tail":48,"DollysMirror":36,"Strawberry":6,"WingedGreaves":23,"VioletLotus":34,"Blue Candle":46,"Damaru":0,"The Courier":10,"Orichalcum":6,"MawBank":26,"Anchor":31,"MutagenicStrength":20,"Bronze Scales":54,"HolyWater":17,"Turnip":40,"Coffee Dripper":24,"Membership Card":47,"PureWater":0,"ChangeAnything":13,"Ring of the Serpent":35,"TungstenRod":45,"Meat on the Bone":37,"Pocketwatch":43},{"Regal Pillow":20,"Torii":7,"Incense Burner":0,"SkinProphecy":14,"Boot":22,"Blood Vial":26,"CogitoBucket":0,"Lizard Tail":23,"DollysMirror":17,"Strawberry":3,"WingedGreaves":10,"VioletLotus":16,"Blue Candle":22,"Damaru":0,"The Courier":5,"Orichalcum":3,"MawBank":11,"Anchor":15,"MutagenicStrength":9,"Bronze Scales":25,"HolyWater":8,"Turnip":19,"Coffee Dripper":11,"Membership Card":22,"PureWater":0,"ChangeAnything":7,"Ring of the Serpent":17,"TungstenRod":21,"Meat on the Bone":17,"Pocketwatch":19},{"Regal Pillow":68,"Torii":30,"Incense Burner":0,"SkinProphecy":50,"Boot":73,"Blood Vial":90,"CogitoBucket":0,"Lizard Tail":78,"DollysMirror":59,"Strawberry":18,"WingedGreaves":41,"VioletLotus":56,"Blue Candle":75,"Damaru":0,"The Courier":25,"Orichalcum":17,"MawBank":43,"Anchor":52,"MutagenicStrength":38,"Bronze Scales":86,"HolyWater":34,"Turnip":65,"Coffee Dripper":43,"Membership Card":75,"PureWater":0,"ChangeAnything":30,"Ring of the Serpent":58,"TungstenRod":70,"Meat on the Bone":59,"Pocketwatch":65}],"TungstenRod":6,"Meat on the Bone":0,"Pocketwatch":[6]},"card_choices":[{"not_picked":["EmptyFist","BowlingBash","CarveReality"],"picked":"SKIP","floor":1},{"not_picked":["WallGazer","OldLady"],"picked":"Alriune","floor":3},{"not_picked":["Consecrate","FlurryOfBlows","Crescendo"],"picked":"SKIP","floor":3},{"not_picked":["WaveOfTheHand","EmptyBody","CutThroughFate"],"picked":"SKIP","floor":6},{"not_picked":["Crescendo","CutThroughFate"],"picked":"BattleHymn","floor":8},{"not_picked":["Crescendo","Vengeance"],"picked":"Fasting2","floor":10},{"not_picked":["SingingMachine","RedShoes","FairyFestival"],"picked":"Singing Bowl","floor":13},{"not_picked":["PathToVictory","Consecrate"],"picked":"Brilliance","floor":13},{"not_picked":["NothingThere","BigBadWolf","Scorched"],"picked":"Singing Bowl","floor":16},{"not_picked":["Judgement","SpiritShield"],"picked":"Devotion","floor":16},{"not_picked":["CENSORED","BigBird","Scorched"],"picked":"Singing Bowl","floor":18},{"not_picked":["Consecrate","FlurryOfBlows","JustLucky"],"picked":"SKIP","floor":18},{"not_picked":["DreamingCurrent","Laetitia","PunishingBird"],"picked":"Singing Bowl","floor":21},{"not_picked":["Evaluate","ReachHeaven","SpiritShield"],"picked":"SKIP","floor":21},{"not_picked":["SpiderBud","Scorched","Variant"],"picked":"Singing Bowl","floor":24},{"not_picked":["WheelKick","Indignation","Study"],"picked":"SKIP","floor":24},{"not_picked":["WheelKick","Indignation","Study"],"picked":"SKIP","floor":24},{"not_picked":["QueenBee","CENSORED","WhitesApple"],"picked":"Singing Bowl","floor":27},{"not_picked":["Indignation+1","JustLucky","SashWhip"],"picked":"SKIP","floor":27},{"not_picked":["SingingMachine","HappyTeddy","FieryBird"],"picked":"Singing Bowl","floor":28},{"not_picked":["Protect+1","PathToVictory+1","Prostrate"],"picked":"SKIP","floor":28},{"not_picked":["VoidDream","ShyLook","Porccubus"],"picked":"Singing Bowl","floor":29},{"not_picked":["BattleHymn","CrushJoints","Perseverance+1"],"picked":"SKIP","floor":29},{"not_picked":["BattleHymn","CrushJoints","Perseverance+1"],"picked":"SKIP","floor":29},{"not_picked":["SpiderBud","DespairKnight","BlackSwan"],"picked":"Singing Bowl","floor":33},{"not_picked":["FairyFestival","OldLady","Yin"],"picked":"Singing Bowl","floor":35},{"not_picked":["CrushJoints","Protect","WindmillStrike"],"picked":"SKIP","floor":35},{"not_picked":["BodiesMountain","Mercenary","Laetitia"],"picked":"Singing Bowl","floor":39},{"not_picked":["Halt+1","Consecrate","FearNoEvil+1"],"picked":"SKIP","floor":39},{"not_picked":["Laetitia","BodiesMountain","BlackSwan"],"picked":"Singing Bowl","floor":40},{"not_picked":["FlyingSleeves","ForeignInfluence","Collect"],"picked":"SKIP","floor":40},{"not_picked":["BigBadWolf","BlueStar","FieryBird"],"picked":"Singing Bowl","floor":44},{"not_picked":["MasterReality","Halt","Prostrate+1"],"picked":"SKIP","floor":44},{"not_picked":["MeltingLove","OldLady","NothingThere"],"picked":"Singing Bowl","floor":45},{"not_picked":["Yin","BodiesMountain","Variant"],"picked":"Singing Bowl","floor":46},{"not_picked":["Fasting2","Collect+1","EmptyBody"],"picked":"SKIP","floor":46},{"not_picked":["PlagueDoctor","GalaxyChild","MeltingLove"],"picked":"Singing Bowl","floor":48},{"not_picked":["QueenBee","SilentOrchestra","DreamingCurrent"],"picked":"Singing Bowl","floor":55},{"not_picked":["ForeignInfluence+1","Perseverance","PathToVictory"],"picked":"SKIP","floor":55}],"player_experience":557644,"relics_obtained":[{"floor":6,"key":"Strawberry"},{"floor":10,"key":"The Courier"},{"floor":26,"key":"MawBank"},{"floor":37,"key":"Meat on the Bone"},{"floor":40,"key":"Turnip"},{"floor":43,"key":"Pocketwatch"},{"floor":44,"key":"Regal Pillow"},{"floor":45,"key":"TungstenRod"},{"floor":46,"key":"Blue Candle"},{"floor":48,"key":"Lizard Tail"},{"floor":55,"key":"Blood Vial"}],"event_choices":[{"cards_removed":["Eruption"],"damage_healed":0,"gold_gain":0,"player_choice":"Purged","damage_taken":0,"max_hp_gain":0,"max_hp_loss":0,"event_name":"Purifier","floor":2,"gold_loss":0},{"damage_healed":0,"gold_gain":0,"player_choice":"Got Potions","damage_taken":0,"max_hp_gain":0,"max_hp_loss":0,"event_name":"Lab","floor":5,"gold_loss":0},{"damage_healed":0,"gold_gain":0,"player_choice":"Inject Mutagens","damage_taken":0,"relics_obtained":["MutagenicStrength"],"max_hp_gain":0,"max_hp_loss":0,"event_name":"Drug Dealer","floor":20,"gold_loss":0},{"damage_healed":0,"gold_gain":0,"player_choice":"Ignored","damage_taken":0,"max_hp_gain":0,"max_hp_loss":0,"event_name":"Ghosts","floor":22,"gold_loss":0},{"damage_healed":0,"gold_gain":0,"player_choice":"Shed Blood","damage_taken":26,"max_hp_gain":5,"max_hp_loss":0,"event_name":"Forgotten Altar","floor":25,"gold_loss":0},{"damage_healed":0,"gold_gain":0,"player_choice":"Gave Potion","damage_taken":0,"relics_obtained":["Anchor"],"max_hp_gain":0,"max_hp_loss":0,"event_name":"WeMeetAgain","floor":31,"gold_loss":0},{"damage_healed":0,"gold_gain":0,"player_choice":"Max HP","damage_taken":0,"max_hp_gain":0,"max_hp_loss":4,"event_name":"Winding Halls","floor":38,"gold_loss":0},{"cards_removed":["Defend_P"],"damage_healed":0,"gold_gain":0,"player_choice":"Removed Skill","damage_taken":0,"max_hp_gain":0,"max_hp_loss":0,"event_name":"Falling","floor":42,"gold_loss":0},{"damage_healed":0,"gold_gain":0,"player_choice":"Fight","damage_taken":0,"max_hp_gain":0,"max_hp_loss":0,"event_name":"Mysterious Sphere","floor":45,"gold_loss":0},{"damage_healed":0,"gold_gain":0,"player_choice":"Fight","damage_taken":0,"max_hp_gain":0,"max_hp_loss":0,"event_name":"MindBloom","floor":48,"gold_loss":0}],"is_beta":false,"boss_relics":[{"not_picked":["Fusion Hammer","Ectoplasm"],"picked":"HolyWater"},{"not_picked":["Snecko Eye","Runic Dome"],"picked":"VioletLotus"}],"items_purged_floors":[4,12,14,19,36],"is_endless":false,"potions_floor_spawned":[1,10,16,18,33,39,44,48],"ascension_level":20}}