{"host":"2yqfi47fogfu1ic4","time":1609799629,"event":{"mods":["AchievementEnabler","BaseMod","Colored Map","Colored Powertips","Highlight Path","Minty Spire (QoL Compilation)","Permanent Neow","Relic Stats","StSLib"],"gold_per_floor":[112,130,143,155,41,41,74,74,74,106,117,134,134,151,151,228,228,241,241,23,73,73,73,107,120,120,35,35,66,66,83,83,160,160,172,172,172,172,220,77,106,121,121,121,121,154,165,182,182,182,182,182,182,16,42,42],"floor_reached":57,"playtime":4902,"items_purged":["Strike_G","Strike_G"],"score":3091,"play_id":"0f0085ec-c07a-4612-ad3e-59a4d47498eb","local_time":"20210104233349","is_ascension_mode":true,"campfire_choices":[{"data":"Skewer","floor":6,"key":"SMITH"},{"floor":13,"key":"DIG"},{"data":"Accuracy","floor":15,"key":"SMITH"},{"floor":23,"key":"DIG"},{"floor":28,"key":"DIG"},{"floor":32,"key":"DIG"},{"floor":44,"key":"RECALL"},{"floor":49,"key":"DIG"},{"floor":53,"key":"DIG"}],"circlet_count":0,"master_deck":["AscendersBane","Defend_G","Defend_G","Defend_G","Defend_G","Defend_G+1","Survivor","Neutralize","Skewer+1","Flying Knee","Underhanded Strike","Poisoned Stab","Predator","Blade Dance","Adrenaline","Accuracy+1","Backflip","Blade Dance+1","Corpse Explosion","Adrenaline","Cloak And Dagger+1","Accuracy+1","Blade Dance","Dash","Unload","Blade Dance","Well Laid Plans+1","Adrenaline","PanicButton","Dark Shackles","Blade Dance+1","Terror","Backflip+1"],"relics":["Runic Dome","Singing Bowl","Shovel","The Specimen","Dead Branch","SlaversCollar","DollysMirror","Thread and Needle","Juzu Bracelet","Bird Faced Urn","Blue Candle","Kunai","Mango","Akabeko","Busted Crown","Prayer Wheel","Ninja Scroll","Gambling Chip","Unceasing Top","Pear","War Paint","Toy Ornithopter"],"acts_visited":["Exordium","TheCity","TheBeyond","TheEnding"],"potions_floor_usage":[7,10,18],"damage_taken":[{"damage":7,"enemies":"Cultist","floor":1,"turns":6},{"damage":2,"enemies":"Jaw Worm","floor":2,"turns":4},{"damage":0,"enemies":"2 Louse","floor":3,"turns":2},{"damage":2,"enemies":"2 Fungi Beasts","floor":4,"turns":3},{"damage":8,"enemies":"Gremlin Nob","floor":7,"turns":3},{"damage":5,"enemies":"Lagavulin","floor":10,"turns":3},{"damage":8,"enemies":"Blue Slaver","floor":11,"turns":2},{"damage":0,"enemies":"Large Slime","floor":12,"turns":5},{"damage":1,"enemies":"2 Fungi Beasts","floor":14,"turns":2},{"damage":0,"enemies":"Slime Boss","floor":16,"turns":4},{"damage":3,"enemies":"3 Byrds","floor":18,"turns":3},{"damage":0,"enemies":"Gremlin Leader","floor":24,"turns":3},{"damage":0,"enemies":"Spheric Guardian","floor":25,"turns":1},{"damage":18,"enemies":"Slavers","floor":29,"turns":2},{"damage":0,"enemies":"Chosen and Byrds","floor":31,"turns":3},{"damage":22,"enemies":"Collector","floor":33,"turns":4},{"damage":0,"enemies":"3 Shapes","floor":35,"turns":3},{"damage":0,"enemies":"2 Orb Walkers","floor":39,"turns":3},{"damage":5,"enemies":"Giant Head","floor":41,"turns":3},{"damage":0,"enemies":"3 Darklings","floor":42,"turns":3},{"damage":0,"enemies":"Reptomancer","floor":46,"turns":3},{"damage":0,"enemies":"Writhing Mass","floor":47,"turns":2},{"damage":0,"enemies":"4 Shapes","floor":48,"turns":2},{"damage":29,"enemies":"Awakened One","floor":50,"turns":9},{"damage":0,"enemies":"Donu and Deca","floor":51,"turns":5},{"damage":59,"enemies":"Shield and Spear","floor":55,"turns":3},{"damage":89,"enemies":"The Heart","floor":56,"turns":8}],"seed_played":"6449323429122431046","potions_obtained":[{"floor":1,"key":"Strength Potion"},{"floor":7,"key":"FearPotion"},{"floor":14,"key":"ColorlessPotion"},{"floor":18,"key":"FairyPotion"},{"floor":31,"key":"EssenceOfSteel"},{"floor":42,"key":"DuplicationPotion"}],"is_trial":false,"path_per_floor":["M","M","M","M","$","R","E","?","T","E","M","M","R","M","R","B",null,"M","?","$","?","?","R","E","M","T","?","R","E","?","M","R","B",null,"M","?","?","?","?","$","E","M","T","R","?","E","M","M","R","B","B",null,"R","$","E","B",null],"character_chosen":"THE_SILENT","items_purchased":["Predator","DollysMirror","Blade Dance","Terror","War Paint"],"campfire_rested":0,"item_purchase_floors":[5,20,20,40,54],"current_hp_per_floor":[52,50,50,48,48,48,40,40,40,35,29,29,29,28,28,28,58,55,55,55,55,55,55,55,57,57,57,57,53,53,63,63,49,77,83,83,83,75,83,83,82,92,92,92,92,94,98,100,100,87,100,100,110,110,61,41],"gold":42,"neow_bonus":"BOSS_RELIC","is_daily":false,"chose_seed":false,"campfire_upgraded":2,"win_rate":0.0,"timestamp":1609799629,"path_taken":["M","?","M","M","$","R","E","?","T","E","?","M","R","M","R","BOSS","M","?","$","?","?","R","E","M","T","?","R","E","?","M","R","BOSS","M","?","?","?","?","$","E","M","T","R","?","E","M","M","R","BOSS","BOSS","R","$","E","BOSS"],"items_purchased_type":["Card","Relic","Card","Card","Relic"],"build_version":"2020-12-22","purchased_purges":2,"victory":true,"max_hp_per_floor":[66,66,66,66,66,66,66,66,66,66,68,68,68,68,68,68,68,68,68,68,68,68,68,68,70,70,70,70,84,84,86,86,86,86,88,88,84,86,86,86,88,92,92,92,92,94,98,100,100,100,100,100,110,110,112,112],"relic_stats":{"Singing Bowl":26,"counters":[27,94],"Dead Branch":[329],"Blue Candle":[0],"Juzu Bracelet":1,"War Paint":["Defend_G","Blade Dance"],"Shovel":6,"Busted Crown":28,"Bird Faced Urn":[87],"Gambling Chip":[12],"Prayer Wheel":3,"Kunai":[92],"obtain_stats":[{"Pear":53,"Singing Bowl":7,"The Specimen":10,"Dead Branch":13,"Blue Candle":27,"Thread and Needle":23,"Mango":29,"Juzu Bracelet":24,"War Paint":54,"Akabeko":32,"Runic Dome":0,"SlaversCollar":17,"Shovel":9,"Busted Crown":34,"DollysMirror":20,"Ninja Scroll":41,"Bird Faced Urn":26,"Gambling Chip":46,"Prayer Wheel":39,"Kunai":28,"Unceasing Top":49,"Toy Ornithopter":55,"Ring of the Snake":0},{"Pear":25,"Singing Bowl":5,"The Specimen":6,"Dead Branch":8,"Blue Candle":13,"Thread and Needle":11,"Mango":14,"Juzu Bracelet":12,"War Paint":25,"Akabeko":15,"Runic Dome":0,"SlaversCollar":10,"Shovel":5,"Busted Crown":16,"DollysMirror":11,"Ninja Scroll":19,"Bird Faced Urn":13,"Gambling Chip":21,"Prayer Wheel":18,"Kunai":13,"Unceasing Top":23,"Toy Ornithopter":26,"Ring of the Snake":0},{"Pear":83,"Singing Bowl":18,"The Specimen":21,"Dead Branch":28,"Blue Candle":41,"Thread and Needle":37,"Mango":43,"Juzu Bracelet":40,"War Paint":83,"Akabeko":46,"Runic Dome":0,"SlaversCollar":34,"Shovel":18,"Busted Crown":50,"DollysMirror":37,"Ninja Scroll":59,"Bird Faced Urn":41,"Gambling Chip":65,"Prayer Wheel":56,"Kunai":41,"Unceasing Top":69,"Toy Ornithopter":86,"Ring of the Snake":0}],"Unceasing Top":[0],"Toy Ornithopter":0},"card_choices":[{"not_picked":["Infinite Blades","Bouncing Flask"],"picked":"Skewer","floor":1},{"not_picked":["PiercingWail","Footwork"],"picked":"Flying Knee","floor":2},{"not_picked":["Setup","Dodge and Roll"],"picked":"Underhanded Strike","floor":3},{"not_picked":["Well Laid Plans","Deflect"],"picked":"Poisoned Stab","floor":4},{"not_picked":["Riddle With Holes","Backstab"],"picked":"Blade Dance","floor":7},{"not_picked":["Outmaneuver","Cloak And Dagger"],"picked":"Backflip","floor":10},{"not_picked":["Poisoned Stab","Underhanded Strike","Masterful Stab"],"picked":"Singing Bowl","floor":11},{"not_picked":["Cloak And Dagger","Flying Knee"],"picked":"Blade Dance","floor":12},{"not_picked":["Backstab","Crippling Poison"],"picked":"Corpse Explosion","floor":14},{"not_picked":["Venomology","Grand Finale"],"picked":"Adrenaline","floor":16},{"not_picked":["Quick Slash","Poisoned Stab"],"picked":"Cloak And Dagger+1","floor":18},{"not_picked":["Distraction","All Out Attack"],"picked":"Blade Dance","floor":24},{"not_picked":["Concentrate","Well Laid Plans","Catalyst"],"picked":"Singing Bowl","floor":25},{"not_picked":["All Out Attack","Slice+1"],"picked":"Well Laid Plans+1","floor":29},{"not_picked":["Eviscerate","Reflex","Outmaneuver"],"picked":"Singing Bowl","floor":31},{"not_picked":["Die Die Die","Unload"],"picked":"Adrenaline","floor":33},{"not_picked":["Dodge and Roll"],"picked":"Singing Bowl","floor":35},{"not_picked":["Impatience"],"picked":"Singing Bowl","floor":38},{"not_picked":[],"picked":"PanicButton","floor":38},{"not_picked":[],"picked":"Dark Shackles","floor":38},{"not_picked":[],"picked":"Blade Dance+1","floor":39},{"not_picked":["Tactician"],"picked":"Singing Bowl","floor":41},{"not_picked":["Choke"],"picked":"Singing Bowl","floor":42},{"not_picked":["Backflip"],"picked":"Singing Bowl","floor":42},{"not_picked":["Caltrops+1"],"picked":"Singing Bowl","floor":46},{"not_picked":["Slice+1"],"picked":"Singing Bowl","floor":47},{"not_picked":["Dagger Spray+1"],"picked":"Singing Bowl","floor":47},{"not_picked":["Deadly Poison"],"picked":"Singing Bowl","floor":48},{"not_picked":[],"picked":"Backflip+1","floor":48},{"not_picked":["Footwork"],"picked":"Singing Bowl","floor":55}],"player_experience":2067368,"relics_obtained":[{"floor":7,"key":"Singing Bowl"},{"floor":9,"key":"Shovel"},{"floor":10,"key":"The Specimen"},{"floor":13,"key":"Dead Branch"},{"floor":23,"key":"Thread and Needle"},{"floor":24,"key":"Juzu Bracelet"},{"floor":26,"key":"Bird Faced Urn"},{"floor":28,"key":"Kunai"},{"floor":29,"key":"Mango"},{"floor":32,"key":"Akabeko"},{"floor":39,"key":"Prayer Wheel"},{"floor":41,"key":"Ninja Scroll"},{"floor":46,"key":"Gambling Chip"},{"floor":49,"key":"Unceasing Top"},{"floor":53,"key":"Pear"},{"floor":55,"key":"Toy Ornithopter"}],"event_choices":[{"damage_healed":0,"gold_gain":0,"player_choice":"2 cards matched","damage_taken":0,"max_hp_gain":0,"max_hp_loss":0,"event_name":"Match and Keep!","floor":8,"gold_loss":0,"cards_obtained":["Adrenaline","Accuracy"]},{"damage_healed":0,"gold_gain":0,"player_choice":"Ignored","damage_taken":0,"max_hp_gain":0,"max_hp_loss":0,"event_name":"Vampires","floor":19,"gold_loss":0},{"damage_healed":0,"gold_gain":50,"player_choice":"Stole From Cult","damage_taken":0,"max_hp_gain":0,"max_hp_loss":0,"event_name":"Nest","floor":21,"gold_loss":0},{"damage_healed":0,"gold_gain":0,"cards_transformed":["Strike_G","Strike_G"],"player_choice":"Became Test Subject","damage_taken":0,"max_hp_gain":0,"max_hp_loss":0,"event_name":"Drug Dealer","floor":22,"gold_loss":0,"cards_obtained":["Dash","Unload"]},{"damage_healed":0,"gold_gain":0,"player_choice":"Obtained Relic","damage_taken":0,"relics_obtained":["Blue Candle"],"max_hp_gain":0,"max_hp_loss":0,"event_name":"Addict","floor":27,"gold_loss":85},{"damage_healed":0,"gold_gain":0,"player_choice":"Ignored","damage_taken":0,"max_hp_gain":0,"max_hp_loss":0,"event_name":"The Mausoleum","floor":30,"gold_loss":0},{"cards_removed":["Strike_G"],"damage_healed":0,"gold_gain":0,"player_choice":"Removed Attack","damage_taken":0,"max_hp_gain":0,"max_hp_loss":0,"event_name":"Falling","floor":36,"gold_loss":0},{"damage_healed":0,"gold_gain":0,"player_choice":"Max HP","damage_taken":0,"max_hp_gain":0,"max_hp_loss":4,"event_name":"Winding Halls","floor":37,"gold_loss":0},{"damage_healed":0,"gold_gain":0,"player_choice":"Memory 3","damage_taken":10,"max_hp_gain":0,"max_hp_loss":0,"event_name":"SensoryStone","floor":38,"gold_loss":0},{"damage_healed":0,"gold_gain":0,"player_choice":"Fight","damage_taken":0,"max_hp_gain":0,"max_hp_loss":0,"event_name":"Mysterious Sphere","floor":39,"gold_loss":0},{"damage_healed":0,"gold_gain":0,"player_choice":"Ignored","damage_taken":0,"max_hp_gain":0,"max_hp_loss":0,"event_name":"Tomb of Lord Red Mask","floor":45,"gold_loss":0}],"is_beta":false,"boss_relics":[{"not_picked":["Ectoplasm","Runic Pyramid"],"picked":"SlaversCollar"},{"not_picked":["Philosopher\u0027s Stone","Snecko Eye"],"picked":"Busted Crown"}],"items_purged_floors":[5,40],"is_endless":false,"potions_floor_spawned":[1,7,14,18,31,33,42,47,48,55],"ascension_level":20}}