{"host":"ix2a18c4ohfsrslv","time":1609795194,"event":{"mods":["BaseMod","Better Third Choice","Downfall","Minty Spire (QoL Compilation)","Replay The Spire","StSLib","The Hierophant"],"gold_per_floor":[110,33,59,95,122,122,122,108,108],"floor_reached":8,"playtime":714,"items_purged":[],"score":48,"play_id":"e884ae55-0a92-425b-8450-7c3c5f7c89ca","local_time":"20210104131954","is_ascension_mode":false,"campfire_choices":[{"data":"hierophant:Alms","floor":6,"key":"SMITH"}],"circlet_count":0,"master_deck":["hierophant:Strike_Hierophant","hierophant:Strike_Hierophant","hierophant:Strike_Hierophant","hierophant:Strike_Hierophant","hierophant:Punish","hierophant:Defend_Hierophant","hierophant:Defend_Hierophant","hierophant:Defend_Hierophant","hierophant:ChurchCoffers","hierophant:Doubloon","hierophant:Charity","hierophant:Refuge","hierophant:Doubloon","hierophant:Alms+1","hierophant:Doubloon","hierophant:ConvertCurrency"],"relics":["hierophant:PropheticMaskRelic","NeowsBlessing"],"acts_visited":["Exordium"],"potions_floor_usage":[],"damage_taken":[{"damage":0,"enemies":"Cultist","floor":1,"turns":1},{"damage":0,"enemies":"2 Louse","floor":3,"turns":1},{"damage":0,"enemies":"Jaw Worm","floor":4,"turns":1},{"damage":3,"enemies":"2 Fungi Beasts","floor":5,"turns":4},{"damage":18,"enemies":"Replay:BlueRogue","floor":8,"turns":7}],"seed_played":"-462605442386422688","potions_obtained":[{"floor":4,"key":"sneckomod:MuddlingPotion"}],"is_trial":false,"path_per_floor":["M","$","M","M","M","R","?","E"],"character_chosen":"HIEROPHANT","items_purchased":["hierophant:Refuge"],"campfire_rested":0,"item_purchase_floors":[2],"current_hp_per_floor":[75,75,75,75,72,72,65,47,47],"gold":108,"neow_bonus":"THREE_ENEMY_KILL","is_daily":false,"chose_seed":false,"campfire_upgraded":1,"win_rate":0.0,"timestamp":1609795194,"path_taken":["M","$","M","M","?","R","?","E"],"items_purchased_type":["Card"],"build_version":"2020-12-22","purchased_purges":0,"victory":false,"max_hp_per_floor":[75,75,75,75,75,75,75,75,75],"card_choices":[{"not_picked":["hierophant:HammerAndAnvil","hierophant:Zeal"],"picked":"hierophant:Charity","floor":1},{"not_picked":["hierophant:HammerAndAnvil","hierophant:Encroach"],"picked":"hierophant:Alms","floor":3},{"not_picked":["hierophant:Charity","hierophant:Purify"],"picked":"hierophant:ConvertCurrency","floor":4},{"not_picked":["hierophant:PassingBell","hierophant:MorningPrayer","hierophant:HammerAndAnvil"],"picked":"SKIP","floor":5}],"player_experience":157439,"relics_obtained":[],"event_choices":[{"cards_removed":["hierophant:Defend_Hierophant"],"damage_healed":0,"gold_gain":0,"player_choice":"Card Removal","damage_taken":7,"max_hp_gain":0,"max_hp_loss":0,"event_name":"Golden Wing","floor":7,"gold_loss":0}],"is_beta":false,"boss_relics":[],"items_purged_floors":[],"is_endless":false,"potions_floor_spawned":[4],"killed_by":"Replay:BlueRogue","ascension_level":0}}