{"host":"lzpp66udqthct9jv","time":1609724735,"event":{"mods":["Act Like it!","BaseMod","Better-Laid Plans","Chen","Emptier Cage","Gensokyo","Highlight Path","Koishi","Marisa£®ÏF”Í°°ƒß¿Ì…≥£©","Minty Spire (QoL Compilation)","Pale of the Ancients","Quick Restart","Reimu£®≤©¿ˆ¡È√Œ£©","Remilia£®¿Ÿ√◊¿Ú—«£©","Shop Mod","StSLib","The Administrix","The Servant 0.9.4","Yakumo Yukari mod","Youmu£®ªÍ∆«—˝√Œ£©","Yuyuko","ÛÙª÷∏ƒœ"],"gold_per_floor":[116,116,116,116,39,74,92,0,0,35,35,61,77,87,87,87,87],"floor_reached":16,"playtime":472,"items_purged":[],"score":140,"play_id":"b52bacc7-48e5-45c7-a0bd-077ec440ecfa","local_time":"20210104094535","is_ascension_mode":true,"campfire_choices":[{"data":"Lockon","floor":11,"key":"SMITH"},{"floor":15,"key":"REST"}],"circlet_count":0,"master_deck":["Strike_B","Strike_B","Strike_B","Defend_B","Zap","Dualcast","Steam","Conserve Battery","Hologram","Lockon+1","Recycle","Reboot"],"relics":["Cracked Core","Ice Cream","Ornamental Fan","HornCleat"],"acts_visited":["Gensokyo:Gensokyo"],"potions_floor_usage":[16,16,16],"damage_taken":[{"damage":3,"enemies":"Gensokyo:Gryphon","floor":1,"turns":4},{"damage":15,"enemies":"Gensokyo:Mamizou","floor":6,"turns":5},{"damage":0,"enemies":"Gensokyo:Python","floor":7,"turns":2},{"damage":44,"enemies":"Gensokyo:Cirno","floor":10,"turns":8},{"damage":9,"enemies":"Gensokyo:Mamizou","floor":12,"turns":6},{"damage":5,"enemies":"Gensokyo:3_Fairies","floor":13,"turns":4},{"damage":3,"enemies":"Gensokyo:Kitsune","floor":14,"turns":2},{"damage":14,"enemies":"Gensokyo:Reimu","floor":16,"turns":7}],"seed_played":"-2023298634562445346","potions_obtained":[{"floor":7,"key":"FocusPotion"},{"floor":12,"key":"DistilledChaos"},{"floor":13,"key":"SkillPotion"}],"is_trial":false,"path_per_floor":["M","?","?","?","$","E","M","?","T","E","R","E","M","M","R","B"],"character_chosen":"DEFECT","items_purchased":["Lockon"],"campfire_rested":1,"item_purchase_floors":[5],"current_hp_per_floor":[72,72,72,42,42,27,27,73,73,29,29,20,15,12,34,20,20],"gold":87,"neow_bonus":"TRANSFORM_CARD","is_daily":false,"chose_seed":false,"campfire_upgraded":1,"win_rate":0.0,"timestamp":1609724735,"path_taken":["M","?","?","?","?","E","M","?","T","E","R","E","?","M","R","BOSS"],"items_purchased_type":["Card"],"build_version":"2020-12-22","purchased_purges":0,"victory":false,"max_hp_per_floor":[75,75,75,75,75,75,75,75,75,75,75,75,75,75,75,75,75],"card_choices":[{"not_picked":["Streamline","Sweeping Beam","Cold Snap"],"picked":"SKIP","floor":1},{"not_picked":["Cold Snap","Rebound"],"picked":"Conserve Battery","floor":3},{"not_picked":["Beam Cell","Steam"],"picked":"Hologram","floor":3},{"not_picked":["Chill","Compile Driver","Gash"],"picked":"SKIP","floor":6},{"not_picked":["Rip and Tear","Reprogram","Streamline"],"picked":"SKIP","floor":7},{"not_picked":["Hologram","Streamline"],"picked":"Recycle","floor":10},{"not_picked":["Beam Cell","Streamline"],"picked":"Reboot","floor":12},{"not_picked":["Redo","Steam","Stack"],"picked":"SKIP","floor":13},{"not_picked":["Scrape","Steam","FTL"],"picked":"SKIP","floor":14}],"player_experience":1816212,"relics_obtained":[{"floor":6,"key":"Ice Cream"},{"floor":10,"key":"Ornamental Fan"},{"floor":12,"key":"HornCleat"}],"event_choices":[],"is_beta":false,"boss_relics":[],"items_purged_floors":[],"is_endless":false,"potions_floor_spawned":[7,12,13,14],"killed_by":"Gensokyo:Reimu","ascension_level":5}}