{"host":"uflv0e3ja7hvnij7","time":1609719432,"event":{"mods":["BaseMod","Better Altar","Better Match","Better Note","Better Sensory Stone","Better Skull","Better Third Choice","Hubris","Infinite Spire","Minty Spire (QoL Compilation)","Permanent Neow","StSLib"],"gold_per_floor":[114,129,304,304,304,304,333,333,333,360,23,34,34,53,53,151,151,169,169,182,49,49,49,81,95,119,137,149,0,14,32,32,134,134,150,150,150,170,170],"floor_reached":38,"playtime":1639,"items_purged":["Doubt","Strike_B","Strike_B","Strike_B","Defend_B","Defend_B"],"score":553,"play_id":"b3dbabaa-479f-443d-91a8-f50e5151002d","local_time":"20210103191712","is_ascension_mode":true,"campfire_choices":[{"floor":6,"key":"REST"},{"data":"Swift Strike","floor":8,"key":"SMITH"},{"floor":13,"key":"REST"},{"data":"Trip","floor":15,"key":"SMITH"},{"data":"Reboot","floor":23,"key":"SMITH"},{"floor":32,"key":"REST"}],"circlet_count":0,"master_deck":["Strike_B","Defend_B","Defend_B","Zap","Dualcast","Swift Strike+1","Sweeping Beam","Gash","Gash","Gash","Trip+1","FTL","Scrape+1","Reboot+1","Go for the Eyes+1","infinitespire:Gouge","Fusion","Gash","Steam","Swift Strike","Decay","Hologram","Hologram","Steam Power+1","Hyperbeam","Echo Form","Conserve Battery+1"],"relics":["Cracked Core","hubris:PeanutButter","DataDisk","Potion Belt","Ginger","Membership Card","Bag of Preparation","hubris:Backtick","hubris:OldNail","Lizard Tail","White Beast Statue","Whetstone","Nuclear Battery","Sling"],"acts_visited":["Exordium","TheCity","TheBeyond"],"potions_floor_usage":[7,24,25,31,33,33,33,33,33],"damage_taken":[{"damage":0,"enemies":"Cultist","floor":1,"turns":3},{"damage":0,"enemies":"2 Louse","floor":2,"turns":2},{"damage":10,"enemies":"Gremlin Nob","floor":7,"turns":4},{"damage":22,"enemies":"3 Sentries","floor":10,"turns":6},{"damage":0,"enemies":"Jaw Worm","floor":12,"turns":2},{"damage":0,"enemies":"Lots of Slimes","floor":14,"turns":2},{"damage":27,"enemies":"Hexaghost","floor":16,"turns":5},{"damage":3,"enemies":"2 Thieves","floor":18,"turns":2},{"damage":2,"enemies":"Shell Parasite","floor":20,"turns":2},{"damage":40,"enemies":"Book of Stabbing","floor":24,"turns":5},{"damage":0,"enemies":"Shelled Parasite and Fungi","floor":25,"turns":2},{"damage":0,"enemies":"Centurion and Healer","floor":27,"turns":4},{"damage":5,"enemies":"Snake Plant","floor":28,"turns":3},{"damage":0,"enemies":"3 Cultists","floor":30,"turns":2},{"damage":0,"enemies":"Sentry and Sphere","floor":31,"turns":3},{"damage":2,"enemies":"Champ","floor":33,"turns":6},{"damage":15,"enemies":"3 Shapes","floor":35,"turns":2},{"damage":12,"enemies":"3 Darklings","floor":38,"turns":3}],"seed_played":"-4635447159484603174","potions_obtained":[{"floor":2,"key":"Fire Potion"},{"floor":12,"key":"Regen Potion"},{"floor":18,"key":"ColorlessPotion"},{"floor":24,"key":"AttackPotion"},{"floor":25,"key":"AttackPotion"},{"floor":27,"key":"Ancient Potion"},{"floor":28,"key":"LiquidMemories"},{"floor":30,"key":"Regen Potion"},{"floor":31,"key":"DistilledChaos"},{"floor":33,"key":"Strength Potion"},{"floor":35,"key":"ColorlessPotion"},{"floor":38,"key":"Swift Potion"}],"is_trial":false,"path_per_floor":["M","M","?","?","$","R","E","R","T","E","$","M","R","M","R","B",null,"M","AVR","M","$","?","R","E","M","T","M","M","?","M","M","R","B",null,"M","AVR","?","M"],"character_chosen":"DEFECT","items_purchased":["hubris:PeanutButter","Membership Card","Gash","Trip","Bag of Preparation","Gash","Steam","Swift Strike"],"campfire_rested":3,"item_purchase_floors":[5,11,11,11,11,21,21,21],"current_hp_per_floor":[68,68,68,68,39,61,51,51,51,29,29,29,51,51,51,24,62,59,59,57,57,57,57,17,17,17,17,12,12,12,17,39,52,69,54,54,54,42,42],"gold":170,"neow_bonus":"RANDOM_COLORLESS","is_daily":false,"chose_seed":false,"campfire_upgraded":3,"win_rate":0.0,"timestamp":1609719432,"path_taken":["M","M","?","?","?","R","E","R","T","E","$","M","R","M","R","BOSS","M","AVR","M","$","?","R","E","M","T","?","?","?","M","M","R","BOSS","M","AVR","?","M"],"items_purchased_type":["Relic","Relic","Card","Card","Relic","Card","Card","Card"],"build_version":"2020-12-22","purchased_purges":6,"victory":false,"max_hp_per_floor":[75,75,75,75,75,75,75,75,75,75,75,75,75,75,75,75,75,75,75,75,75,75,75,75,75,75,75,75,75,75,75,75,75,75,75,75,75,75,75],"card_choices":[{"not_picked":["Impatience","Deep Breath"],"picked":"Swift Strike","floor":0},{"not_picked":["Stack","Redo","Streamline"],"picked":"SKIP","floor":1},{"not_picked":["Coolheaded","Fusion"],"picked":"Sweeping Beam","floor":2},{"not_picked":["Hologram","Heatsinks"],"picked":"Gash","floor":7},{"not_picked":["Cold Snap","Tempest"],"picked":"Gash","floor":10},{"not_picked":["Turbo","Rebound"],"picked":"FTL","floor":12},{"not_picked":["Lockon","Storm"],"picked":"Scrape","floor":14},{"not_picked":["hubris:SpecializedCircuitry","Creative AI"],"picked":"Reboot","floor":16},{"not_picked":["Ball Lightning+1","Reinforced Body"],"picked":"Go for the Eyes","floor":18},{"not_picked":["Barrage","Coolheaded+1"],"picked":"Fusion","floor":20},{"not_picked":["Force Field","Amplify","Doom and Gloom"],"picked":"SKIP","floor":24},{"not_picked":["Sunder+1","Coolheaded+1"],"picked":"Hologram","floor":25},{"not_picked":["Hello World","Stack+1","Beam Cell"],"picked":"SKIP","floor":27},{"not_picked":["Loop","Barrage"],"picked":"Hologram","floor":28},{"not_picked":["Cold Snap","Streamline"],"picked":"Steam Power+1","floor":30},{"not_picked":["Hologram+1","Stack"],"picked":"Hyperbeam","floor":31},{"not_picked":["Electrodynamics","hubris:Prefetch"],"picked":"Echo Form","floor":33},{"not_picked":["Coolheaded","Cold Snap+1"],"picked":"Conserve Battery+1","floor":35},{"not_picked":["Capacitor","Compile Driver","Chaos+1"],"picked":"SKIP","floor":38}],"player_experience":469552,"relics_obtained":[{"floor":7,"key":"DataDisk"},{"floor":9,"key":"Potion Belt"},{"floor":10,"key":"Ginger"},{"floor":24,"key":"White Beast Statue"},{"floor":26,"key":"Whetstone"}],"event_choices":[{"damage_healed":0,"gold_gain":175,"player_choice":"AGREE","damage_taken":129,"max_hp_gain":0,"max_hp_loss":0,"event_name":"betterThird:BetterSerpent","floor":3,"gold_loss":0},{"damage_healed":0,"gold_gain":0,"player_choice":"Cursed","damage_taken":0,"max_hp_gain":0,"max_hp_loss":0,"event_name":"Wheel of Change","floor":22,"gold_loss":0,"cards_obtained":["Decay"]},{"damage_healed":0,"gold_gain":0,"player_choice":"Paid Fearfully","damage_taken":0,"max_hp_gain":0,"max_hp_loss":0,"event_name":"Masked Bandits","floor":29,"gold_loss":149}],"is_beta":false,"boss_relics":[{"not_picked":["hubris:Stopwatch","Black Star"],"picked":"hubris:Backtick"},{"not_picked":["Coffee Dripper","hubris:ScarierMask"],"picked":"Nuclear Battery"}],"items_purged_floors":[5,5,11,19,21,36],"is_endless":false,"potions_floor_spawned":[2,12,18,24,25,27,28,30,31,33,35,38],"killed_by":"3 Darklings","ascension_level":6}}