{"host":"l84l8xigz5v5foa2","time":1609776308,"event":{"mods":["2.2 Compatiblity","AchievementEnabler","BaseMod","Better Note","Better Vampires","Card Filter","Colored Map","DeckTracker","Downfall","Gremlin Skip","Highlight Path","Keyboard Shortcuts","Minty Spire (QoL Compilation)","Permanent Neow","Quick Restart","Relic Filter","Relic Stats","StSLib","SuperFastMode","Transform Curses","Unknown Chances"],"gold_per_floor":[0,10,30,45,95,95,95,95],"floor_reached":6,"playtime":299,"items_purged":[],"score":68,"play_id":"a4d66715-dec1-437b-b80e-d409763fa945","local_time":"20210105010508","is_ascension_mode":true,"campfire_choices":[{"data":"champ:Taunt","floor":1,"key":"SMITH"}],"circlet_count":0,"master_deck":["AscendersBane","champ:Strike","champ:Strike","champ:Strike","champ:Defend","champ:Defend","champ:Defend","champ:Execute","champ:Taunt+1","champ:ShieldSlam","champ:StrikeOfGenius","champ:Circumvent","champ:AdrenalArmor"],"relics":["champ:ChampionCrown"],"acts_visited":["Exordium"],"potions_floor_usage":[],"damage_taken":[{"damage":12,"enemies":"Jaw Worm","floor":2,"turns":5},{"damage":5,"enemies":"Cultist","floor":3,"turns":4},{"damage":7,"enemies":"2 Louse","floor":4,"turns":4},{"damage":66,"enemies":"Gremlin Nob","floor":6,"turns":5}],"seed_played":"5362623225009048721","potions_obtained":[{"floor":2,"key":"Energy Potion"}],"is_trial":false,"path_per_floor":["R","M","M","M","?","E"],"character_chosen":"THE_CHAMP","items_purchased":[],"campfire_rested":0,"item_purchase_floors":[],"current_hp_per_floor":[73,66,66,59,59,0,0,0],"gold":95,"neow_bonus":"TRANSFORM_TWO_CARDS","is_daily":false,"chose_seed":false,"campfire_upgraded":1,"win_rate":0.0,"timestamp":1609776308,"path_taken":["R","M","M","M","?","E"],"items_purchased_type":[],"build_version":"2020-12-22","purchased_purges":0,"victory":false,"max_hp_per_floor":[81,81,81,81,81,81,81,81],"relic_stats":{"counters":[4,18],"obtain_stats":[{"champ:ChampionCrown":0},{"champ:ChampionCrown":0},{"champ:ChampionCrown":0}]},"card_choices":[{"not_picked":["champ:Backstep","champ:HeartStrike"],"picked":"champ:Circumvent","floor":2},{"not_picked":["champ:ShieldWall","champ:BladeFlurry","champ:IronFortress"],"picked":"SKIP","floor":3},{"not_picked":["champ:StanceDance","champ:EnchantSword"],"picked":"champ:AdrenalArmor","floor":4}],"player_experience":2852686,"relics_obtained":[],"event_choices":[],"is_beta":false,"boss_relics":[],"items_purged_floors":[],"is_endless":false,"potions_floor_spawned":[2],"killed_by":"Gremlin Nob","ascension_level":18}}