{"host":"u4pncpybdtxxvw4r","time":1609773786,"event":{"mods":["AchievementEnabler","BaseMod","Block Reminder","Colored Powertips","Downfall","Marisa£®ÏF”Í°°ƒß¿Ì…≥£©","Minty Spire (QoL Compilation)","Permanent Neow","Potion Indicator Mod","Rare Cards Sparkle","StSLib","SuperFastMode"],"gold_per_floor":[110,110,120,138,158,158,3,22,22,22,34,53,53,67,67,195,195,211,226,226,188,203,203,216,216,296,296,309,333,333,333],"floor_reached":30,"playtime":1342,"items_purged":[],"score":227,"play_id":"ac8468b5-9aaa-453a-bd96-1bf658a71bc5","local_time":"20210104232306","is_ascension_mode":false,"campfire_choices":[{"data":"Zap","floor":6,"key":"SMITH"},{"floor":15,"key":"REST"},{"floor":23,"key":"REST"},{"floor":25,"key":"REST"},{"data":"Loop","floor":27,"key":"SMITH"}],"circlet_count":0,"master_deck":["Strike_B","Strike_B","Strike_B","Defend_B","Defend_B","Defend_B+1","Defend_B","Zap+1","Dualcast+1","Rainbow","Storm","Barrage","Ball Lightning","Stack","Go for the Eyes","Redo","Redo","Auto Shields","Multi-Cast","Redo","Melter","Capacitor","Loop+1","Aggregate","Fusion+1","Leap"],"relics":["Cracked Core","War Paint","Calipers","Golden Idol","Sozu","Spirit Poop","Mummified Hand"],"acts_visited":["Exordium","TheCity"],"potions_floor_usage":[16,16,24],"damage_taken":[{"damage":0,"enemies":"Small Slimes","floor":1,"turns":2},{"damage":2,"enemies":"Cultist","floor":3,"turns":5},{"damage":11,"enemies":"Jaw Worm","floor":4,"turns":3},{"damage":9,"enemies":"Exordium Wildlife","floor":5,"turns":4},{"damage":7,"enemies":"Gremlin Gang","floor":8,"turns":4},{"damage":0,"enemies":"Red Slaver","floor":11,"turns":3},{"damage":7,"enemies":"3 Louse","floor":12,"turns":3},{"damage":0,"enemies":"Large Slime","floor":14,"turns":4},{"damage":45,"enemies":"Hexaghost","floor":16,"turns":10},{"damage":14,"enemies":"Shell Parasite","floor":18,"turns":7},{"damage":8,"enemies":"Chosen","floor":19,"turns":4},{"damage":15,"enemies":"Snecko","floor":22,"turns":8},{"damage":9,"enemies":"3 Cultists","floor":24,"turns":5},{"damage":17,"enemies":"Chosen and Byrds","floor":28,"turns":7},{"damage":39,"enemies":"Snake Plant","floor":29,"turns":5},{"damage":17,"enemies":"Cultist and Chosen","floor":30,"turns":4}],"seed_played":"5153039125125637450","potions_obtained":[{"floor":3,"key":"BlessingOfTheForge"},{"floor":8,"key":"BlessingOfTheForge"},{"floor":11,"key":"Fire Potion"}],"is_trial":false,"path_per_floor":["M","?","M","M","M","R","$","M","T","$","M","M","?","M","R","B",null,"M","M","?","$","M","R","M","R","T","R","M","M","M"],"character_chosen":"DEFECT","items_purchased":["War Paint","Capacitor"],"campfire_rested":3,"item_purchase_floors":[7,21],"current_hp_per_floor":[75,75,73,62,53,53,53,46,46,46,46,39,39,39,61,16,75,61,53,53,53,38,60,51,73,73,73,56,17,0,0],"gold":333,"neow_bonus":"ONE_RANDOM_RARE_CARD","is_daily":false,"chose_seed":false,"campfire_upgraded":2,"win_rate":0.0,"timestamp":1609773786,"path_taken":["M","?","?","M","?","R","$","M","T","$","M","M","?","M","R","BOSS","M","M","?","$","M","R","M","R","T","R","?","M","M"],"items_purchased_type":["Relic","Card"],"build_version":"2020-12-22","purchased_purges":0,"victory":false,"max_hp_per_floor":[75,75,75,75,75,75,75,75,75,75,75,75,75,75,75,75,75,75,75,75,75,75,75,75,75,75,75,75,75,75,75],"card_choices":[{"not_picked":["Rebound","Steam Power"],"picked":"Storm","floor":1},{"not_picked":["Stack","Auto Shields"],"picked":"Barrage","floor":3},{"not_picked":["Compile Driver","Gash"],"picked":"Ball Lightning","floor":4},{"not_picked":["Leap","Cold Snap"],"picked":"Stack","floor":5},{"not_picked":["Conserve Battery","Rip and Tear"],"picked":"Go for the Eyes","floor":8},{"not_picked":["Hologram","Chaos"],"picked":"Redo","floor":11},{"not_picked":["Hologram","Fusion"],"picked":"Redo","floor":12},{"not_picked":["All For One","Coolheaded"],"picked":"Auto Shields","floor":14},{"not_picked":["Buffer","Amplify"],"picked":"Multi-Cast","floor":16},{"not_picked":["Stack+1","Steam Power"],"picked":"Redo","floor":18},{"not_picked":["Beam Cell+1","Gash"],"picked":"Melter","floor":19},{"not_picked":["Stack","Conserve Battery"],"picked":"Loop","floor":22},{"not_picked":["Streamline+1","Gash+1"],"picked":"Aggregate","floor":24},{"not_picked":["Streamline","Scrape"],"picked":"Fusion+1","floor":28},{"not_picked":["Undo","Reprogram+1"],"picked":"Leap","floor":29}],"player_experience":28688,"relics_obtained":[{"floor":9,"key":"Calipers"},{"floor":26,"key":"Mummified Hand"}],"event_choices":[{"cards_removed":["Strike_B"],"damage_healed":0,"gold_gain":0,"player_choice":"Purged","damage_taken":0,"max_hp_gain":0,"max_hp_loss":0,"event_name":"Purifier","floor":2,"gold_loss":0},{"damage_healed":0,"gold_gain":0,"player_choice":"Take Wound","damage_taken":0,"relics_obtained":["Golden Idol"],"max_hp_gain":0,"max_hp_loss":0,"event_name":"Golden Idol","floor":13,"gold_loss":0,"cards_obtained":["Injury"]},{"cards_removed":["Injury"],"damage_healed":0,"gold_gain":0,"player_choice":"Offered Curse","damage_taken":0,"relics_obtained":["Spirit Poop"],"max_hp_gain":0,"max_hp_loss":0,"event_name":"Bonfire Elementals","floor":20,"gold_loss":0}],"is_beta":false,"boss_relics":[{"not_picked":["Fusion Hammer","Tiny House"],"picked":"Sozu"}],"items_purged_floors":[],"is_endless":false,"potions_floor_spawned":[3,8,11,12,14,19,22],"killed_by":"Cultist and Chosen","ascension_level":0}}