{"host":"ylxam20yo7j5dy26","time":1609755176,"event":{"mods":["ATMod(°¢èªMod)","Act Like it!","BaseMod","Conspire","Downfall","Gensokyo","Infinite Spire","Minty Spire (QoL Compilation)","Quick Restart","Replay The Spire","StSLib","UnlockEverythingMod","vexMod","¡¾ÒÅÎï¿¨ÅÆ¡¿REMEMod"],"gold_per_floor":[99,99,114,127,145,165,465,465,325,336,349,274,308,23,35,136,136,136,156,156,156,156,241,241,166,189,189,207,221,221,221,239,337,337,337,352,352,367,385,385,385],"floor_reached":40,"playtime":4499,"items_purged":["Hallucinations"],"score":465,"play_id":"c9aa34ae-0230-45b7-8383-2e33f64ac1e7","local_time":"20210104181256","is_ascension_mode":false,"campfire_choices":[{"floor":1.0,"key":"RECALL"},{"data":"ReplayTheSpireMod:Black Plague","floor":12.0,"key":"SMITH"},{"data":"Machine Learning","floor":18.0,"key":"SMITH"},{"data":"REME_PuzzleBox","floor":25.0,"key":"SMITH"},{"data":"conspire:SharedLibrary","floor":31.0,"key":"SMITH"},{"data":"Zap","floor":35.0,"key":"SMITH"}],"circlet_count":0,"master_deck":["Strike_B","Strike_B","Strike_B","Defend_B","Defend_B","Defend_B","Defend_B","Zap+1","Dualcast","AT_FamilyPortrait","Stack","Conserve Battery","Redo","conspire:SharedLibrary+1","ReplayTheSpireMod:Black Plague+1","conspire:Rain","Hello World","ReplaySort","Gensokyo:TurboGranny","Conserve Battery","Skim","Machine Learning+1","REME_PuzzleBox+1","Melter","Time Bomb","FIFO Queue","BasicCrystalCard+1","REME_MawOfCthun","AT_ThreeBodyProblem","REME_EyeOfCthun","Barrage","Cold Snap","ReplayTheSpireMod:Dual Polarity+1","Doom and Gloom+1","ReplayTheSpireMod:Reroute Power","REME_BodyOfCthun","Replay:SS_forest_5","AT_EMC2+1"],"relics":["Cracked Core","AT_ATBox","REME_ComplimentaryCards","NeowsBlessing","Strawberry","Old Coin","Counterbalance","Prayer Wheel","downfall:HeartBlessingRed","Cables","ReplayTheSpireMod:CursedCoin","REME_LowDesire","Bag of Preparation","Toy Ornithopter","downfall:HeartBlessingBlue","Omamori","infinitespire:Joker Card","Prayer Wheel","conspire:SlowCooker"],"acts_visited":["Gensokyo:Gensokyo","TheCity","TheBeyond"],"potions_floor_usage":[],"damage_taken":[{"damage":0.0,"enemies":"Gensokyo:2_Kodama","floor":3.0,"turns":1.0},{"damage":0.0,"enemies":"Gensokyo:Python","floor":4.0,"turns":1.0},{"damage":0.0,"enemies":"Gensokyo:3_Fairies","floor":5.0,"turns":2.0},{"damage":2.0,"enemies":"Gensokyo:VengefulSpirit","floor":6.0,"turns":5.0},{"damage":0.0,"enemies":"Gensokyo:LivingMonolith","floor":10.0,"turns":3.0},{"damage":17.0,"enemies":"Gensokyo:Kitsune","floor":11.0,"turns":5.0},{"damage":6.0,"enemies":"Gensokyo:Mamizou","floor":13.0,"turns":6.0},{"damage":0.0,"enemies":"Gensokyo:VengefulSpirit","floor":15.0,"turns":4.0},{"damage":8.0,"enemies":"downfall:Watcher","floor":16.0,"turns":10.0},{"damage":12.0,"enemies":"Spheric Guardian","floor":19.0,"turns":8.0},{"damage":0.0,"enemies":"Shell Parasite","floor":28.0,"turns":7.0},{"damage":14.0,"enemies":"conspire:HollyBat","floor":29.0,"turns":8.0},{"damage":7.0,"enemies":"Cultist and Chosen","floor":30.0,"turns":3.0},{"damage":14.0,"enemies":"Centurion and Healer","floor":32.0,"turns":10.0},{"damage":48.0,"enemies":"downfall:Ironclad","floor":33.0,"turns":13.0},{"damage":45.0,"enemies":"3 Darklings","floor":36.0,"turns":7.0},{"damage":15.0,"enemies":"Orb Walker","floor":38.0,"turns":6.0},{"damage":20.0,"enemies":"Writhing Mass","floor":39.0,"turns":5.0},{"damage":26,"enemies":"Giant Head","floor":40,"turns":3}],"seed_played":"6863531747692626103","potions_obtained":[{"floor":4.0,"key":"Block Potion"},{"floor":6.0,"key":"Regen Potion"},{"floor":11.0,"key":"Block Potion"},{"floor":13.0,"key":"SmokeBomb"},{"floor":19.0,"key":"GamblersBrew"},{"floor":33.0,"key":"DuplicationPotion"},{"floor":38.0,"key":"Adrenaline Potion"},{"floor":39.0,"key":"PowerPotion"}],"is_trial":false,"path_per_floor":["R","?","M","M","M","M","T","?","?","M","M","R","E","COS","M","B",null,"R","M","?","AVR","?","?","T","R","T","?","M","M","M","R","M","B",null,"R","M","?","M","M","E"],"character_chosen":"DEFECT","items_purchased":[],"campfire_rested":0,"item_purchase_floors":[],"current_hp_per_floor":[75,72,72,72,72,70,70,50,50,50,47,47,41,41,41,33,82,82,78,78,78,78,70,70,80,80,80,80,66,66,66,62,19,92,92,47,47,42,22,0,0],"gold":385,"neow_bonus":"THREE_ENEMY_KILL","is_daily":false,"chose_seed":false,"campfire_upgraded":5,"win_rate":0.0,"timestamp":1609755176,"path_taken":["R","?","?","M","M","M","T","?","?","M","?","R","E","COS","M","BOSS","R","M","?","AVR","?","?","T","R","?","?","?","M","M","?","M","BOSS","R","M","?","M","M","E"],"items_purchased_type":[],"build_version":"2020-12-22","purchased_purges":1,"victory":false,"max_hp_per_floor":[75,82,82,82,82,82,82,82,82,82,82,82,82,82,82,82,82,82,82,82,82,82,82,82,92,92,92,92,92,92,92,92,92,92,92,92,92,92,92,92,92],"card_choices":[{"not_picked":["Beam Cell","AT_WarpDrive"],"picked":"Stack","floor":3.0},{"not_picked":["Panic Button","Leap"],"picked":"Conserve Battery","floor":4.0},{"not_picked":["AT_HeatAcrobatics","BootSequence"],"picked":"Redo","floor":5.0},{"not_picked":["Sweeping Beam","Gash"],"picked":"conspire:SharedLibrary","floor":6.0},{"not_picked":["ReplayTheSpireMod:Haul","infinitespire:Gouge"],"picked":"ReplayTheSpireMod:Black Plague","floor":8.0},{"not_picked":["Cold Snap","Coolheaded"],"picked":"ReplayTheSpireMod:Fabricate Wheel","floor":10.0},{"not_picked":["Sweeping Beam","Go for the Eyes"],"picked":"conspire:Rain","floor":11.0},{"not_picked":["AT_HeatAcrobatics","Undo"],"picked":"Hello World","floor":11.0},{"not_picked":["Auto Shields","Compile Driver"],"picked":"ReplaySort","floor":13.0},{"not_picked":["Compile Driver","ReplayTheSpireMod:Repulse"],"picked":"Conserve Battery","floor":15.0},{"not_picked":["Gash","Leap"],"picked":"Skim","floor":15.0},{"not_picked":["REME_ForAll","Meteor Strike"],"picked":"Machine Learning","floor":16.0},{"not_picked":["Ball Lightning","Streamline","Redo"],"picked":"REME_PuzzleBox","floor":19.0},{"not_picked":["Steam","Doom and Gloom","REME_Whirling","expansioncontent:AwakenDeath"],"picked":"SKIP","floor":19.0},{"not_picked":["Steam","Doom and Gloom","REME_Whirling","expansioncontent:AwakenDeath"],"picked":"SKIP","floor":19.0},{"not_picked":["ReplayTheSpireMod:GoodbyeWorld","Conserve Battery+1","Blind"],"picked":"Time Bomb","floor":28.0},{"not_picked":["Go for the Eyes","Cold Snap","expansioncontent:Hexaburn+1"],"picked":"ReplayTheSpireMod:Fabricate Wheel","floor":28.0},{"not_picked":["Turbo+1","REME_SelfUpgrade","Panacea"],"picked":"FIFO Queue","floor":29.0},{"not_picked":["ReplayTheSpireMod:Dual Polarity","Beam Cell+1","ReplayGash+1","Specialist+1"],"picked":"SKIP","floor":29.0},{"not_picked":["Coolheaded","Turbo","Undo","Chrysalis"],"picked":"SKIP","floor":29.0},{"not_picked":["Steam","Rebound+1","REME_TheoryOfElimination"],"picked":"BasicCrystalCard+1","floor":32.0},{"not_picked":["BasicCrystalCard","Panic Button","Leap"],"picked":"REME_MawOfCthun","floor":32.0},{"not_picked":["All For One","Rebound","Trip+1"],"picked":"AT_ThreeBodyProblem","floor":32.0},{"not_picked":["Core Surge","Amplify","Seek"],"picked":"REME_EyeOfCthun","floor":33.0},{"not_picked":["Beam Cell","Rebound","Blind+1"],"picked":"Barrage","floor":36.0},{"not_picked":["Panic Button+1","Redo","expansioncontent:DashGenerateEvil"],"picked":"Cold Snap","floor":36.0},{"not_picked":["Coolheaded","Turbo","expansioncontent:Torchfire"],"picked":"ReplayTheSpireMod:Dual Polarity","floor":36.0},{"not_picked":["ReplayTheSpireMod:GoodbyeWorld+1","Compile Driver","REME_EyeOfCthun"],"picked":"Doom and Gloom+1","floor":38.0},{"not_picked":["Crystallizer+1","AT_StudyProgram","expansioncontent:Flail"],"picked":"ReplayTheSpireMod:Reroute Power","floor":38.0},{"not_picked":["Steam+1","Redo","Streamline","Crow Ritual"],"picked":"SKIP","floor":38.0},{"not_picked":["Steam+1","Redo","Streamline","Crow Ritual"],"picked":"SKIP","floor":38.0},{"not_picked":["ReplayTheSpireMod:Omega Cannon","Coolheaded+1","FTL"],"picked":"REME_BodyOfCthun","floor":39.0},{"not_picked":["Beam Cell+1","Coolheaded+1","Streamline"],"picked":"Replay:SS_forest_5","floor":39.0},{"not_picked":["Conserve Battery+1","Aggregate+1","expansioncontent:ManipulateTime"],"picked":"AT_EMC2+1","floor":39.0}],"player_experience":19682,"relics_obtained":[{"floor":7.0,"key":"Old Coin"},{"floor":13.0,"key":"Cables"},{"floor":17.0,"key":"Bag of Preparation"},{"floor":17.0,"key":"Toy Ornithopter"},{"floor":26.0,"key":"Omamori"}],"event_choices":[{"damage_healed":0.0,"max_hp_gain":0.0,"max_hp_loss":0.0,"gold_gain":0.0,"cards_transformed":["Strike_B"],"event_name":"Transmorgrifier","player_choice":"Transformed","floor":27.0,"gold_loss":0.0,"damage_taken":0.0,"cards_obtained":["Melter"]},{"damage_healed":0.0,"max_hp_gain":0.0,"max_hp_loss":0.0,"gold_gain":0.0,"event_name":"Upgrade Shrine","player_choice":"Upgraded","floor":37.0,"gold_loss":0.0,"damage_taken":0.0,"cards_upgraded":["ReplayTheSpireMod:Dual Polarity"]}],"is_beta":false,"boss_relics":[{"not_picked":["AT_MortalBlade","ReplayTheSpireMod:DimensionalGlitch"],"picked":"REME_LowDesire"},{"not_picked":["vexMod:ImprovementManual","Calling Bell"],"picked":"conspire:SlowCooker"}],"items_purged_floors":[21],"is_endless":false,"potions_floor_spawned":[4,6,11,13,16,19,33,38,39],"killed_by":"Giant Head","ascension_level":0}}