{"host":"kg61lsvem4dxoat8","time":1609763447,"event":{"mods":["BaseMod","Colored Powertips","Minty Spire (QoL Compilation)","Rare Cards Sparkle","Relic Stats"],"gold_per_floor":[113,133,133,145,163,163,250,277,289,301,313,345,357,385,397,409,409],"floor_reached":16,"playtime":400,"items_purged":[],"score":94,"play_id":"f122fe76-9957-4527-b692-750052b4437f","local_time":"20210104203047","is_ascension_mode":false,"campfire_choices":[{"floor":6,"key":"DIG"},{"floor":10,"key":"DIG"},{"floor":13,"key":"DIG"},{"floor":15,"key":"DIG"}],"circlet_count":0,"master_deck":["Strike_P","Strike_P","Strike_P","Strike_P","Defend_P","Defend_P","Defend_P","Defend_P","Eruption+1","Vigilance","ClearTheMind","EmptyBody","FlurryOfBlows","Halt+1"],"relics":["PureWater","Shovel","MawBank","Blue Candle","CaptainsWheel","Toxic Egg 2","Frozen Egg 2"],"acts_visited":["Exordium"],"potions_floor_usage":[12,16,16],"damage_taken":[{"damage":2,"enemies":"Small Slimes","floor":1,"turns":3},{"damage":0,"enemies":"Cultist","floor":2,"turns":2},{"damage":0,"enemies":"2 Louse","floor":4,"turns":2},{"damage":1,"enemies":"2 Fungi Beasts","floor":5,"turns":4},{"damage":10,"enemies":"Exordium Wildlife","floor":8,"turns":6},{"damage":3,"enemies":"Gremlin Gang","floor":12,"turns":4},{"damage":11,"enemies":"3 Louse","floor":14,"turns":4},{"damage":27,"enemies":"Hexaghost","floor":16,"turns":9}],"seed_played":"-3058693866246845091","potions_obtained":[{"floor":4,"key":"SteroidPotion"},{"floor":5,"key":"LiquidBronze"},{"floor":14,"key":"Dexterity Potion"}],"is_trial":false,"path_per_floor":["M","M","?","M","M","R","?","M","T","R","?","M","R","M","R","B"],"character_chosen":"WATCHER","items_purchased":[],"campfire_rested":0,"item_purchase_floors":[],"current_hp_per_floor":[63,63,63,63,62,62,51,41,41,41,41,38,38,27,27,0,0],"gold":409,"neow_bonus":"ONE_RARE_RELIC","is_daily":false,"chose_seed":false,"campfire_upgraded":0,"win_rate":0.0,"timestamp":1609763447,"path_taken":["M","M","?","M","?","R","?","M","T","R","?","M","R","M","R","BOSS"],"items_purchased_type":[],"build_version":"2020-12-22","purchased_purges":0,"victory":false,"max_hp_per_floor":[65,65,65,65,65,65,65,65,65,65,65,65,65,65,65,65,65],"relic_stats":{"Shovel":4,"counters":[8,34],"Blue Candle":[0],"MawBank":120,"obtain_stats":[{"CaptainsWheel":10,"Shovel":0,"Blue Candle":9,"PureWater":0,"Toxic Egg 2":13,"Frozen Egg 2":15,"MawBank":6},{"CaptainsWheel":5,"Shovel":0,"Blue Candle":5,"PureWater":0,"Toxic Egg 2":6,"Frozen Egg 2":7,"MawBank":4},{"CaptainsWheel":17,"Shovel":0,"Blue Candle":17,"PureWater":0,"Toxic Egg 2":21,"Frozen Egg 2":25,"MawBank":11}]},"card_choices":[{"not_picked":["Evaluate","ForeignInfluence"],"picked":"ClearTheMind","floor":1},{"not_picked":["JustLucky","Prostrate"],"picked":"EmptyBody","floor":2},{"not_picked":["InnerPeace","Protect","Prostrate"],"picked":"SKIP","floor":4},{"not_picked":["Evaluate","Brilliance","EmptyBody"],"picked":"SKIP","floor":5},{"not_picked":["Pray","Evaluate","ThirdEye"],"picked":"SKIP","floor":8},{"not_picked":["EmptyFist","BowlingBash"],"picked":"FlurryOfBlows","floor":12},{"not_picked":["Sanctity+1","Vengeance+1"],"picked":"Halt+1","floor":14}],"player_experience":1288930,"relics_obtained":[{"floor":6,"key":"MawBank"},{"floor":9,"key":"Blue Candle"},{"floor":10,"key":"CaptainsWheel"},{"floor":13,"key":"Toxic Egg 2"},{"floor":15,"key":"Frozen Egg 2"}],"event_choices":[{"damage_healed":0,"gold_gain":0,"player_choice":"Upgraded","damage_taken":0,"max_hp_gain":0,"max_hp_loss":0,"event_name":"Upgrade Shrine","floor":3,"gold_loss":0,"cards_upgraded":["Eruption"]},{"damage_healed":0,"gold_gain":75,"player_choice":"Gather Gold","damage_taken":11,"max_hp_gain":0,"max_hp_loss":0,"event_name":"World of Goop","floor":7,"gold_loss":0},{"damage_healed":0,"gold_gain":0,"player_choice":"Ignored","damage_taken":0,"max_hp_gain":0,"max_hp_loss":0,"event_name":"Golden Idol","floor":11,"gold_loss":0}],"is_beta":false,"boss_relics":[],"items_purged_floors":[],"is_endless":false,"potions_floor_spawned":[4,5,14],"killed_by":"Hexaghost","ascension_level":0}}