{"host":"g7trc0x2teqyd8ye","time":1609802301,"event":{"mods":["BaseMod","Key Reminder","Minty Spire (QoL Compilation)","Relic Stats"],"gold_per_floor":[113,11,31,31,31,31,59,134,134,164,164,184,184,38,38,138,138,158,158,168,187,32,63,63,75,75,107,107,122,122,135,135,238,238,251,271,0,350,8,35,46,46,94,126,144,170,170,184,184,184,184,184,34,67,67],"floor_reached":56,"playtime":2567,"items_purged":["Strike_B","Strike_B","Defend_B","Defend_B"],"score":1856,"play_id":"0d20624e-3630-4856-967b-8adb7aff2c9c","local_time":"20210105001821","is_ascension_mode":true,"campfire_choices":[{"data":"Loop","floor":6,"key":"SMITH"},{"data":"Static Discharge","floor":11,"key":"SMITH"},{"floor":15,"key":"REST"},{"data":"Rainbow","floor":24,"key":"SMITH"},{"data":"Rainbow","floor":30,"key":"SMITH"},{"data":"Defragment","floor":32,"key":"SMITH"},{"data":"Static Discharge","floor":42,"key":"SMITH"},{"data":"Defragment","floor":47,"key":"SMITH"},{"floor":49,"key":"RECALL"},{"data":"Biased Cognition","floor":52,"key":"SMITH"}],"circlet_count":0,"master_deck":["Defend_B","Defend_B","Zap","Dualcast","Conserve Battery","Ball Lightning","Loop+1","Static Discharge+1","Streamline","Aggregate","Loop+1","Rainbow+1","Auto Shields+1","Rainbow+1","Rip and Tear","Rebound","Self Repair","Defragment+1","Skim+1","Self Repair","Biased Cognition+1","Force Field","Echo Form","Chaos+1","Defragment+1","Apotheosis","Static Discharge+1","Reinforced Body+1","Hologram+1","Barrage+1"],"relics":["Cracked Core","NeowsBlessing","Boot","HornCleat","DataDisk","Art of War","DollysMirror","Velvet Choker","Happy Flower","CaptainsWheel","Torii","Snecko Eye","Old Coin","Strawberry","Eternal Feather","Akabeko","Molten Egg 2","Mango"],"acts_visited":["Exordium","TheCity","TheBeyond","TheEnding"],"potions_floor_usage":[16,16,33,35,41,50,50],"damage_taken":[{"damage":0,"enemies":"2 Louse","floor":1,"turns":1},{"damage":0,"enemies":"Jaw Worm","floor":3,"turns":1},{"damage":0,"enemies":"Gremlin Nob","floor":7,"turns":1},{"damage":16,"enemies":"3 Sentries","floor":10,"turns":5},{"damage":1,"enemies":"Small Slimes","floor":12,"turns":3},{"damage":0,"enemies":"Slime Boss","floor":16,"turns":5},{"damage":2,"enemies":"3 Byrds","floor":18,"turns":4},{"damage":0,"enemies":"Spheric Guardian","floor":20,"turns":3},{"damage":8,"enemies":"Shelled Parasite and Fungi","floor":21,"turns":3},{"damage":37,"enemies":"Gremlin Leader","floor":23,"turns":7},{"damage":10,"enemies":"Chosen and Byrds","floor":25,"turns":4},{"damage":12,"enemies":"Book of Stabbing","floor":27,"turns":5},{"damage":1,"enemies":"Centurion and Healer","floor":29,"turns":5},{"damage":0,"enemies":"Shelled Parasite and Fungi","floor":31,"turns":5},{"damage":18,"enemies":"Collector","floor":33,"turns":10},{"damage":2,"enemies":"3 Darklings","floor":35,"turns":4},{"damage":2,"enemies":"Orb Walker","floor":36,"turns":4},{"damage":9,"enemies":"Mind Bloom Boss Battle","floor":38,"turns":5},{"damage":1,"enemies":"Giant Head","floor":40,"turns":7},{"damage":12,"enemies":"4 Shapes","floor":41,"turns":4},{"damage":19,"enemies":"Nemesis","floor":44,"turns":5},{"damage":20,"enemies":"Transient","floor":45,"turns":5},{"damage":26,"enemies":"Reptomancer","floor":46,"turns":6},{"damage":27,"enemies":"Maw","floor":48,"turns":5},{"damage":95,"enemies":"Awakened One","floor":50,"turns":9},{"damage":45,"enemies":"Shield and Spear","floor":54,"turns":3},{"damage":59,"enemies":"The Heart","floor":55,"turns":7}],"seed_played":"6043785449364799107","potions_obtained":[{"floor":3,"key":"SpeedPotion"},{"floor":7,"key":"DuplicationPotion"},{"floor":21,"key":"FairyPotion"},{"floor":29,"key":"AttackPotion"},{"floor":31,"key":"Fruit Juice"},{"floor":33,"key":"SpeedPotion"},{"floor":35,"key":"ColorlessPotion"},{"floor":40,"key":"PowerPotion"},{"floor":44,"key":"AttackPotion"}],"is_trial":false,"path_per_floor":["M","$","M","?","?","R","E","?","T","E","R","M","?","$","R","B",null,"M","?","M","M","$","E","R","M","T","E","?","M","R","M","R","B",null,"M","M","$","?","$","E","M","R","T","E","M","E","R","M","R","B",null,"R","$","E","B",null],"character_chosen":"DEFECT","items_purchased":["Ball Lightning","PowerPotion","DollysMirror","Defragment","Apotheosis","Strawberry","DistilledChaos"],"campfire_rested":1,"item_purchase_floors":[2,2,14,22,37,39,39],"current_hp_per_floor":[68,68,68,73,73,73,73,62,62,46,46,45,33,33,57,57,74,72,72,72,64,64,34,34,31,31,33,59,72,72,80,80,76,79,82,80,80,85,92,92,92,92,92,87,77,68,86,80,92,41,79,92,92,61,22],"gold":67,"neow_bonus":"THREE_ENEMY_KILL","is_daily":false,"chose_seed":false,"campfire_upgraded":8,"win_rate":0.0,"timestamp":1609802301,"path_taken":["M","$","M","?","?","R","E","?","T","E","R","M","?","$","R","BOSS","M","?","M","M","$","E","R","M","T","E","?","M","R","M","R","BOSS","M","M","$","?","$","E","M","R","T","E","M","E","R","M","R","BOSS","R","$","E","BOSS"],"items_purchased_type":["Card","Potion","Relic","Card","Card","Relic","Potion"],"build_version":"2020-12-22","purchased_purges":4,"victory":true,"max_hp_per_floor":[75,75,75,80,80,80,80,80,80,80,80,80,80,80,80,80,80,80,80,80,80,80,80,80,80,80,80,80,80,80,80,80,80,80,85,85,85,85,92,92,92,92,92,92,92,92,92,92,92,92,92,92,92,106,106],"relic_stats":{"Happy Flower":[31],"Torii":76,"counters":[27,121],"Snecko Eye":[120,107,126,97],"Eternal Feather":43,"Art of War":[37],"Boot":[19],"obtain_stats":[{"NeowsBlessing":0,"Happy Flower":23,"Torii":27,"Velvet Choker":17,"Eternal Feather":40,"Mango":54,"Boot":7,"Akabeko":44,"Old Coin":38,"keyreminder:keyreminder":23,"DataDisk":10,"CaptainsWheel":26,"HornCleat":9,"DollysMirror":14,"Strawberry":39,"Snecko Eye":34,"Molten Egg 2":46,"Art of War":13,"Cracked Core":0},{"NeowsBlessing":0,"Happy Flower":10,"Torii":12,"Velvet Choker":6,"Eternal Feather":19,"Mango":26,"Boot":3,"Akabeko":21,"Old Coin":18,"keyreminder:keyreminder":10,"DataDisk":4,"CaptainsWheel":11,"HornCleat":3,"DollysMirror":5,"Strawberry":18,"Snecko Eye":15,"Molten Egg 2":23,"Art of War":5,"Cracked Core":0},{"NeowsBlessing":0,"Happy Flower":31,"Torii":40,"Velvet Choker":15,"Eternal Feather":78,"Mango":114,"Boot":3,"Akabeko":86,"Old Coin":71,"keyreminder:keyreminder":31,"DataDisk":8,"CaptainsWheel":35,"HornCleat":3,"DollysMirror":10,"Strawberry":71,"Snecko Eye":59,"Molten Egg 2":97,"Art of War":10,"Cracked Core":0}]},"card_choices":[{"not_picked":["FTL","Go for the Eyes"],"picked":"Conserve Battery","floor":1},{"not_picked":["Gash","Static Discharge"],"picked":"Loop","floor":3},{"not_picked":["Gash","Recycle"],"picked":"Static Discharge","floor":7},{"not_picked":["Reprogram","Compile Driver"],"picked":"Streamline","floor":10},{"not_picked":["Beam Cell","Compile Driver"],"picked":"Aggregate","floor":12},{"not_picked":["Seek","Buffer"],"picked":"Rainbow","floor":16},{"not_picked":["Conserve Battery","Hologram"],"picked":"Auto Shields+1","floor":18},{"not_picked":["Compile Driver","Gash"],"picked":"Rebound","floor":20},{"not_picked":["Streamline","Conserve Battery"],"picked":"Self Repair","floor":21},{"not_picked":["Beam Cell","Leap"],"picked":"Skim+1","floor":23},{"not_picked":["Force Field","Redo"],"picked":"Self Repair","floor":25},{"not_picked":["Loop","Static Discharge"],"picked":"Biased Cognition","floor":27},{"not_picked":["Turbo","Barrage+1"],"picked":"Force Field","floor":29},{"not_picked":["Conserve Battery","Sunder","Go for the Eyes+1"],"picked":"SKIP","floor":31},{"not_picked":["Reboot","Buffer"],"picked":"Echo Form","floor":33},{"not_picked":["Cold Snap","Blizzard"],"picked":"Chaos+1","floor":35},{"not_picked":["Scrape+1","Go for the Eyes"],"picked":"Defragment","floor":36},{"not_picked":["Gash","Stack+1"],"picked":"Static Discharge","floor":40},{"not_picked":["Steam","Barrage+1","Ball Lightning+1"],"picked":"SKIP","floor":41},{"not_picked":["Lockon","Heatsinks"],"picked":"Reinforced Body+1","floor":44},{"not_picked":["Redo+1","Turbo+1"],"picked":"Hologram+1","floor":45},{"not_picked":["Rebound+1","Double Energy+1"],"picked":"Barrage+1","floor":46},{"not_picked":["Turbo+1","Coolheaded+1","Beam Cell+1"],"picked":"SKIP","floor":48},{"not_picked":["Hologram","Rebound+1","Streamline+1"],"picked":"SKIP","floor":54}],"player_experience":877620,"relics_obtained":[{"floor":7,"key":"Boot"},{"floor":9,"key":"HornCleat"},{"floor":10,"key":"DataDisk"},{"floor":23,"key":"Happy Flower"},{"floor":26,"key":"CaptainsWheel"},{"floor":27,"key":"Torii"},{"floor":38,"key":"Old Coin"},{"floor":40,"key":"Eternal Feather"},{"floor":44,"key":"Akabeko"},{"floor":46,"key":"Molten Egg 2"},{"floor":54,"key":"Mango"}],"event_choices":[{"damage_healed":0,"gold_gain":0,"player_choice":"Donut","damage_taken":0,"max_hp_gain":5,"max_hp_loss":0,"event_name":"Big Fish","floor":4,"gold_loss":0},{"damage_healed":0,"gold_gain":0,"player_choice":"Ignored","damage_taken":0,"max_hp_gain":0,"max_hp_loss":0,"event_name":"Liars Game","floor":5,"gold_loss":0},{"damage_healed":0,"gold_gain":75,"player_choice":"Gather Gold","damage_taken":11,"max_hp_gain":0,"max_hp_loss":0,"event_name":"World of Goop","floor":8,"gold_loss":0},{"damage_healed":0,"gold_gain":0,"player_choice":"Success","damage_taken":12,"relics_obtained":["Art of War"],"max_hp_gain":0,"max_hp_loss":0,"event_name":"Scrap Ooze","floor":13,"gold_loss":0},{"damage_healed":0,"gold_gain":0,"cards_transformed":["Strike_B","Strike_B"],"player_choice":"Became Test Subject","damage_taken":0,"max_hp_gain":0,"max_hp_loss":0,"event_name":"Drug Dealer","floor":19,"gold_loss":0,"cards_obtained":["Rainbow","Rip and Tear"]},{"damage_healed":26,"gold_gain":0,"player_choice":"Heal","damage_taken":0,"max_hp_gain":0,"max_hp_loss":0,"event_name":"The Library","floor":28,"gold_loss":0},{"damage_healed":0,"gold_gain":0,"player_choice":"Fight","damage_taken":0,"max_hp_gain":0,"max_hp_loss":0,"event_name":"MindBloom","floor":38,"gold_loss":0}],"is_beta":false,"boss_relics":[{"not_picked":["Nuclear Battery","Ectoplasm"],"picked":"Velvet Choker"},{"not_picked":["Inserter","Busted Crown"],"picked":"Snecko Eye"}],"items_purged_floors":[22,37,39,53],"is_endless":false,"potions_floor_spawned":[3,7,21,29,31,33,35,40,44,45],"ascension_level":8}}