{"host":"weghyrtrhzwgovqi","time":1609761006,"event":{"mods":["Act Like it!","BaseMod","Defuse TimeMaze Blight","Dota2Spire","Gensokyo","Minty Spire (QoL Compilation)","Remilia£¨ÀÙÃ×ÀòÑÇ£©","RumiaBox-Â¶Ã×æ«µÄÉñÃØºÐ×Ó","StSLib","Uncapped","UnlockEverythingMod","Youmu£¨»êÆÇÑýÃÎ£©","[IsaacMod]ÒÔÈö¼âËþ","noobMod"],"gold_per_floor":[111,111,128,141,141,169,169,182,230,289,340,350,350,350,350,451,451,470,484,484,494,557,584,617,617,617,742,756,776,656,670,670,670,670],"floor_reached":33,"playtime":879,"items_purged":[],"score":597,"play_id":"457ddac5-7b5c-4a34-8c28-9914d62abef9","local_time":"20210104195006","daily_mods":["Shiny","Vintage","Diverse","Heirloom","Time Dilation","Flight","Lethality"],"is_ascension_mode":false,"campfire_choices":[{"data":"BloodySeventeenLaser","floor":15,"key":"SMITH"},{"data":"Reboot","floor":32,"key":"SMITH"}],"circlet_count":0,"master_deck":["ScarletCoffin","DemonKingCradle","TricksterDevil","BloodRain","ForecastOfChange","CurseOfVladTepes","TransientEternity","EquivalentExchange","ScarletMeister","QueenOfMidnight","KillingBlow","BloodyHallows","BatForm","BloodyCatastrophe","CeilingFear","ChaoticDestiny","BloodySeventeenLaser+1","HellCatastrophe","HeartBreak","FastingOfTheYoungPreta","MatsuyoiReflectingSatelliteSlash","GreatEnlightenmentAppearingAndDisappearing","IrresoluteSoul","HeavenGodSword","DeadlyForm","ReincarnationSword","SlashOfTheEternalFuture","WickedSoul","HellRealmSword","AsuraSword","CelestialStarSword","StrangeHalfBody","SuddenDivineSeveringOfKarmicWind","CherryBlossomSword","HeavenSword","VoidnessSword","SlashOfSaigyouSpringWind","ASingleThoughtAndInfiniteKalpas","Brilliance","Devotion","LessonLearned","Vault","Alpha","Establishment","DeusExMachina","Judgement","ConjureBlade","MasterReality","Blasphemy","Ragnarok","Scrawl","Wish","Omniscience","SpiritShield","DevaForm","Hyperbeam","Machine Learning","Buffer","Seek","Echo Form","All For One","Reboot+1","Fission","Core Surge","Multi-Cast","Thunder Strike","Biased Cognition","ElectricPowerLearning","Electrodynamics","Rainbow","Meteor Strike","Amplify","Creative AI","Corpse Explosion","Die Die Die","Adrenaline","Envenom","Doppelganger","Burst","Wraith Form v2","Tools of the Trade","After Image","A Thousand Cuts","Venomology","Malaise","Phantasmal Killer","Night Terror","Unload","Bullet Time","Storm of Steel","Glass Knife","Grand Finale","Double Tap","Demon Form","Fiend Fire","Berserk","Impervious","Juggernaut","Brutality","Exhume","Offering","Bludgeon","Feed","Limit Break","Corruption","Barricade","Reaper","Immolate","Gensokyo:CrescentMoonSlash","Clumsy","Hologram","Omniscience"],"relics":["Unceasing Top","HushsDoor","ice","SteamSale","Peace Pipe","Bottled Flame","Ornamental Fan","BookOfRevelations","Gensokyo:NagashiBinaDoll","SecretRecord","TheBible","Omamori","PreservedInsect","Dota2Spire:MagicBottle","ZombieArmy","Dota2Spire:PowerTreads","Strawberry","Dota2Spire:RefresherOrb","GuppysHairball","GuppysPaw","Dota2Spire:MaskOfMadness","Torii","UnicornStump","MealTicket","CeramicFish","Dota2Spire:ArcaneBoots","Roukanken","Dota2Spire:ShivaGuard","MoneyPower","Smiling Mask","Matryoshka","Gensokyo:FoxMask","Happy Flower"],"acts_visited":["Exordium","Gensokyo:Gensokyo"],"potions_floor_usage":[16,33],"damage_taken":[{"damage":10,"enemies":"Gensokyo:Gryphon","floor":1,"turns":3},{"damage":4,"enemies":"Gensokyo:2_Kodama","floor":3,"turns":3},{"damage":0,"enemies":"Gensokyo:Python","floor":4,"turns":2},{"damage":13,"enemies":"Gensokyo:Mamizou","floor":6,"turns":4},{"damage":6,"enemies":"Gensokyo:2_Rabbits","floor":8,"turns":1},{"damage":26,"enemies":"Gensokyo:Cirno","floor":11,"turns":4},{"damage":12,"enemies":"Gensokyo:CorruptedTreant","floor":12,"turns":2},{"damage":18,"enemies":"Gensokyo:Yukari","floor":16,"turns":5},{"damage":0,"enemies":"Gensokyo:CosmicMonolith","floor":18,"turns":1},{"damage":0,"enemies":"Gensokyo:2_Gloops","floor":19,"turns":3},{"damage":0,"enemies":"Gensokyo:Swordslinger","floor":21,"turns":1},{"damage":0,"enemies":"Gensokyo:Tenshi","floor":23,"turns":1},{"damage":0,"enemies":"Gensokyo:Koishi","floor":24,"turns":1},{"damage":10,"enemies":"Gensokyo:Koishi","floor":27,"turns":3},{"damage":4,"enemies":"Gensokyo:Chomper_and_Gloop","floor":28,"turns":3},{"damage":0,"enemies":"Gensokyo:3_Gloops","floor":29,"turns":2},{"damage":0,"enemies":"Gensokyo:Monolith_and_Dog","floor":31,"turns":2},{"damage":46,"enemies":"Gensokyo:Kaguya","floor":33,"turns":3}],"seed_played":"703081932888931841","potions_obtained":[{"floor":6,"key":"LiquidBronze"},{"floor":11,"key":"LiquidMemories"},{"floor":16,"key":"SmokeBomb"}],"is_trial":true,"path_per_floor":["M","?","M","M","?","E","T","M","T","?","E","M","?","?","R","B",null,"M","M","?","M","?","E","E","?","T","?","M","M","?","M","R","B"],"character_chosen":"YOUMU","items_purchased":["GuppysHairball","GuppysPaw"],"campfire_rested":0,"item_purchase_floors":[17,17],"current_hp_per_floor":[65,54,50,50,50,47,47,41,41,26,23,11,11,8,8,71,64,64,64,59,59,44,44,44,44,44,50,46,46,46,46,46,0,0],"gold":670,"neow_bonus":"","is_daily":false,"chose_seed":false,"campfire_upgraded":2,"win_rate":0.0,"timestamp":1609761006,"path_taken":["M","?","M","?","?","E","?","?","T","?","E","?","?","?","R","BOSS","M","?","?","?","?","E","E","?","T","?","M","?","?","?","R","BOSS"],"items_purchased_type":["Relic","Relic"],"build_version":"2020-12-22","purchased_purges":0,"victory":false,"max_hp_per_floor":[75,75,75,75,75,75,75,75,75,75,75,75,75,82,82,84,64,64,64,59,59,59,59,59,59,59,59,60,60,60,61,61,64,64],"card_choices":[{"not_picked":[],"picked":"ChaosCard","floor":0},{"not_picked":["Leap","Sucker Punch","HumanKnowledgeSword"],"picked":"SKIP","floor":6},{"not_picked":["Reckless Charge","FlurryOfBlows"],"picked":"Hologram","floor":11},{"not_picked":["Establishment","Rainbow"],"picked":"Omniscience","floor":16},{"not_picked":["Undo+1","Quick Slash","Halt"],"picked":"SKIP","floor":23},{"not_picked":["NightDance","Cleave","Flechettes"],"picked":"SKIP","floor":24}],"player_experience":287395,"relics_obtained":[{"floor":1,"key":"Bottled Flame"},{"floor":3,"key":"Ornamental Fan"},{"floor":4,"key":"BookOfRevelations"},{"floor":6,"key":"SecretRecord"},{"floor":7,"key":"TheBible"},{"floor":8,"key":"Omamori"},{"floor":9,"key":"PreservedInsect"},{"floor":11,"key":"Dota2Spire:MagicBottle"},{"floor":12,"key":"ZombieArmy"},{"floor":18,"key":"Dota2Spire:MaskOfMadness"},{"floor":19,"key":"Torii"},{"floor":21,"key":"MealTicket"},{"floor":23,"key":"CeramicFish"},{"floor":24,"key":"Dota2Spire:ArcaneBoots"},{"floor":26,"key":"Roukanken"},{"floor":27,"key":"Dota2Spire:ShivaGuard"},{"floor":27,"key":"MoneyPower"},{"floor":28,"key":"Smiling Mask"},{"floor":29,"key":"Matryoshka"},{"floor":31,"key":"Happy Flower"}],"event_choices":[],"is_beta":false,"boss_relics":[{"not_picked":["SoulBox","Runic Pyramid"],"picked":"Dota2Spire:RefresherOrb"},{"not_picked":[]}],"items_purged_floors":[],"is_endless":true,"potions_floor_spawned":[6,11,12,16,18,23,24,28],"killed_by":"Gensokyo:Kaguya","ascension_level":0}}