{"host":"l84l8xigz5v5foa2","time":1609763489,"event":{"mods":["2.2 Compatiblity","AchievementEnabler","BaseMod","Better Note","Better Vampires","Card Filter","Colored Map","DeckTracker","Downfall","Gremlin Skip","Highlight Path","Keyboard Shortcuts","Minty Spire (QoL Compilation)","Permanent Neow","Quick Restart","Relic Filter","Relic Stats","StSLib","SuperFastMode","Transform Curses","Unknown Chances"],"gold_per_floor":[99,113,133,145,145,145,145,161,161,161,173,193,193,193,193,193],"floor_reached":14,"playtime":461,"items_purged":[],"score":164,"play_id":"3f1388c4-fcfa-4511-8ea9-0ef27dbdbb47","local_time":"20210104213129","is_ascension_mode":true,"campfire_choices":[{"data":"hexamod:Float","floor":1,"key":"SMITH"},{"data":"hexamod:GiftsFromTheDead","floor":6,"key":"SMITH"},{"data":"hexamod:FastForward","floor":9,"key":"SMITH"},{"data":"hexamod:ThermalTransfer","floor":13,"key":"SMITH"}],"circlet_count":0,"master_deck":["AscendersBane","hexamod:Strike","hexamod:Strike","hexamod:Strike","hexamod:Strike","hexamod:Defend","hexamod:Defend","hexamod:Defend","hexamod:Defend","hexamod:Float+1","hexamod:GiftsFromTheDead+1","hexamod:FastForward+1","hexamod:RecurringNightmare","hexamod:AdvancingGuard","hexamod:HauntingEcho","hexamod:Hexaguard","hexamod:ThermalTransfer+1"],"relics":["hexamod:SpiritBrand"],"acts_visited":["Exordium"],"potions_floor_usage":[8,12,14],"damage_taken":[{"damage":2,"enemies":"Jaw Worm","floor":2,"turns":4},{"damage":0,"enemies":"Cultist","floor":3,"turns":3},{"damage":0,"enemies":"2 Louse","floor":4,"turns":4},{"damage":12,"enemies":"Gremlin Gang","floor":8,"turns":4},{"damage":1,"enemies":"Exordium Wildlife","floor":11,"turns":6},{"damage":0,"enemies":"3 Louse","floor":12,"turns":4},{"damage":64,"enemies":"Gremlin Nob","floor":14,"turns":4}],"seed_played":"8539629754155739004","potions_obtained":[{"floor":2,"key":"Swift Potion"},{"floor":3,"key":"sneckomod:MuddlingPotion"},{"floor":8,"key":"DuplicationPotion"},{"floor":10,"key":"LiquidMemories"}],"is_trial":false,"path_per_floor":["R","M","M","M","?","R","T","M","R","?","M","M","R","E"],"character_chosen":"THE_SPIRIT","items_purchased":[],"campfire_rested":0,"item_purchase_floors":[],"current_hp_per_floor":[57,55,55,55,55,55,55,43,43,43,42,42,42,0,0,0],"gold":193,"neow_bonus":"ONE_RANDOM_RARE_CARD","is_daily":false,"chose_seed":false,"campfire_upgraded":4,"win_rate":0.0,"timestamp":1609763489,"path_taken":["R","M","M","M","?","R","T","?","R","?","M","M","R","E"],"items_purchased_type":[],"build_version":"2020-12-22","purchased_purges":0,"victory":false,"max_hp_per_floor":[63,63,63,63,63,63,63,63,63,63,63,63,63,63,63,63],"relic_stats":{"counters":[7,29],"obtain_stats":[{"hexamod:SpiritBrand":0},{"hexamod:SpiritBrand":0},{"hexamod:SpiritBrand":0}]},"card_choices":[{"not_picked":["hexamod:GhostOfSpirePresent","hexamod:BacktrackSmack"],"picked":"hexamod:FastForward","floor":2},{"not_picked":["hexamod:BacktrackSmack","hexamod:SkipABeat"],"picked":"hexamod:RecurringNightmare","floor":3},{"not_picked":["hexamod:GhostOfSpirePresent","hexamod:Firestarter"],"picked":"hexamod:AdvancingGuard","floor":4},{"not_picked":["hexamod:SecondSeal","hexamod:GhostShield"],"picked":"hexamod:Hexaguard","floor":8},{"not_picked":["hexamod:SpectralSpark","hexamod:SwordOfDarkness"],"picked":"hexamod:ThermalTransfer","floor":11},{"not_picked":["hexamod:HauntingEcho","hexamod:SpectralSpark","hexamod:ShieldOfDarkness"],"picked":"SKIP","floor":12}],"player_experience":2842479,"relics_obtained":[],"event_choices":[{"damage_healed":0,"gold_gain":0,"cards_transformed":["hexamod:Sear"],"player_choice":"Transformed","damage_taken":0,"max_hp_gain":0,"max_hp_loss":0,"event_name":"Transmorgrifier","floor":5,"gold_loss":0,"cards_obtained":["hexamod:HauntingEcho"]},{"damage_healed":0,"gold_gain":0,"player_choice":"Got Potions","damage_taken":0,"max_hp_gain":0,"max_hp_loss":0,"event_name":"Lab","floor":10,"gold_loss":0}],"is_beta":false,"boss_relics":[],"items_purged_floors":[],"is_endless":false,"potions_floor_spawned":[2,3,8],"killed_by":"Gremlin Nob","ascension_level":20}}