{"host":"7sy3dyg71hje4mzx","time":1609759575,"event":{"mods":["BaseMod","Downfall","Minty Spire (QoL Compilation)","StSLib"],"gold_per_floor":[99,116,136,136,153,172,172,272,272,285,285,285,285],"floor_reached":11,"playtime":694,"items_purged":[],"score":65,"play_id":"037a2a8d-06c2-43c7-9ea7-72d6fd72145f","local_time":"20210104222615","is_ascension_mode":false,"campfire_choices":[{"floor":1,"key":"RECALL"}],"circlet_count":0,"master_deck":["champ:Strike","champ:Strike","champ:Strike+1","champ:Defend","champ:Defend+1","champ:Defend","champ:Defend","champ:Execute","champ:Taunt","champ:BerserkersShout","champ:FocusedDefense+1","champ:CrookedStrike","champ:Backstep","Regret","champ:PreciseThrust"],"relics":["champ:ChampionCrown","Question Card"],"acts_visited":["Exordium"],"potions_floor_usage":[],"damage_taken":[{"damage":7,"enemies":"2 Louse","floor":2,"turns":3},{"damage":31,"enemies":"Cultist","floor":3,"turns":5},{"damage":22,"enemies":"Small Slimes","floor":5,"turns":7},{"damage":20,"enemies":"Blue Slaver","floor":6,"turns":5},{"damage":56,"enemies":"Exordium Thugs","floor":10,"turns":10},{"damage":24,"enemies":"Lagavulin","floor":11,"turns":5}],"seed_played":"5516675626169850962","potions_obtained":[{"floor":2,"key":"Strength Potion"},{"floor":3,"key":"CultistPotion"}],"is_trial":false,"path_per_floor":["R","M","M","?","M","M","T","?","?","M","E"],"character_chosen":"THE_CHAMP","items_purchased":[],"campfire_rested":0,"item_purchase_floors":[],"current_hp_per_floor":[99,97,81,81,68,57,57,57,57,23,0,0,0],"gold":285,"neow_bonus":"TEN_PERCENT_HP_BONUS","is_daily":false,"chose_seed":false,"campfire_upgraded":0,"win_rate":0.0,"timestamp":1609759575,"path_taken":["R","M","M","?","M","?","T","?","?","M","E"],"items_purchased_type":[],"build_version":"2020-12-22","purchased_purges":0,"victory":false,"max_hp_per_floor":[99,99,99,99,99,99,99,99,99,99,99,99,99],"card_choices":[{"not_picked":["champ:BringItOn","champ:ShieldWall"],"picked":"champ:BerserkersShout","floor":2},{"not_picked":["champ:BerserkersShout","champ:TornadoPunch"],"picked":"champ:FocusedDefense","floor":3},{"not_picked":["champ:BladeFlurry","champ:GladiatorStyle"],"picked":"champ:CrookedStrike","floor":5},{"not_picked":["champ:SwordThrow","champ:FocusedGladiator"],"picked":"champ:Backstep","floor":6},{"not_picked":["champ:Backstep","champ:Haymaker","champ:PerfectedStrike"],"picked":"champ:PreciseThrust","floor":10}],"player_experience":158496,"relics_obtained":[{"floor":7,"key":"Question Card"}],"event_choices":[{"cards_removed":["champ:Strike"],"damage_healed":0,"gold_gain":0,"player_choice":"Purged","damage_taken":0,"max_hp_gain":0,"max_hp_loss":0,"event_name":"Purifier","floor":4,"gold_loss":0}],"is_beta":false,"boss_relics":[],"items_purged_floors":[],"is_endless":false,"potions_floor_spawned":[2,3],"killed_by":"Lagavulin","ascension_level":0}}