{"host":"lhth1efayex2023z","time":1609719076,"event":{"mods":["BaseMod","Colored Map","Googly Eyes","Minty Spire (QoL Compilation)","StSLib"],"gold_per_floor":[119,139,17,17,31,69,69,69,93,136,136,150,181,199,199,199,199],"floor_reached":16,"playtime":740,"items_purged":[],"score":198,"play_id":"5f9e1da5-e764-4d76-92ce-335bca37223a","local_time":"20210103171116","is_ascension_mode":true,"campfire_choices":[{"data":"Body Slam","floor":8,"key":"SMITH"},{"floor":11,"key":"REST"},{"data":"Flame Barrier","floor":15,"key":"SMITH"}],"circlet_count":0,"master_deck":["AscendersBane","Strike_R","Strike_R","Strike_R","Strike_R","Defend_R","Defend_R","Defend_R","Bash","Offering","Body Slam+1","Flame Barrier+1","Shrug It Off","Rage","Shrug It Off","Metallicize","Battle Trance","Bloodletting"],"relics":["Burning Blood","Golden Idol","Red Skull","Dream Catcher","Lantern","TungstenRod","Bottled Tornado"],"acts_visited":["Exordium"],"potions_floor_usage":[13,14],"damage_taken":[{"damage":1,"enemies":"Cultist","floor":1,"turns":3},{"damage":3,"enemies":"2 Louse","floor":2,"turns":3},{"damage":4,"enemies":"Jaw Worm","floor":5,"turns":4},{"damage":38,"enemies":"Gremlin Nob","floor":6,"turns":4},{"damage":15,"enemies":"Lagavulin","floor":10,"turns":7},{"damage":8,"enemies":"Large Slime","floor":12,"turns":8},{"damage":6,"enemies":"3 Sentries","floor":13,"turns":9},{"damage":7,"enemies":"Gremlin Gang","floor":14,"turns":4},{"damage":26,"enemies":"Slime Boss","floor":16,"turns":7}],"seed_played":"8361533369224270722","potions_obtained":[{"floor":6,"key":"SneckoOil"},{"floor":10,"key":"GamblersBrew"},{"floor":12,"key":"Fire Potion"},{"floor":13,"key":"FearPotion"}],"is_trial":false,"path_per_floor":["M","M","$","?","M","E","?","R","T","E","R","M","E","M","R","B"],"character_chosen":"IRONCLAD","items_purchased":["Flame Barrier","Shrug It Off"],"campfire_rested":1,"item_purchase_floors":[3,3],"current_hp_per_floor":[72,72,72,67,67,35,35,35,35,26,46,44,44,43,43,17,17],"gold":199,"neow_bonus":"TRANSFORM_TWO_CARDS","is_daily":false,"chose_seed":false,"campfire_upgraded":2,"win_rate":0.0,"timestamp":1609719076,"path_taken":["M","M","?","?","?","E","?","R","T","E","R","?","E","M","R","BOSS"],"items_purchased_type":["Card","Card"],"build_version":"2020-12-22","purchased_purges":0,"victory":false,"max_hp_per_floor":[72,72,72,67,67,67,67,67,67,67,67,67,67,67,67,67,67],"card_choices":[{"not_picked":["Sword Boomerang","Pommel Strike"],"picked":"Body Slam","floor":1},{"not_picked":["Anger","Dropkick","Perfected Strike"],"picked":"SKIP","floor":2},{"not_picked":["Twin Strike","Combust"],"picked":"Rage","floor":5},{"not_picked":["Rupture","Rampage"],"picked":"Shrug It Off","floor":6},{"not_picked":["Havoc","Armaments"],"picked":"Metallicize","floor":10},{"not_picked":["Flex","Shrug It Off"],"picked":"Battle Trance","floor":12},{"not_picked":["Flex","Bloodletting","Bludgeon"],"picked":"SKIP","floor":13},{"not_picked":["Flex","Bludgeon"],"picked":"Bloodletting","floor":13},{"not_picked":["Bloodletting","Dark Embrace","Sever Soul"],"picked":"SKIP","floor":14}],"player_experience":451285,"relics_obtained":[{"floor":6,"key":"Red Skull"},{"floor":9,"key":"Lantern"},{"floor":10,"key":"TungstenRod"},{"floor":13,"key":"Bottled Tornado"}],"event_choices":[{"damage_healed":0,"gold_gain":0,"player_choice":"Lose Max HP","damage_taken":0,"relics_obtained":["Golden Idol"],"max_hp_gain":0,"max_hp_loss":5,"event_name":"Golden Idol","floor":4,"gold_loss":0},{"cards_removed":["Pommel Strike"],"damage_healed":0,"gold_gain":0,"player_choice":"Gave Card","damage_taken":0,"relics_obtained":["Dream Catcher"],"max_hp_gain":0,"max_hp_loss":0,"event_name":"WeMeetAgain","floor":7,"gold_loss":0}],"is_beta":false,"boss_relics":[],"items_purged_floors":[],"is_endless":false,"potions_floor_spawned":[6,10,12,13],"killed_by":"Slime Boss","ascension_level":13}}