{"host":"55yei7x27djrlaep","time":1609750045,"event":{"mods":["Act Like it!","Aspiration","BaseMod","Better Altar","Better Match","Better Note","Better Sensory Stone","Better Skull","Better Third Choice","BetterRewards","Colored Map","Conspire","Friendly Minions","GifTheSpireLib","Gremlin Mod","Halation","Hubris","Marisa????????","Minty Spire (QoL Compilation)","Pale of the Ancients","Replay The Spire","StSLib","Stuff the Spire","The Marked"],"gold_per_floor":[119,137,151,151,151,180,180,215,215,343,343,343,371,34,34,156,156,197,223,260,301,400,464,518,575,575,575,604,676,616,616,616,751,751,785,785,785,785,414,480,480,548,548,590,590,637,682,708,708,748,798,841,519,543,543,595,595,185,185,203],"floor_reached":61,"playtime":4767,"items_purged":["Strike_G","Strike_G","Defend_G"],"score":2369,"play_id":"4036744e-bcdb-42e0-ad73-9bc4d597de44","local_time":"20210104114725","is_ascension_mode":true,"campfire_choices":[{"floor":7.0,"key":"REST"},{"data":"Cloak And Dagger","floor":11.0,"key":"SMITH"},{"floor":15.0,"key":"REST"},{"floor":27.0,"key":"RECALL"},{"data":"Madness","floor":32.0,"key":"SMITH"},{"data":"Accuracy","floor":41,"key":"SMITH"},{"data":"Replay:Bag of Tricks","floor":45,"key":"SMITH"},{"data":"StuffTheSpire:Sprint","floor":49,"key":"SMITH"},{"data":"ReplayUltimateDefense","floor":55,"key":"SMITH"},{"data":"hubris:TrickCloak","floor":57,"key":"SMITH"}],"circlet_count":0,"master_deck":["Strike_G","Strike_G","Strike_G","Defend_G","Defend_G","Survivor","Neutralize","Cloak And Dagger","Replay:Bootleg Shield Generator+1","Secret Technique+1","Cloak And Dagger+1","Backstab","Accuracy","Dagger Spray","Backflip","StuffTheSpire:Sprint+1","Venomology","Madness+1","Deflect+1","Replay:Bag of Tricks+1","Quick Slash","Blade Dance","Prepared+1","hubris:Sniper","Predator","ReplayTheSpireMod:The Works","Accuracy+1","Phantasmal Killer","Caltrops","Well Laid Plans","PiercingWail","StuffTheSpire:Incantation","Cloak And Dagger+1","Dagger Throw+1","Hidden Blade+1","Terror","Footwork+1","ReplayUltimateDefense+1","ReplayUltimateDefense","hubris:TrickCloak+1","Riddle With Holes","Malaise","StuffTheSpire:PlasmaPunch","Well Laid Plans","Well Laid Plans"],"relics":["Ring of the Snake","TungstenRod","conspire:DecoderRing","Guide Book","Regal Pillow","hubris:Icosahedron","Replay:Rubber Ducky","hubris:Zylophone","Replay:Bandana","StuffTheSpire:BottledEssence","Vajra","Philosopher\u0027s Stone","StuffTheSpire:Experiment12","aspiration:Lifesprig","StuffTheSpire:WitherSkull","Eternal Feather","PreservedInsect","conspire:SpecialSausage","Blue Doll","MealTicket","StuffTheSpire:HeavyRock","Replay:Baseball","StuffTheSpire:CocoNut","paleoftheancients:Timepiece","paleoftheancients:KeyRelic","Letter Opener","CultistMask","paleoftheancients:SoulOfTheWokeBloke","Replay:Wax Seal","Bronze Scales"],"acts_visited":["Exordium","TheCity","TheBeyond","paleoftheancients:PaleOfTheAncients"],"potions_floor_usage":[40,42,46,47,48,50,50,50,51,51,60,60],"damage_taken":[{"damage":0.0,"enemies":"Small Slimes","floor":1.0,"turns":3.0},{"damage":0.0,"enemies":"2 Louse","floor":2.0,"turns":4.0},{"damage":2.0,"enemies":"conspire:RoseBush","floor":3.0,"turns":2.0},{"damage":15.0,"enemies":"Gremlin Nob","floor":6.0,"turns":3.0},{"damage":8.0,"enemies":"Lagavulin","floor":8.0,"turns":7.0},{"damage":10.0,"enemies":"Replay:BlueRogue","floor":10.0,"turns":7.0},{"damage":3.0,"enemies":"Blue Slaver","floor":13.0,"turns":2.0},{"damage":2.0,"enemies":"Hexaghost","floor":16.0,"turns":7.0},{"damage":5.0,"enemies":"conspire:FuzzyDice","floor":18.0,"turns":4.0},{"damage":0.0,"enemies":"2 Thieves","floor":19.0,"turns":2.0},{"damage":0.0,"enemies":"Cultist and Chosen","floor":20.0,"turns":3.0},{"damage":0.0,"enemies":"Centurion and Healer","floor":21.0,"turns":4.0},{"damage":0.0,"enemies":"Slavers","floor":23.0,"turns":3.0},{"damage":0.0,"enemies":"conspire:SneckoGhost","floor":25.0,"turns":2.0},{"damage":0.0,"enemies":"Snake Plant","floor":28.0,"turns":2.0},{"damage":0.0,"enemies":"Gremlin Leader","floor":29.0,"turns":4.0},{"damage":41.0,"enemies":"hubris:MusketHawk","floor":33.0,"turns":7.0},{"damage":0,"enemies":"3 Shapes","floor":35,"turns":2},{"damage":0,"enemies":"R_Hoarder","floor":40,"turns":4},{"damage":12,"enemies":"Nemesis","floor":42,"turns":3},{"damage":0,"enemies":"3 Darklings","floor":44,"turns":3},{"damage":2,"enemies":"R_Hoarder","floor":46,"turns":4},{"damage":4,"enemies":"Spire Growth","floor":47,"turns":3},{"damage":0,"enemies":"Jaw Worm Horde","floor":48,"turns":1},{"damage":41,"enemies":"Donu and Deca","floor":50,"turns":6},{"damage":42,"enemies":"Donu and Deca","floor":51,"turns":6},{"damage":0,"enemies":"Donu and Deca","floor":52,"turns":3},{"damage":0,"enemies":"Donu and Deca","floor":56,"turns":3},{"damage":33,"enemies":"paleoftheancients:N","floor":60,"turns":8}],"seed_played":"6432522862009351401","potions_obtained":[{"floor":2.0,"key":"AttackPotion"},{"floor":8.0,"key":"SkillPotion"},{"floor":13.0,"key":"Dexterity Potion"},{"floor":16.0,"key":"Toxic Potion"},{"floor":24.0,"key":"Venom Potion"},{"floor":24.0,"key":"Cursed Concoction"},{"floor":25.0,"key":"Adrenaline Potion"},{"floor":40,"key":"Block Potion"},{"floor":44,"key":"Explosive Potion"},{"floor":46,"key":"Poison Potion"},{"floor":47,"key":"PowerPotion"}],"is_trial":false,"path_per_floor":["M","M","M","?","?","E","R","E","T","E","R","?","M","$","R","B",null,"M","M","M","M","?","E","?","E","T","R","M","E","?","?","R","B",null,"M","?","?","?","$","E","R","E","T","M","R","E","M","M","R","B","M","M","$","T","R","M","R","$","?","B",null],"character_chosen":"THE_SILENT","items_purchased":["conspire:DecoderRing","Cloak And Dagger","Replay:Bootleg Shield Generator","Secret Technique","Guide Book","Regen Potion","Regal Pillow","Cloak And Dagger","Backstab","StuffTheSpire:BottledEssence","Vajra","Deflect+1","Blue Doll","Well Laid Plans","PiercingWail","Footwork+1","ReplayUltimateDefense","hubris:TrickCloak","Block Potion","Riddle With Holes","StuffTheSpire:PlasmaPunch","Bronze Scales","Well Laid Plans"],"campfire_rested":2,"item_purchase_floors":[0,0,0,0,0,0,0,0,0,14,14,14,39,39,39,53,53,53,53,53,58,58,58],"current_hp_per_floor":[21,21,19,19,19,4,40,32,32,37,37,37,34,34,70,68,70,65,65,65,65,65,65,49,49,49,64,64,64,64,64,70,29,60,60,60,60,60,60,60,70,58,58,58,70,75,71,71,77,67,52,66,77,77,77,77,77,77,77,61],"gold":203,"neow_bonus":"","is_daily":false,"chose_seed":false,"campfire_upgraded":7,"win_rate":0.0,"timestamp":1609750045,"path_taken":["M","M","M","?","?","E","R","E","T","E","R","?","M","?","R","BOSS","M","M","M","M","?","E","?","E","T","R","?","E","?","?","R","BOSS","M","?","?","?","$","E","R","E","T","M","R","E","M","?","R","BOSS","M","M","?","T","R","M","R","$","?","BOSS"],"items_purchased_type":["Relic","Card","Card","Card","Relic","Potion","Relic","Card","Card","Relic","Relic","Card","Relic","Card","Card","Card","Card","Card","Potion","Card","Card","Relic","Card"],"build_version":"2020-12-22","purchased_purges":3,"victory":true,"max_hp_per_floor":[70,70,70,70,70,70,70,70,70,70,70,70,70,70,70,70,70,70,70,70,70,70,70,70,70,70,70,70,70,70,70,70,70,70,70,70,70,70,70,70,70,70,70,70,70,77,77,77,77,77,77,77,77,77,77,77,77,77,77,77],"card_choices":[{"not_picked":["PiercingWail","StuffTheSpire:Fury"],"picked":"Accuracy","floor":1.0},{"not_picked":["Replay:Poison Smokescreen","Flying Knee"],"picked":"Dagger Spray","floor":2.0},{"not_picked":["Bane","Poisoned Stab"],"picked":"Backflip","floor":3.0},{"not_picked":["Setup","Quick Slash","Choke"],"picked":"SKIP","floor":6.0},{"not_picked":["ReplayTheSpireMod:Shiv Toss","StuffTheSpire:ClusterCrunch"],"picked":"StuffTheSpire:Sprint","floor":8.0},{"not_picked":["Slice","StuffTheSpire:BumpUp"],"picked":"Venomology","floor":10.0},{"not_picked":["Mayhem","Replay:Sssssssssshield"],"picked":"Madness","floor":12.0},{"not_picked":["Bane","Quick Slash","Replay:Poison Smokescreen"],"picked":"SKIP","floor":13.0},{"not_picked":["StuffTheSpire:FinalStruggle","ReplayTheSpireMod:From All Sides"],"picked":"Replay:Bag of Tricks","floor":16.0},{"not_picked":["Dagger Spray","Deflect"],"picked":"Quick Slash","floor":18.0},{"not_picked":["hubris:TrickCloak","Deadly Poison+1"],"picked":"Blade Dance","floor":19.0},{"not_picked":["ReplayTheSpireMod:Scrap Shanks+1","Backflip"],"picked":"Prepared+1","floor":20.0},{"not_picked":["Escape Plan","StuffTheSpire:Python"],"picked":"hubris:Sniper","floor":21.0},{"not_picked":["Night Terror","hubris:SlightOfHand","Skewer+1"],"picked":"SKIP","floor":23.0},{"not_picked":["Heel Hook+1","Sucker Punch+1"],"picked":"Predator","floor":24.0},{"not_picked":["Outmaneuver+1","conspire:DoublingDagger+1"],"picked":"ReplayTheSpireMod:The Works","floor":25.0},{"not_picked":["StuffTheSpire:Injection","ReplayTheSpireMod:Speed Training"],"picked":"Accuracy","floor":28.0},{"not_picked":["conspire:DoublingDagger","Blade Dance+1","Endless Agony"],"picked":"SKIP","floor":29.0},{"not_picked":["ReplayTheSpireMod:From All Sides","aspiration:Lunge"],"picked":"Phantasmal Killer","floor":33.0},{"not_picked":["Choke+1","hubris:SlightOfHand+1","Toxin Wave+1"],"picked":"SKIP","floor":35},{"not_picked":["Dodge and Roll+1","Flying Knee+1","StuffTheSpire:ClusterCrunch+1"],"picked":"SKIP","floor":40},{"not_picked":["Heel Hook+1","Dodge and Roll"],"picked":"StuffTheSpire:Incantation","floor":42},{"not_picked":["Dagger Spray+1","StuffTheSpire:Injection"],"picked":"Cloak And Dagger+1","floor":44},{"not_picked":["Cloak And Dagger+1","Wraith Form v2"],"picked":"Dagger Throw+1","floor":46},{"not_picked":["Outmaneuver","Sucker Punch","Deflect"],"picked":"SKIP","floor":47},{"not_picked":["Reflex+1","Deadly Poison+1"],"picked":"Hidden Blade+1","floor":48},{"not_picked":["Deflect","Dodge and Roll","Cloak And Dagger"],"picked":"SKIP","floor":51},{"not_picked":["Bouncing Flask","hubris:SlightOfHand"],"picked":"Terror","floor":52},{"not_picked":["Deadly Poison","ReplayTheSpireMod:Speed Training"],"picked":"Malaise","floor":56}],"player_experience":408414,"relics_obtained":[{"floor":6.0,"key":"Replay:Rubber Ducky"},{"floor":8.0,"key":"hubris:Zylophone"},{"floor":10.0,"key":"Replay:Bandana"},{"floor":23.0,"key":"StuffTheSpire:Experiment12"},{"floor":24.0,"key":"aspiration:Lifesprig"},{"floor":25.0,"key":"StuffTheSpire:WitherSkull"},{"floor":26.0,"key":"Eternal Feather"},{"floor":29.0,"key":"PreservedInsect"},{"floor":40,"key":"MealTicket"},{"floor":42,"key":"StuffTheSpire:HeavyRock"},{"floor":43,"key":"Replay:Baseball"},{"floor":46,"key":"StuffTheSpire:CocoNut"},{"floor":51,"key":"paleoftheancients:SoulOfTheWokeBloke"},{"floor":52,"key":"paleoftheancients:SoulOfTheShowman"},{"floor":54,"key":"Replay:Wax Seal"},{"floor":56,"key":"paleoftheancients:SoulOfTheHexaghost"}],"event_choices":[{"cards_removed":["Defend_G"],"damage_healed":0.0,"max_hp_gain":0.0,"max_hp_loss":0.0,"gold_gain":0.0,"event_name":"Living Wall","player_choice":"Forget","floor":4.0,"gold_loss":0.0,"damage_taken":0.0},{"damage_healed":0.0,"max_hp_gain":0.0,"max_hp_loss":0.0,"gold_gain":1.0,"event_name":"betterStone:BetterStone","player_choice":"1","floor":12.0,"gold_loss":0.0,"damage_taken":0.0},{"damage_healed":0.0,"max_hp_gain":0.0,"max_hp_loss":0.0,"gold_gain":99.0,"event_name":"betterThird:BetterNest","player_choice":"Steal","floor":22.0,"gold_loss":0.0,"damage_taken":0.0},{"cards_removed":["Defend_G"],"damage_healed":0,"gold_gain":0,"player_choice":"Removed Skill","damage_taken":0,"max_hp_gain":0,"max_hp_loss":0,"event_name":"Falling","floor":36,"gold_loss":0},{"damage_healed":0,"gold_gain":0,"player_choice":"Bought 0 Potions","damage_taken":0,"max_hp_gain":0,"max_hp_loss":0,"event_name":"The Woman in Blue","floor":38,"gold_loss":0}],"is_beta":false,"boss_relics":[{"not_picked":["halation:MonkeysPaw","Busted Crown"],"picked":"Philosopher\u0027s Stone"},{"not_picked":["Pandora\u0027s Box","hubris:VirtuousBlindfold"],"picked":"conspire:SpecialSausage"}],"items_purged_floors":[0,39,58],"is_endless":false,"potions_floor_spawned":[2,8,13,16,18,25,28,40,44,46,47,48],"ascension_level":8}}