{"host":"Troy","time":1609778459,"event":{"mods":["BaseMod","Colored Map","Highlight Path","Minty Spire (QoL Compilation)","Permanent Neow"],"gold_per_floor":[115,115,133,7,23,23,33,68,147,147,158,158,176,76,76,76,76],"floor_reached":16,"playtime":1409,"items_purged":["Strike_G","Strike_G"],"score":204,"play_id":"e70ccf3f-a7d3-4bc6-bb91-6eb3ce6b211c","local_time":"20210104114059","is_ascension_mode":true,"campfire_choices":[{"floor":6,"key":"REST"},{"floor":10,"key":"REST"},{"data":"Burst","floor":15,"key":"SMITH"}],"circlet_count":0,"master_deck":["AscendersBane","Strike_G","Strike_G","Strike_G","Defend_G","Defend_G","Defend_G+1","Defend_G","Defend_G","Survivor","Neutralize","Grand Finale","Backflip+1","Dagger Throw","Acrobatics","Prepared","Burst+1"],"relics":["Ring of the Snake","Thread and Needle"],"acts_visited":["Exordium"],"potions_floor_usage":[8,13,16],"damage_taken":[{"damage":0,"enemies":"2 Louse","floor":1,"turns":4},{"damage":0,"enemies":"Small Slimes","floor":3,"turns":5},{"damage":3,"enemies":"Cultist","floor":5,"turns":5},{"damage":4,"enemies":"3 Louse","floor":7,"turns":4},{"damage":32,"enemies":"3 Sentries","floor":8,"turns":14},{"damage":0,"enemies":"2 Fungi Beasts","floor":11,"turns":2},{"damage":0,"enemies":"Red Slaver","floor":13,"turns":6},{"damage":34,"enemies":"Slime Boss","floor":16,"turns":7}],"seed_played":"-1281795136896318132","potions_obtained":[{"floor":3,"key":"LiquidBronze"},{"floor":8,"key":"PowerPotion"},{"floor":11,"key":"Fire Potion"},{"floor":12,"key":"Fire Potion"}],"is_trial":false,"path_per_floor":["M","?","M","$","M","R","M","E","T","R","M","?","M","$","R","B"],"character_chosen":"THE_SILENT","items_purchased":["Acrobatics"],"campfire_rested":2,"item_purchase_floors":[4],"current_hp_per_floor":[44,24,24,24,21,40,36,4,4,23,23,23,23,23,23,0,0],"gold":76,"neow_bonus":"THREE_RARE_CARDS","is_daily":false,"chose_seed":false,"campfire_upgraded":1,"win_rate":0.0,"timestamp":1609778459,"path_taken":["M","?","M","$","M","R","M","E","T","R","M","?","?","$","R","BOSS"],"items_purchased_type":["Card"],"build_version":"2020-12-18","purchased_purges":2,"victory":false,"max_hp_per_floor":[66,66,66,66,66,66,66,66,66,66,66,66,66,66,66,66,66],"card_choices":[{"not_picked":["A Thousand Cuts","Doppelganger"],"picked":"Grand Finale","floor":0},{"not_picked":["Slice","Deflect"],"picked":"Backflip","floor":1},{"not_picked":["Slice","Accuracy"],"picked":"Dagger Throw","floor":3},{"not_picked":["Noxious Fumes","Dagger Spray","Crippling Poison"],"picked":"SKIP","floor":5},{"not_picked":["Poisoned Stab","Underhanded Strike"],"picked":"Prepared","floor":7},{"not_picked":["Malaise","Bouncing Flask"],"picked":"Burst","floor":8},{"not_picked":["Footwork","Heel Hook","Slice"],"picked":"SKIP","floor":11},{"not_picked":["Poisoned Stab","Tactician","Cloak And Dagger"],"picked":"SKIP","floor":13}],"player_experience":4060297,"relics_obtained":[{"floor":8,"key":"Thread and Needle"}],"event_choices":[{"damage_healed":0,"gold_gain":0,"player_choice":"Entered Light","damage_taken":20,"max_hp_gain":0,"max_hp_loss":0,"event_name":"Shining Light","floor":2,"gold_loss":0,"cards_upgraded":["Backflip","Defend_G"]},{"damage_healed":0,"gold_gain":0,"player_choice":"Got Potions","damage_taken":0,"max_hp_gain":0,"max_hp_loss":0,"event_name":"Lab","floor":12,"gold_loss":0}],"is_beta":true,"boss_relics":[],"items_purged_floors":[4,14],"is_endless":false,"potions_floor_spawned":[3,8,11],"killed_by":"Slime Boss","ascension_level":20}}