{"host":"1a3cjta80tad0aqj","time":1609799889,"event":{"mods":["2.2 Compatiblity","AchievementEnabler","BaseMod","Colored Map","DeckTracker","KOR Keyword Fix","Keyboard Shortcuts","Minty Spire (QoL Compilation)","Permanent Neow","Quick Restart","Random Character Button","StSLib","SuperFastMode","everything is the same but u backflip on backflip"],"gold_per_floor":[144,189,139,184,259,259,349,394,394,669,669,714,759,849,849,1149,1149,1194,624,624,669,244,334,334,334,409,499,286,286,331,376,376,376,376],"floor_reached":33,"playtime":2370,"items_purged":["Defend_G","Defend_P","Regret"],"score":322,"play_id":"1fc03a22-33c3-46ef-93d6-0fdd07cda263","local_time":"20210105073809","daily_mods":["Chimera","Diverse","Midas"],"is_ascension_mode":false,"campfire_choices":[{"floor":6,"key":"REST"},{"floor":11,"key":"REST"},{"floor":15,"key":"REST"},{"floor":24,"key":"REST"},{"floor":32,"key":"REST"}],"circlet_count":0,"master_deck":["Bash","Survivor","Eruption","Strike_R","Strike_G","Strike_B","Defend_R","EmptyFist","Flying Knee","CutThroughFate","Dagger Throw","Steam","Battle Trance+1","Hologram+1","Impervious+1","ClearTheMind+1","Cleave","Venomology+1","Writhe","Glass Knife","FollowUp","CarveReality"],"relics":["Cracked Core","Happy Flower","Toxic Egg 2","Thread and Needle","Cursed Key","Strawberry","Art of War","Orichalcum","Membership Card","Blood Vial","Oddly Smooth Stone","Darkstone Periapt","Dream Catcher","Singing Bowl"],"acts_visited":["Exordium","TheCity"],"potions_floor_usage":[14,16,20,23,27,31,33,33,33,33],"damage_taken":[{"damage":0,"enemies":"Cultist","floor":1,"turns":3},{"damage":0,"enemies":"Small Slimes","floor":2,"turns":4},{"damage":8,"enemies":"2 Louse","floor":4,"turns":2},{"damage":8,"enemies":"Gremlin Nob","floor":7,"turns":3},{"damage":0,"enemies":"2 Fungi Beasts","floor":8,"turns":2},{"damage":1,"enemies":"Blue Slaver","floor":12,"turns":3},{"damage":7,"enemies":"Red Slaver","floor":13,"turns":3},{"damage":21,"enemies":"Lagavulin","floor":14,"turns":5},{"damage":61,"enemies":"The Guardian","floor":16,"turns":6},{"damage":0,"enemies":"Spheric Guardian","floor":18,"turns":3},{"damage":0,"enemies":"2 Thieves","floor":20,"turns":1},{"damage":0,"enemies":"Snecko","floor":21,"turns":3},{"damage":17,"enemies":"Slavers","floor":23,"turns":4},{"damage":23,"enemies":"Book of Stabbing","floor":27,"turns":5},{"damage":8,"enemies":"Cultist and Chosen","floor":30,"turns":4},{"damage":20,"enemies":"Shelled Parasite and Fungi","floor":31,"turns":3},{"damage":91,"enemies":"Collector","floor":33,"turns":5}],"seed_played":"-6631355389535803282","potions_obtained":[{"floor":7,"key":"Energy Potion"},{"floor":8,"key":"BlessingOfTheForge"},{"floor":12,"key":"Energy Potion"},{"floor":13,"key":"Energy Potion"},{"floor":21,"key":"AttackPotion"},{"floor":23,"key":"LiquidMemories"}],"is_trial":false,"path_per_floor":["M","M","?","M","?","R","E","M","T","?","R","M","M","E","R","B",null,"M","$","M","M","$","E","R","?","T","E","$","?","M","M","R","B"],"character_chosen":"DEFECT","items_purchased":["ClearTheMind+1","SteroidPotion","Strawberry","Art of War","SmokeBomb","Orichalcum","Membership Card","Blood Vial","Singing Bowl","FollowUp"],"campfire_rested":5,"item_purchase_floors":[19,19,19,19,19,22,22,22,28,28],"current_hp_per_floor":[75,75,75,67,56,75,67,67,67,67,75,74,67,46,68,7,75,75,82,82,82,82,65,82,82,82,59,59,82,74,58,85,0,0],"gold":376,"neow_bonus":"","is_daily":true,"chose_seed":false,"campfire_upgraded":0,"win_rate":0.0,"timestamp":1609799889,"path_taken":["M","M","?","M","?","R","E","M","T","?","R","M","M","E","R","BOSS","M","$","M","?","$","E","R","?","T","E","$","?","M","M","R","BOSS"],"items_purchased_type":["Card","Potion","Relic","Relic","Potion","Relic","Relic","Relic","Relic","Card"],"build_version":"2020-12-22","purchased_purges":3,"victory":false,"max_hp_per_floor":[75,75,75,75,75,75,75,75,75,75,75,75,75,75,75,75,75,75,82,82,82,82,82,82,82,82,82,82,82,82,84,86,86,86],"card_choices":[{"not_picked":["Halt","Feel No Pain"],"picked":"EmptyFist","floor":1},{"not_picked":["Cloak And Dagger","Disarm"],"picked":"Flying Knee","floor":2},{"not_picked":["Rupture","PathToVictory"],"picked":"CutThroughFate","floor":4},{"not_picked":["Acrobatics","Iron Wave"],"picked":"Dagger Throw","floor":7},{"not_picked":["Consecrate","Evaluate"],"picked":"Steam","floor":8},{"not_picked":["Ghostly Armor+1","SandsOfTime","Flying Knee"],"picked":"SKIP","floor":12},{"not_picked":["Pommel Strike","Rampage"],"picked":"Battle Trance+1","floor":13},{"not_picked":["Bouncing Flask+1","Dual Wield+1"],"picked":"Hologram+1","floor":14},{"not_picked":["DevaForm","Meteor Strike"],"picked":"Impervious+1","floor":16},{"not_picked":["Rupture","Coolheaded+1","Metallicize"],"picked":"SKIP","floor":18},{"not_picked":["Pray+1","Sweeping Beam"],"picked":"Cleave","floor":21},{"not_picked":["Distraction+1","Perfected Strike"],"picked":"Venomology+1","floor":23},{"not_picked":["MentalFortress","Sweeping Beam+1"],"picked":"Glass Knife","floor":27},{"not_picked":["Clothesline","Calculated Gamble+1"],"picked":"CarveReality","floor":30},{"not_picked":["Rebound","Dash","Inflame+1"],"picked":"Singing Bowl","floor":31},{"not_picked":["Heavy Blade+1","Clothesline+1","Sucker Punch"],"picked":"Singing Bowl","floor":32}],"player_experience":94385,"relics_obtained":[{"floor":7,"key":"Happy Flower"},{"floor":9,"key":"Toxic Egg 2"},{"floor":14,"key":"Thread and Needle"},{"floor":23,"key":"Oddly Smooth Stone"},{"floor":26,"key":"Darkstone Periapt"},{"floor":27,"key":"Dream Catcher"}],"event_choices":[{"cards_removed":["Zap"],"damage_healed":0,"gold_gain":0,"player_choice":"Card Removal","damage_taken":0,"max_hp_gain":0,"max_hp_loss":0,"event_name":"The Cleric","floor":3,"gold_loss":50},{"damage_healed":0,"gold_gain":75,"player_choice":"Gather Gold","damage_taken":11,"max_hp_gain":0,"max_hp_loss":0,"event_name":"World of Goop","floor":5,"gold_loss":0},{"damage_healed":0,"gold_gain":275,"player_choice":"Desecrate","damage_taken":0,"max_hp_gain":0,"max_hp_loss":0,"event_name":"Golden Shrine","floor":10,"gold_loss":0,"cards_obtained":["Regret"]},{"damage_healed":0,"gold_gain":0,"player_choice":"Ignored","damage_taken":0,"max_hp_gain":0,"max_hp_loss":0,"event_name":"Ghosts","floor":25,"gold_loss":0},{"damage_healed":27,"gold_gain":0,"player_choice":"Heal","damage_taken":0,"max_hp_gain":0,"max_hp_loss":0,"event_name":"The Library","floor":29,"gold_loss":0}],"is_beta":false,"boss_relics":[{"not_picked":["Black Star","Inserter"],"picked":"Cursed Key"}],"items_purged_floors":[19,22,28],"is_endless":false,"potions_floor_spawned":[7,8,12,13,21,23,30],"killed_by":"Collector","ascension_level":0}}