{"host":"qekv59dthhdg54sz","time":1609758438,"event":{"mods":["AchievementEnabler","BaseMod","Colored Map","DeckTracker","KOR Keyword Fix","Minty Spire (QoL Compilation)","Rare Cards Sparkle","StSLib","SuperFastMode"],"gold_per_floor":[118,118,118,131,148,148,73,73,73,99,99,128,157,182,182,259,259,278,296,306,324,324,359,359,370,370,370,403,421,421,440,440,514,514,528,539,272,288,307,332,332,365,365,365,127,177,194,210,210,210,210,210],"floor_reached":51,"playtime":1858,"items_purged":["Pain","Strike_G","Strike_G"],"score":1454,"play_id":"7d1267d0-760b-4e1a-94cd-a08a43361a15","local_time":"20210104200718","is_ascension_mode":true,"campfire_choices":[{"data":"Backflip","floor":6.0,"key":"SMITH"},{"data":"Neutralize","floor":8.0,"key":"SMITH"},{"data":"Noxious Fumes","floor":11.0,"key":"SMITH"},{"floor":15.0,"key":"REST"},{"data":"1","floor":24.0,"key":"LIFT"},{"data":"2","floor":27,"key":"LIFT"},{"data":"3","floor":30,"key":"LIFT"},{"floor":32,"key":"REST"},{"floor":41,"key":"REST"},{"floor":44,"key":"REST"},{"floor":49,"key":"REST"}],"circlet_count":0,"master_deck":["AscendersBane","Strike_G","Strike_G","Defend_G","Defend_G","Defend_G","Defend_G","Defend_G","Survivor","Neutralize+1","Masterful Stab+1","Backflip+1","Backstab+1","Noxious Fumes+1","PiercingWail","Bouncing Flask","After Image","Blur","Backflip","Flechettes","Acrobatics","Bouncing Flask+1","Footwork+1","Prepared+1","Burst"],"relics":["Ring of the Snake","NeowsBlessing","WarpedTongs","WingedGreaves","PreservedInsect","Ancient Tea Set","Girya","Ornamental Fan","Fusion Hammer","Oddly Smooth Stone","Mercury Hourglass","Singing Bowl","SacredBark","OrangePellets","Whetstone","The Courier","Gremlin Horn","Lizard Tail"],"acts_visited":["Exordium","TheCity","TheBeyond"],"potions_floor_usage":[33,36,39,50,50],"damage_taken":[{"damage":0.0,"enemies":"Jaw Worm","floor":1.0,"turns":1.0},{"damage":2.0,"enemies":"Small Slimes","floor":4.0,"turns":1.0},{"damage":0.0,"enemies":"Cultist","floor":5.0,"turns":1.0},{"damage":19.0,"enemies":"3 Sentries","floor":10.0,"turns":11.0},{"damage":2.0,"enemies":"Lagavulin","floor":12.0,"turns":5.0},{"damage":7.0,"enemies":"3 Sentries","floor":13.0,"turns":6.0},{"damage":7.0,"enemies":"Lagavulin","floor":14.0,"turns":6.0},{"damage":29.0,"enemies":"Slime Boss","floor":16.0,"turns":9.0},{"damage":8.0,"enemies":"2 Thieves","floor":18.0,"turns":5.0},{"damage":1.0,"enemies":"3 Byrds","floor":19.0,"turns":5.0},{"damage":10.0,"enemies":"Snake Plant","floor":20.0,"turns":5.0},{"damage":0.0,"enemies":"Centurion and Healer","floor":21.0,"turns":7.0},{"damage":3.0,"enemies":"Book of Stabbing","floor":23.0,"turns":5.0},{"damage":0,"enemies":"Snecko","floor":25,"turns":4},{"damage":1,"enemies":"Gremlin Leader","floor":28,"turns":4},{"damage":5,"enemies":"Snake Plant","floor":29,"turns":4},{"damage":0,"enemies":"Shelled Parasite and Fungi","floor":31,"turns":5},{"damage":10,"enemies":"Automaton","floor":33,"turns":11},{"damage":3,"enemies":"3 Shapes","floor":35,"turns":7},{"damage":0,"enemies":"Orb Walker","floor":36,"turns":3},{"damage":0,"enemies":"Maw","floor":38,"turns":6},{"damage":27,"enemies":"Transient","floor":39,"turns":6},{"damage":49,"enemies":"Nemesis","floor":40,"turns":7},{"damage":23,"enemies":"Giant Head","floor":42,"turns":8},{"damage":28,"enemies":"2 Orb Walkers","floor":46,"turns":6},{"damage":8,"enemies":"Sphere and 2 Shapes","floor":47,"turns":5},{"damage":0,"enemies":"Maw","floor":48,"turns":6},{"damage":32,"enemies":"Donu and Deca","floor":50,"turns":13},{"damage":16,"enemies":"Time Eater","floor":51,"turns":10}],"seed_played":"-1279605991754543990","potions_obtained":[{"floor":5.0,"key":"AttackPotion"},{"floor":16.0,"key":"FearPotion"},{"floor":20.0,"key":"SpeedPotion"},{"floor":23.0,"key":"FairyPotion"},{"floor":25,"key":"BlessingOfTheForge"},{"floor":28,"key":"DistilledChaos"},{"floor":35,"key":"LiquidMemories"},{"floor":38,"key":"DistilledChaos"},{"floor":46,"key":"Dexterity Potion"},{"floor":47,"key":"CunningPotion"}],"is_trial":false,"path_per_floor":["M","?","?","M","M","R","$","R","T","E","R","E","E","E","R","B",null,"M","M","M","M","?","E","R","M","T","R","E","M","R","M","R","B",null,"M","M","$","M","M","E","R","E","T","R","$","?","M","M","R","B","B"],"character_chosen":"THE_SILENT","items_purchased":["OrangePellets","Burst"],"campfire_rested":5,"item_purchase_floors":[37,45],"current_hp_per_floor":[59,59,59,57,57,57,57,57,57,38,38,36,29,22,41,12,53,45,44,34,34,34,31,31,31,31,31,32,29,29,29,50,42,65,62,64,64,66,41,39,62,39,39,62,62,36,30,32,57,25,9,9],"gold":210,"neow_bonus":"THREE_ENEMY_KILL","is_daily":false,"chose_seed":false,"campfire_upgraded":3,"win_rate":0.0,"timestamp":1609758438,"path_taken":["M","?","?","?","M","R","$","R","T","E","R","E","E","E","R","BOSS","M","?","?","M","?","E","R","M","T","R","E","M","R","M","R","BOSS","M","M","$","M","M","E","R","E","T","R","$","?","M","M","R","BOSS","BOSS"],"items_purchased_type":["Relic","Card"],"build_version":"2020-12-22","purchased_purges":3,"victory":false,"max_hp_per_floor":[66,66,66,66,66,66,66,66,66,66,66,66,66,66,66,66,66,66,66,66,66,66,66,66,66,66,66,68,70,70,70,70,72,72,72,74,74,76,78,78,78,78,78,78,78,80,82,84,84,84,84,84],"card_choices":[{"not_picked":["Sucker Punch","Dagger Throw"],"picked":"Masterful Stab","floor":1.0},{"not_picked":["Underhanded Strike","Backstab"],"picked":"Backflip","floor":4.0},{"not_picked":["Quick Slash","Reflex"],"picked":"Backstab","floor":5.0},{"not_picked":["Backstab","Doppelganger"],"picked":"Noxious Fumes","floor":10.0},{"not_picked":["Cloak And Dagger","Tactician"],"picked":"PiercingWail","floor":12.0},{"not_picked":["Underhanded Strike","Caltrops","Flechettes"],"picked":"SKIP","floor":13.0},{"not_picked":["Poisoned Stab","Finisher"],"picked":"Bouncing Flask","floor":14.0},{"not_picked":["Wraith Form v2","Phantasmal Killer"],"picked":"After Image","floor":16.0},{"not_picked":["Blade Dance","Heel Hook+1"],"picked":"Blur","floor":18.0},{"not_picked":["Outmaneuver","Acrobatics"],"picked":"Backflip","floor":19.0},{"not_picked":["Poisoned Stab","Tactician"],"picked":"Flechettes","floor":20.0},{"not_picked":["Finisher","Bane","Riddle With Holes"],"picked":"SKIP","floor":21.0},{"not_picked":["Reflex+1","PiercingWail","Leg Sweep"],"picked":"SKIP","floor":23.0},{"not_picked":["Flying Knee","Noxious Fumes","Underhanded Strike"],"picked":"SKIP","floor":25},{"not_picked":["Sucker Punch+1","Finisher","Infinite Blades"],"picked":"Singing Bowl","floor":28},{"not_picked":["Flying Knee","Dagger Spray+1","Deadly Poison"],"picked":"Singing Bowl","floor":29},{"not_picked":["Dash","Dodge and Roll"],"picked":"Acrobatics","floor":31},{"not_picked":["Malaise","Venomology","Bullet Time"],"picked":"Singing Bowl","floor":33},{"not_picked":["Deflect+1","Endless Agony"],"picked":"Bouncing Flask+1","floor":35},{"not_picked":["Blade Dance","Deadly Poison","Sucker Punch"],"picked":"Singing Bowl","floor":36},{"not_picked":["Backstab+1","PiercingWail+1","Dodge and Roll"],"picked":"Singing Bowl","floor":38},{"not_picked":["Skewer","PiercingWail","Dagger Throw"],"picked":"Singing Bowl","floor":39},{"not_picked":["Skewer","Accuracy"],"picked":"Footwork+1","floor":40},{"not_picked":["Flechettes","Blade Dance+1"],"picked":"Prepared+1","floor":42},{"not_picked":["PiercingWail","Slice+1","Dagger Throw"],"picked":"Singing Bowl","floor":46},{"not_picked":["Backflip","Slice+1","Poisoned Stab"],"picked":"Singing Bowl","floor":47},{"not_picked":["Footwork+1","Riddle With Holes","PiercingWail+1"],"picked":"Singing Bowl","floor":48}],"player_experience":752579,"relics_obtained":[{"floor":9.0,"key":"WingedGreaves"},{"floor":10.0,"key":"PreservedInsect"},{"floor":12.0,"key":"Ancient Tea Set"},{"floor":13.0,"key":"Girya"},{"floor":14.0,"key":"Ornamental Fan"},{"floor":23.0,"key":"Oddly Smooth Stone"},{"floor":26,"key":"Mercury Hourglass"},{"floor":28,"key":"Singing Bowl"},{"floor":40,"key":"Whetstone"},{"floor":42,"key":"The Courier"},{"floor":43,"key":"Gremlin Horn"},{"floor":46,"key":"Lizard Tail"}],"event_choices":[{"cards_removed":["Strike_G"],"damage_healed":0.0,"max_hp_gain":0.0,"max_hp_loss":0.0,"gold_gain":0.0,"event_name":"Living Wall","player_choice":"Forget","floor":2.0,"gold_loss":0.0,"damage_taken":0.0},{"damage_healed":0.0,"max_hp_gain":0.0,"max_hp_loss":0.0,"gold_gain":0.0,"event_name":"Accursed Blacksmith","player_choice":"Rummage","floor":3.0,"gold_loss":0.0,"damage_taken":0.0,"relics_obtained":["WarpedTongs"],"cards_obtained":["Pain"]},{"damage_healed":0.0,"max_hp_gain":0.0,"max_hp_loss":0.0,"gold_gain":0.0,"event_name":"Ghosts","player_choice":"Ignored","floor":22.0,"gold_loss":0.0,"damage_taken":0.0},{"damage_healed":0,"gold_gain":0,"player_choice":"Fight","damage_taken":0,"max_hp_gain":0,"max_hp_loss":0,"event_name":"Mysterious Sphere","floor":46,"gold_loss":0}],"is_beta":false,"boss_relics":[{"not_picked":["HoveringKite","Philosopher\u0027s Stone"],"picked":"Fusion Hammer"},{"not_picked":["Busted Crown","Runic Dome"],"picked":"SacredBark"}],"items_purged_floors":[7,37,45],"is_endless":false,"potions_floor_spawned":[5,16,20,23,25,28,35,38,46,47],"killed_by":"Time Eater","ascension_level":20}}