{"host":"sav7uxregyirlf69","time":1609771139,"event":{"mods":["AchievementEnabler","BaseMod","Colored Map","DeckTracker","Keyboard Shortcuts","Minty Spire (QoL Compilation)","READ ME - Guardian Mod","StSLib","SuperFastMode"],"gold_per_floor":[369,294,294,294,32,32,50,62,62,62,82,82,82,82,82,159,159,159,159],"floor_reached":18,"playtime":310,"items_purged":["Pain","Strike_G"],"score":296,"play_id":"1cecb83e-e512-4eaf-8379-9ffffe0fa5bc","local_time":"20210104233859","is_ascension_mode":true,"campfire_choices":[{"data":"Noxious Fumes","floor":6.0,"key":"SMITH"},{"data":"Skewer","floor":10.0,"key":"SMITH"},{"data":"Bouncing Flask","floor":12.0,"key":"SMITH"},{"data":"Well Laid Plans","floor":15.0,"key":"SMITH"}],"circlet_count":0,"master_deck":["AscendersBane","Strike_G","Strike_G","Defend_G","Defend_G","Defend_G","Defend_G","Survivor","Neutralize","Bouncing Flask+1","Deflect","Reflex","Noxious Fumes+1","Skewer+1","Well Laid Plans+1","Grand Finale"],"relics":["Ring of the Snake","Mango","Philosopher\u0027s Stone"],"acts_visited":["Exordium","TheCity"],"potions_floor_usage":[],"damage_taken":[{"damage":12.0,"enemies":"Jaw Worm","floor":1.0,"turns":5.0},{"damage":0.0,"enemies":"2 Louse","floor":7.0,"turns":4.0},{"damage":0.0,"enemies":"Cultist","floor":8.0,"turns":4.0},{"damage":4.0,"enemies":"Looter","floor":11.0,"turns":4.0},{"damage":34.0,"enemies":"Slime Boss","floor":16.0,"turns":9.0},{"damage":64,"enemies":"3 Byrds","floor":18,"turns":4}],"seed_played":"7270138628330966784","potions_obtained":[{"floor":1.0,"key":"Poison Potion"},{"floor":7.0,"key":"PowerPotion"},{"floor":11.0,"key":"AttackPotion"}],"is_trial":false,"path_per_floor":["M","$","?","?","$","R","M","M","T","R","M","R","$","?","R","B",null,"M"],"character_chosen":"THE_SILENT","items_purchased":["Reflex","Noxious Fumes"],"campfire_rested":0,"item_purchase_floors":[5,5],"current_hp_per_floor":[47,47,40,40,40,40,40,40,54,54,50,50,50,50,50,16,64,0,0],"gold":159,"neow_bonus":"TWO_FIFTY_GOLD","is_daily":false,"chose_seed":false,"campfire_upgraded":4,"win_rate":0.0,"timestamp":1609771139,"path_taken":["M","$","?","?","$","R","M","M","T","R","M","R","$","?","R","BOSS","M"],"items_purchased_type":["Card","Card"],"build_version":"2020-12-22","purchased_purges":2,"victory":false,"max_hp_per_floor":[66,66,66,66,66,66,66,66,80,80,80,80,80,80,80,80,80,80,80],"card_choices":[{"not_picked":["Dagger Throw","Riddle With Holes"],"picked":"Bouncing Flask","floor":1.0},{"not_picked":["Underhanded Strike","Reflex"],"picked":"Skewer","floor":7.0},{"not_picked":["Riddle With Holes","Prepared"],"picked":"Well Laid Plans","floor":8.0},{"not_picked":["Skewer","Dodge and Roll","Footwork"],"picked":"SKIP","floor":11.0},{"not_picked":["Doppelganger","Envenom"],"picked":"Grand Finale","floor":16.0}],"player_experience":1138706,"relics_obtained":[{"floor":9.0,"key":"Mango"}],"event_choices":[{"cards_removed":["Strike_G"],"damage_healed":0.0,"max_hp_gain":0.0,"max_hp_loss":0.0,"gold_gain":0.0,"event_name":"Golden Wing","player_choice":"Card Removal","floor":3.0,"gold_loss":0.0,"damage_taken":7.0},{"damage_healed":0.0,"max_hp_gain":0.0,"max_hp_loss":0.0,"gold_gain":0.0,"cards_transformed":["Strike_G"],"event_name":"Living Wall","player_choice":"Change","floor":4.0,"gold_loss":0.0,"damage_taken":0.0,"cards_obtained":["Deflect"]},{"cards_removed":["Defend_G"],"damage_healed":0.0,"max_hp_gain":0.0,"max_hp_loss":0.0,"gold_gain":0.0,"event_name":"Purifier","player_choice":"Purged","floor":14.0,"gold_loss":0.0,"damage_taken":0.0}],"is_beta":false,"boss_relics":[{"not_picked":["Ring of the Serpent","Snecko Eye"],"picked":"Philosopher\u0027s Stone"}],"items_purged_floors":[2,5],"is_endless":false,"potions_floor_spawned":[1,7,8,11],"killed_by":"3 Byrds","ascension_level":20}}