{"host":"46dxij13gllk3u9t","time":1609795633,"event":{"mods":["BaseMod","Beaked The Cultist","Better Note","BetterRewards","Colored Powertips","Custom Start","Minty Spire (QoL Compilation)","Relic Sorter","Shop Mod","StSLib","The IronCluck","slay the spire mod where everything is the same but ironclad has a cowboy hat"],"gold_per_floor":[109,127,142,142,153,188,41,41,93,124,124,124,186,220,220,325,325,250,260,310,329,47,47,47],"floor_reached":23,"playtime":1442,"items_purged":["beaked:Ceremony","beaked:Strike_Y"],"score":309,"play_id":"abf420c5-9f82-4c5a-8935-c5e3096d3cbf","local_time":"20210104162713","is_ascension_mode":false,"campfire_choices":[{"data":"beaked:BraceForImpact","floor":11,"key":"SMITH"},{"data":"beaked:StickSmack","floor":15,"key":"SMITH"}],"circlet_count":0,"master_deck":["beaked:Strike_Y","beaked:Strike_Y","beaked:Strike_Y","beaked:Strike_Y","beaked:Strike_Y","beaked:Defend_Y","beaked:Defend_Y","beaked:Defend_Y","beaked:Defend_Y","beaked:Ceremony","beaked:Ceremony","beaked:Insight","beaked:BraceForImpact+1","beaked:BraceForImpact","beaked:SurvivalInstinct","beaked:Foresight","beaked:StickSmack+1","beaked:Flinch","beaked:HuntressSpirit","beaked:Windmill","beaked:Cower+1","beaked:Poke","Decay","beaked:VigorBurst","beaked:TuckingFeathers"],"relics":["beaked:MendingPlumage","Sundial","SsserpentHead","CultistMask","Art of War","Tiny Chest","Ice Cream","Philosopher\u0027s Stone","Membership Card","beaked:ShinyBauble"],"acts_visited":["Exordium","TheCity"],"potions_floor_usage":[18,21,23,23,23,23,23],"damage_taken":[{"damage":13,"enemies":"Cultist","floor":1,"turns":5},{"damage":12,"enemies":"Small Slimes","floor":2,"turns":8},{"damage":8,"enemies":"Jaw Worm","floor":3,"turns":6},{"damage":11,"enemies":"2 Fungi Beasts","floor":5,"turns":7},{"damage":45,"enemies":"Gremlin Nob","floor":6,"turns":6},{"damage":6,"enemies":"Lagavulin","floor":10,"turns":8},{"damage":8,"enemies":"Large Slime","floor":13,"turns":8},{"damage":45,"enemies":"Gremlin Nob","floor":14,"turns":7},{"damage":6,"enemies":"Slime Boss","floor":16,"turns":9},{"damage":28,"enemies":"2 Thieves","floor":18,"turns":5},{"damage":6,"enemies":"Shell Parasite","floor":19,"turns":6},{"damage":55,"enemies":"3 Cultists","floor":21,"turns":7},{"damage":63,"enemies":"Gremlin Leader","floor":23,"turns":4}],"seed_played":"-5963518429336136570","potions_obtained":[{"floor":3,"key":"Strength Potion"},{"floor":4,"key":"CultistPotion"},{"floor":4,"key":"LiquidBronze"},{"floor":16,"key":"EntropicBrew"},{"floor":19,"key":"SkillPotion"}],"is_trial":false,"path_per_floor":["M","M","M","?","M","E","$","?","T","E","R","$","M","E","R","B",null,"M","M","?","M","$","E"],"character_chosen":"BEAKED_THE_CULTIST","items_purchased":["beaked:Insight","beaked:Flinch","Membership Card","beaked:ShinyBauble","beaked:TuckingFeathers"],"campfire_rested":0,"item_purchase_floors":[0,7,22,22,22],"current_hp_per_floor":[39,50,50,50,50,15,15,15,15,42,42,42,50,18,18,49,50,39,50,50,28,28,0,0],"gold":47,"neow_bonus":"","is_daily":false,"chose_seed":false,"campfire_upgraded":2,"win_rate":0.0,"timestamp":1609795633,"path_taken":["M","?","M","?","M","E","?","?","T","E","R","$","?","E","R","BOSS","M","M","?","M","$","E"],"items_purchased_type":["Card","Card","Relic","Relic","Card"],"build_version":"2020-12-22","purchased_purges":2,"victory":false,"max_hp_per_floor":[50,50,50,50,50,50,50,50,50,50,50,50,50,50,50,50,50,50,50,50,55,55,55,55],"card_choices":[{"not_picked":["beaked:FeelMyPain","beaked:DigDeep"],"picked":"beaked:BraceForImpact","floor":1},{"not_picked":["beaked:Molting","beaked:HuntressEssence"],"picked":"beaked:BraceForImpact","floor":2},{"not_picked":["beaked:Redirect","beaked:Evade"],"picked":"beaked:SurvivalInstinct","floor":3},{"not_picked":["beaked:Tweet","beaked:FullHouse"],"picked":"beaked:Foresight","floor":5},{"not_picked":["beaked:Tweet","beaked:Tradeoff"],"picked":"beaked:StickSmack","floor":6},{"not_picked":["beaked:MachineEssence","beaked:CheekyTricks"],"picked":"beaked:HuntressSpirit","floor":10},{"not_picked":["beaked:Daydream","beaked:Pecker","beaked:SurvivalInstinct"],"picked":"SKIP","floor":13},{"not_picked":["beaked:BraceForImpact","beaked:Sacrifice"],"picked":"beaked:Windmill","floor":14},{"not_picked":["beaked:StickSmack","beaked:Flinch"],"picked":"beaked:Cower+1","floor":18},{"not_picked":["beaked:DigDeep","beaked:Tradeoff+1"],"picked":"beaked:Poke","floor":19},{"not_picked":["beaked:Cower+1","beaked:CursingBlood+1"],"picked":"beaked:VigorBurst","floor":21}],"player_experience":359976,"relics_obtained":[{"floor":6,"key":"Sundial"},{"floor":9,"key":"Art of War"},{"floor":10,"key":"Tiny Chest"},{"floor":14,"key":"Ice Cream"}],"event_choices":[{"damage_healed":0,"gold_gain":0,"player_choice":"Got Potions","damage_taken":0,"max_hp_gain":0,"max_hp_loss":0,"event_name":"Lab","floor":4,"gold_loss":0},{"damage_healed":0,"gold_gain":0,"player_choice":"Trade","damage_taken":0,"relics_obtained":["SsserpentHead"],"max_hp_gain":0,"max_hp_loss":0,"event_name":"FaceTrader","floor":8,"gold_loss":0},{"damage_healed":0,"gold_gain":0,"player_choice":"Cursed","damage_taken":0,"max_hp_gain":0,"max_hp_loss":0,"event_name":"Wheel of Change","floor":20,"gold_loss":0,"cards_obtained":["Decay"]}],"is_beta":false,"boss_relics":[{"not_picked":["beaked:FlawlessSticks","beaked:MawFillet"],"picked":"Philosopher\u0027s Stone"}],"items_purged_floors":[0,7],"is_endless":false,"potions_floor_spawned":[3,10,13,16,19],"killed_by":"Gremlin Leader","ascension_level":0}}