{"host":"ik8ww1p4uabx5gam","time":1609799666,"event":{"mods":["Always Whale","Aspiration","BaseMod","Better Third Choice","BetterRewards","Colored Map","Conspire","Energized Spire","FetchMod","Hubris","Infinite Spire","Jedi Mod","Minty Spire (QoL Compilation)","Random Character Button","Replay The Spire","Shop Mod","Spicy Shops","Spikes Relics","StSLib","The Blue Laboratory","Wandering Minibosses","??????REMEMod"],"gold_per_floor":[119,119,119,32,32,32,59,77,77,89,89,105,105,105,105,210,210,221,221,20,40,40,40,40],"floor_reached":23,"playtime":2095,"items_purged":["Strike_P"],"score":196,"play_id":"0ef97bec-f76a-4086-bfc9-77273715393a","local_time":"20210104163426","is_ascension_mode":true,"campfire_choices":[{"floor":6,"key":"REST"},{"data":"ReplayTheSpireMod:Private Reserves","floor":11,"key":"SMITH"},{"floor":15,"key":"REST"}],"circlet_count":0,"master_deck":["Strike_P+1","Strike_P","Strike_P","Defend_P+1","Defend_P+1","Defend_P+1","Defend_P+1","Eruption+1","Vigilance+1","jedi:studyshivs+1","Pray+1","ReplayTheSpireMod:Private Reserves+1","Indignation+1","Swivel+1","FlurryOfBlows","REME_Repentance+1","Establishment+1","WheelKick+1","RitualDagger","Adaptation+1","Trip","Prostrate+1","hubris:InfiniteBlow+3"],"relics":["PureWater","REME_ComplimentaryCards","Toy Ornithopter","jedi:Pinwheel","Frozen Egg 2","aspiration:RandomNobGenerator","Replay:Wax Seal"],"acts_visited":["Exordium","TheCity"],"potions_floor_usage":[10,12,16,21,21],"damage_taken":[{"damage":65,"enemies":"Cultist","floor":1,"turns":9},{"damage":16,"enemies":"Lagavulin","floor":7,"turns":7},{"damage":5,"enemies":"Small Slimes","floor":8,"turns":2},{"damage":0,"enemies":"Jaw Worm","floor":10,"turns":3},{"damage":4,"enemies":"Looter","floor":12,"turns":5},{"damage":14,"enemies":"Fading Forest","floor":16,"turns":11},{"damage":18,"enemies":"Shell Parasite","floor":18,"turns":6},{"damage":4,"enemies":"2 Thieves","floor":21,"turns":3},{"damage":56,"enemies":"Book of Stabbing","floor":23,"turns":3}],"seed_played":"-6899488336931771340","potions_obtained":[{"floor":7,"key":"EssenceOfSteel"},{"floor":8,"key":"blueLaboratory:LouseDecoction"},{"floor":12,"key":"LifebloodPotion"},{"floor":16,"key":"blueLaboratory:BottleOfRum"},{"floor":18,"key":"LifebloodPotion"},{"floor":21,"key":"blueLaboratory:AlphaPotion"}],"is_trial":false,"path_per_floor":["M","?","?","$","$","R","E","M","T","M","R","M","?","T","R","B",null,"M","?","$","M","AVR","E"],"character_chosen":"WATCHER","items_purchased":["ReplayTheSpireMod:Private Reserves","Adaptation+1","Trip"],"campfire_rested":2,"item_purchase_floors":[4,20,20],"current_hp_per_floor":[7,7,7,7,7,28,12,7,7,12,12,13,13,13,34,45,72,54,48,48,54,54,0,0],"gold":40,"neow_bonus":"RANDOM_COMMON_RELIC","is_daily":false,"chose_seed":false,"campfire_upgraded":1,"win_rate":0.0,"timestamp":1609799666,"path_taken":["M","?","?","?","$","R","E","M","T","?","R","?","?","?","R","BOSS","M","?","$","M","AVR","E"],"items_purchased_type":["Card","Card","Card"],"build_version":"2020-12-22","purchased_purges":1,"victory":false,"max_hp_per_floor":[72,72,72,72,72,72,72,72,72,72,72,72,72,72,72,72,72,72,72,72,72,72,72,72],"card_choices":[{"not_picked":["SashWhip","ClearTheMind"],"picked":"Pray","floor":1},{"not_picked":["Pray","JustLucky"],"picked":"Indignation","floor":7},{"not_picked":["REME_MusicOfDeath","SashWhip"],"picked":"Swivel","floor":8},{"not_picked":["Meditate","Swivel"],"picked":"FlurryOfBlows","floor":10},{"not_picked":["Replay:ManipulateFuture","FlyingSleeves"],"picked":"REME_Repentance","floor":12},{"not_picked":["DevaForm+1","LessonLearned"],"picked":"Establishment+1","floor":16},{"not_picked":["Pray","EmptyFist"],"picked":"WheelKick+1","floor":18},{"not_picked":["Replay:AtTheReady","PathToVictory"],"picked":"Prostrate+1","floor":21}],"player_experience":928060,"relics_obtained":[{"floor":7,"key":"Nunchaku"},{"floor":9,"key":"jedi:Pinwheel"},{"floor":14,"key":"Frozen Egg 2"}],"event_choices":[{"damage_healed":0,"gold_gain":0,"player_choice":"Grow","damage_taken":0,"max_hp_gain":0,"max_hp_loss":0,"event_name":"Living Wall","floor":2,"gold_loss":0,"cards_upgraded":["Eruption"]},{"damage_healed":0,"gold_gain":0,"player_choice":"Dagger","damage_taken":6,"max_hp_gain":0,"max_hp_loss":0,"event_name":"betterThird:BetterNest","floor":19,"gold_loss":0,"cards_obtained":["RitualDagger"]}],"is_beta":false,"boss_relics":[{"not_picked":["Empty Cage","Philosopher\u0027s Stone"],"picked":"aspiration:RandomNobGenerator"}],"items_purged_floors":[22],"is_endless":false,"potions_floor_spawned":[7,8,12,16,18,21],"killed_by":"Book of Stabbing","ascension_level":1}}