{"host":"oknzaotplmnl5xaf","time":1609785723,"event":{"mods":["BaseMod","Colored Map","Highlight Path","Minty Spire (QoL Compilation)","Permanent Neow","Quick Restart","Relic Stats","Slay-I"],"gold_per_floor":[109,109,109,120,139,139,182,182,182,194,249,261,312,351,363,375,375],"floor_reached":16,"playtime":728,"items_purged":[],"score":236,"play_id":"53c0d4ff-cf54-4afe-9375-811356d518c7","local_time":"20210104134203","is_ascension_mode":true,"campfire_choices":[{"data":"Neutralize","floor":6,"key":"SMITH"},{"data":"Tactician","floor":12,"key":"SMITH"},{"data":"Calculated Gamble","floor":15,"key":"SMITH"}],"circlet_count":0,"master_deck":["AscendersBane","Strike_G","Strike_G","Strike_G","Strike_G","Strike_G","Defend_G","Defend_G","Defend_G","Defend_G","Defend_G","Survivor","Neutralize+1","Dagger Throw","Sucker Punch","Tactician+1","Underhanded Strike","Leg Sweep","Venomology","Blade Dance","Calculated Gamble+1"],"relics":["Ring of the Snake","Question Card","CeramicFish","MawBank","Omamori","Kunai"],"acts_visited":["Exordium"],"potions_floor_usage":[11,13,14,16],"damage_taken":[{"damage":1,"enemies":"Jaw Worm","floor":1,"turns":4},{"damage":0,"enemies":"2 Louse","floor":4,"turns":2},{"damage":0,"enemies":"Cultist","floor":5,"turns":4},{"damage":37,"enemies":"3 Sentries","floor":7,"turns":12},{"damage":21,"enemies":"Gremlin Nob","floor":11,"turns":4},{"damage":17,"enemies":"Lagavulin","floor":13,"turns":6},{"damage":0,"enemies":"Exordium Wildlife","floor":14,"turns":3},{"damage":30,"enemies":"The Guardian","floor":16,"turns":12}],"seed_played":"8855282123773341051","potions_obtained":[{"floor":4,"key":"CultistPotion"},{"floor":5,"key":"FearPotion"},{"floor":13,"key":"Energy Potion"}],"is_trial":false,"path_per_floor":["M","?","T","M","M","R","E","?","T","$","E","R","E","M","R","B"],"character_chosen":"THE_SILENT","items_purchased":[],"campfire_rested":0,"item_purchase_floors":[],"current_hp_per_floor":[58,58,58,58,58,58,21,66,66,66,45,45,28,28,28,0,0],"gold":375,"neow_bonus":"THREE_CARDS","is_daily":false,"chose_seed":false,"campfire_upgraded":3,"win_rate":0.0,"timestamp":1609785723,"path_taken":["M","?","?","M","M","R","E","?","T","$","E","R","E","?","R","BOSS"],"items_purchased_type":[],"build_version":"2020-12-22","purchased_purges":0,"victory":false,"max_hp_per_floor":[66,66,66,66,66,66,66,66,66,66,66,66,66,66,66,66,66],"relic_stats":{"counters":[8,47],"CeramicFish":36,"Kunai":[8],"Question Card":6,"MawBank":84,"obtain_stats":[{"CeramicFish":7,"Omamori":11,"Kunai":13,"Question Card":3,"MawBank":9,"Ring of the Snake":0},{"CeramicFish":4,"Omamori":5,"Kunai":6,"Question Card":1,"MawBank":4,"Ring of the Snake":0},{"CeramicFish":22,"Omamori":26,"Kunai":32,"Question Card":4,"MawBank":22,"Ring of the Snake":0}],"Ring of the Snake":[16]},"card_choices":[{"not_picked":["Blur","Sucker Punch"],"picked":"Dagger Throw","floor":0},{"not_picked":["Acrobatics","Quick Slash"],"picked":"Sucker Punch","floor":1},{"not_picked":["Sucker Punch","Underhanded Strike","Prepared"],"picked":"Tactician","floor":4},{"not_picked":["Sucker Punch","Acrobatics","Deadly Poison"],"picked":"Underhanded Strike","floor":5},{"not_picked":["Infinite Blades","Acrobatics","Underhanded Strike"],"picked":"Leg Sweep","floor":7},{"not_picked":["Flying Knee","PiercingWail","Predator"],"picked":"Venomology","floor":11},{"not_picked":["Dagger Throw","Backstab","Setup"],"picked":"Blade Dance","floor":13},{"not_picked":["Eviscerate","Poisoned Stab","Concentrate"],"picked":"Calculated Gamble","floor":14}],"player_experience":1399853,"relics_obtained":[{"floor":3,"key":"Question Card"},{"floor":7,"key":"CeramicFish"},{"floor":9,"key":"MawBank"},{"floor":11,"key":"Omamori"},{"floor":13,"key":"Kunai"}],"event_choices":[{"damage_healed":0,"gold_gain":0,"player_choice":"Ignored","damage_taken":0,"max_hp_gain":0,"max_hp_loss":0,"event_name":"Liars Game","floor":2,"gold_loss":0},{"damage_healed":45,"gold_gain":0,"player_choice":"Full Heal","damage_taken":0,"max_hp_gain":0,"max_hp_loss":0,"event_name":"Wheel of Change","floor":8,"gold_loss":0}],"is_beta":false,"boss_relics":[],"items_purged_floors":[],"is_endless":false,"potions_floor_spawned":[4,5,7,13],"killed_by":"The Guardian","ascension_level":20}}