{"host":"oknzaotplmnl5xaf","time":1609788075,"event":{"mods":["BaseMod","Colored Map","Highlight Path","Minty Spire (QoL Compilation)","Permanent Neow","Quick Restart","Relic Stats","Slay-I"],"gold_per_floor":[113,124,142,153,171,198,168,168,168,198,7,19,38,38,38,117,117,137,154,154,154,154],"floor_reached":21,"playtime":1006,"items_purged":[],"score":436,"play_id":"b2363e2c-8c2a-46ac-ac62-8500da9bda1d","local_time":"20210104142115","is_ascension_mode":true,"campfire_choices":[{"data":"Blade Dance","floor":8,"key":"SMITH"},{"data":"Neutralize","floor":15,"key":"SMITH"}],"circlet_count":0,"master_deck":["AscendersBane","Strike_G","Strike_G","Strike_G","Strike_G","Strike_G","Defend_G","Defend_G","Defend_G","Defend_G","Defend_G","Survivor","Neutralize+1","Quick Slash","Prepared","Cloak And Dagger","Blade Dance+1","Finisher","Acrobatics","Heel Hook","Dodge and Roll","Crippling Poison","Tactician","Tools of the Trade"],"relics":["Coffee Dripper","Ornamental Fan","StoneCalendar","Bottled Flame","ClockworkSouvenir","SlaversCollar"],"acts_visited":["Exordium","TheCity"],"potions_floor_usage":[4,6,6,10,16,16,21,21],"damage_taken":[{"damage":1,"enemies":"Cultist","floor":1,"turns":5},{"damage":4,"enemies":"Jaw Worm","floor":2,"turns":4},{"damage":0,"enemies":"2 Louse","floor":3,"turns":2},{"damage":22,"enemies":"Gremlin Gang","floor":4,"turns":6},{"damage":1,"enemies":"Looter","floor":5,"turns":4},{"damage":7,"enemies":"Lagavulin","floor":6,"turns":8},{"damage":0,"enemies":"3 Sentries","floor":10,"turns":4},{"damage":2,"enemies":"3 Louse","floor":12,"turns":4},{"damage":0,"enemies":"Exordium Wildlife","floor":13,"turns":3},{"damage":10,"enemies":"Hexaghost","floor":16,"turns":7},{"damage":21,"enemies":"Shell Parasite","floor":18,"turns":5},{"damage":15,"enemies":"Spheric Guardian","floor":19,"turns":7},{"damage":25,"enemies":"Snake Plant","floor":21,"turns":4}],"seed_played":"1012977744216663468","potions_obtained":[{"floor":2,"key":"GhostInAJar"},{"floor":4,"key":"Regen Potion"},{"floor":5,"key":"ColorlessPotion"},{"floor":7,"key":"BlessingOfTheForge"},{"floor":7,"key":"Fruit Juice"},{"floor":13,"key":"CunningPotion"},{"floor":16,"key":"LiquidBronze"},{"floor":18,"key":"Explosive Potion"}],"is_trial":false,"path_per_floor":["M","M","M","M","M","E","?","R","T","E","$","M","M","$","R","B",null,"M","M","?","M"],"character_chosen":"THE_SILENT","items_purchased":["ClockworkSouvenir","Dodge and Roll"],"campfire_rested":0,"item_purchase_floors":[11,11],"current_hp_per_floor":[58,54,54,32,31,39,39,39,39,39,39,37,37,37,37,32,61,40,25,19,0,0],"gold":154,"neow_bonus":"BOSS_RELIC","is_daily":false,"chose_seed":false,"campfire_upgraded":2,"win_rate":0.0,"timestamp":1609788075,"path_taken":["M","M","?","M","M","E","?","R","T","E","$","M","?","?","R","BOSS","M","M","?","?"],"items_purchased_type":["Relic","Card"],"build_version":"2020-12-22","purchased_purges":0,"victory":false,"max_hp_per_floor":[66,66,66,66,66,66,66,66,66,66,66,66,66,66,66,71,71,71,71,71,71,71],"relic_stats":{"counters":[13,63],"Ornamental Fan":[128],"StoneCalendar":[58],"obtain_stats":[{"SlaversCollar":17,"Bottled Flame":10,"Ornamental Fan":6,"StoneCalendar":9,"Coffee Dripper":0,"Ring of the Snake":0,"ClockworkSouvenir":11},{"SlaversCollar":10,"Bottled Flame":7,"Ornamental Fan":6,"StoneCalendar":6,"Coffee Dripper":0,"Ring of the Snake":0,"ClockworkSouvenir":7},{"SlaversCollar":47,"Bottled Flame":33,"Ornamental Fan":29,"StoneCalendar":29,"Coffee Dripper":0,"Ring of the Snake":0,"ClockworkSouvenir":33}]},"card_choices":[{"not_picked":["Slice","Prepared"],"picked":"Quick Slash","floor":1},{"not_picked":["Reflex","Catalyst"],"picked":"Prepared","floor":2},{"not_picked":["Underhanded Strike","Sucker Punch"],"picked":"Cloak And Dagger","floor":3},{"not_picked":["Deadly Poison","Terror"],"picked":"Blade Dance","floor":4},{"not_picked":["All Out Attack","Dodge and Roll"],"picked":"Finisher","floor":5},{"not_picked":["Grand Finale","Noxious Fumes"],"picked":"Acrobatics","floor":6},{"not_picked":["Poisoned Stab","Outmaneuver"],"picked":"Heel Hook","floor":10},{"not_picked":["Skewer","Prepared"],"picked":"Crippling Poison","floor":12},{"not_picked":["All Out Attack","Outmaneuver"],"picked":"Tactician","floor":13},{"not_picked":["Adrenaline","Corpse Explosion"],"picked":"Tools of the Trade","floor":16},{"not_picked":["Deflect","Dodge and Roll","Finisher"],"picked":"SKIP","floor":18},{"not_picked":["Deadly Poison","Caltrops","Choke"],"picked":"SKIP","floor":19}],"player_experience":1399853,"relics_obtained":[{"floor":6,"key":"Ornamental Fan"},{"floor":9,"key":"StoneCalendar"},{"floor":10,"key":"Bottled Flame"}],"event_choices":[{"damage_healed":0,"gold_gain":0,"player_choice":"Bought 2 Potions","damage_taken":0,"max_hp_gain":0,"max_hp_loss":0,"event_name":"The Woman in Blue","floor":7,"gold_loss":0},{"damage_healed":0,"gold_gain":0,"player_choice":"","damage_taken":6,"max_hp_gain":0,"max_hp_loss":0,"event_name":"Knowing Skull","floor":20,"potions_obtained":[],"gold_loss":0,"cards_obtained":[]}],"is_beta":false,"boss_relics":[{"not_picked":["Tiny House","Ectoplasm"],"picked":"SlaversCollar"}],"items_purged_floors":[],"is_endless":false,"potions_floor_spawned":[2,4,5,13,16,18],"killed_by":"Snake Plant","ascension_level":20}}