{"host":"wy5pcbg592uilh9l","time":1609744934,"event":{"mods":["AchievementEnabler","BaseMod","BetterRewards","Hubris","Infinite Spire","Minty Spire (QoL Compilation)","Permanent Neow","Replay The Spire","StSLib"],"gold_per_floor":[110,127,127,137,137,137,137,167,167,342,358,376,409,422,422,526,526,544,544,544,544,544,574,574,590,590,590,590,590,625,638,638,733,733,752,752,771,771,771],"floor_reached":38,"playtime":2241,"items_purged":["Strike_R","Defend_R","Strike_R","Strike_R","Defend_R"],"score":686,"play_id":"a907da95-9f73-4b17-909c-4c61fb01c32e","local_time":"20210104012214","is_ascension_mode":true,"campfire_choices":[{"data":"Mayhem","floor":6,"key":"SMITH"},{"data":"Burning Pact","floor":15,"key":"SMITH"},{"floor":24,"key":"REST"},{"floor":27,"key":"REST"},{"floor":32,"key":"REST"}],"circlet_count":0,"master_deck":["Strike_R","Bash","Spot Weakness+1","Heavy Blade","Burning Pact+1","Warcry","Inflame","Shrug It Off","Heavy Blade","Regret","Whirlwind","Shrug It Off","Whirlwind","Demon Form","Pommel Strike+1","infinitespire:TheBestDefense+1","Searing Blow","True Grit","Warcry","ReplayTheSpireMod:Muscle Training"],"relics":["Burning Blood","hubris:EmptyBottle","Red Skull","BargainBundle","Dead Branch","Mirror","Omamori","ReplayTheSpireMod:Spearhead","Snack Pack","Blue Candle","SacredBark","Bag of Preparation","Centennial Puzzle","ReplayTheSpireMod:Lightbulb","Mark of Pain","Replay:Arrowhead","Empty Cage"],"acts_visited":["Exordium","TheCity","TheBeyond"],"potions_floor_usage":[8,8,8,11,13,13,16,16,23,33,33],"damage_taken":[{"damage":7,"enemies":"Small Slimes","floor":1,"turns":3},{"damage":0,"enemies":"2 Louse","floor":2,"turns":1},{"damage":6,"enemies":"Cultist","floor":4,"turns":3},{"damage":10,"enemies":"Gremlin Nob","floor":8,"turns":3},{"damage":0,"enemies":"Looter","floor":11,"turns":1},{"damage":0,"enemies":"3 Louse","floor":12,"turns":1},{"damage":18,"enemies":"Lagavulin","floor":13,"turns":4},{"damage":0,"enemies":"Lots of Slimes","floor":14,"turns":1},{"damage":20,"enemies":"The Guardian","floor":16,"turns":6},{"damage":44,"enemies":"2 Thieves","floor":18,"turns":4},{"damage":87,"enemies":"Book of Stabbing","floor":23,"turns":7},{"damage":6,"enemies":"Spheric Guardian","floor":25,"turns":4},{"damage":71,"enemies":"Slavers","floor":30,"turns":6},{"damage":19,"enemies":"Snake Plant","floor":31,"turns":4},{"damage":11,"enemies":"Collector","floor":33,"turns":8},{"damage":53,"enemies":"3 Shapes","floor":35,"turns":4},{"damage":2,"enemies":"Orb Walker","floor":37,"turns":3},{"damage":48,"enemies":"4 Shapes","floor":38,"turns":1}],"seed_played":"-4344341023759034835","potions_obtained":[{"floor":1,"key":"EssenceOfSteel"},{"floor":4,"key":"FearPotion"},{"floor":8,"key":"AttackPotion"},{"floor":13,"key":"BlessingOfTheForge"},{"floor":18,"key":"Swift Potion"},{"floor":31,"key":"LifebloodPotion"}],"is_trial":false,"path_per_floor":["M","M","$","M","?","R","?","E","T","?","M","M","E","M","R","B",null,"M","?","AVR","?","?","E","R","M","T","R","?","?","E","M","R","B",null,"M","AVR","M","M"],"character_chosen":"IRONCLAD","items_purchased":["hubris:EmptyBottle","Red Skull","Spot Weakness+1","BargainBundle","Dead Branch","Heavy Blade","Burning Pact","Warcry"],"campfire_rested":3,"item_purchase_floors":[0,0,0,0,0,0,0,0],"current_hp_per_floor":[31,37,37,37,34,34,34,30,30,30,36,42,32,38,38,26,80,42,42,42,42,90,9,36,36,36,63,90,90,25,14,41,38,90,43,43,47,0,0],"gold":771,"neow_bonus":"","is_daily":false,"chose_seed":false,"campfire_upgraded":2,"win_rate":0.0,"timestamp":1609744934,"path_taken":["M","M","$","M","?","R","?","E","T","?","M","M","E","M","R","BOSS","M","?","AVR","?","?","E","R","?","T","R","?","?","E","M","R","BOSS","M","AVR","M","M"],"items_purchased_type":["Relic","Relic","Card","Relic","Relic","Card","Card","Card"],"build_version":"2020-12-22","purchased_purges":5,"victory":false,"max_hp_per_floor":[80,80,80,80,80,80,80,80,80,80,80,80,80,80,80,80,80,80,80,80,80,90,90,90,90,90,90,90,90,90,90,90,90,90,90,90,90,90,90],"card_choices":[{"not_picked":["Wild Strike","True Grit"],"picked":"Inflame","floor":1},{"not_picked":["Berserk","Flex"],"picked":"Shrug It Off","floor":2},{"not_picked":["Thunderclap","hubris:SharpeningStone"],"picked":"Heavy Blade","floor":4},{"not_picked":["Replay:Undeath\u0027s Touch","Sword Boomerang"],"picked":"Whirlwind","floor":8},{"not_picked":["Twin Strike","Double Tap"],"picked":"Shrug It Off","floor":11},{"not_picked":["Spot Weakness","Battle Trance"],"picked":"Whirlwind","floor":12},{"not_picked":["Combust","Cleave","Dual Wield"],"picked":"SKIP","floor":13},{"not_picked":["Cleave","Demonic Infusion","Shrug It Off"],"picked":"SKIP","floor":14},{"not_picked":["Barricade","Immolate"],"picked":"Demon Form","floor":16},{"not_picked":["Clothesline","Cleave"],"picked":"Pommel Strike+1","floor":18},{"not_picked":["True Grit","Sentinel"],"picked":"Searing Blow","floor":23},{"not_picked":["Impervious","Carnage","Twin Strike"],"picked":"SKIP","floor":25},{"not_picked":["Shrug It Off","Carnage"],"picked":"Warcry","floor":30},{"not_picked":["Ghostly Armor","Dark Embrace"],"picked":"ReplayTheSpireMod:Muscle Training","floor":31},{"not_picked":["Dual Wield","Clothesline","Evolve+1"],"picked":"SKIP","floor":35},{"not_picked":["Clash","Heavy Blade","Dark Embrace+1"],"picked":"SKIP","floor":37}],"player_experience":215095,"relics_obtained":[{"floor":8,"key":"ReplayTheSpireMod:Spearhead"},{"floor":9,"key":"Snack Pack"},{"floor":13,"key":"Blue Candle"},{"floor":23,"key":"Centennial Puzzle"},{"floor":30,"key":"ReplayTheSpireMod:Lightbulb"}],"event_choices":[{"damage_healed":0,"gold_gain":0,"player_choice":"Success","damage_taken":3,"relics_obtained":["Mirror"],"max_hp_gain":0,"max_hp_loss":0,"event_name":"Scrap Ooze","floor":5,"gold_loss":0},{"damage_healed":0,"gold_gain":0,"player_choice":"Box","damage_taken":0,"relics_obtained":["Omamori"],"max_hp_gain":0,"max_hp_loss":0,"event_name":"Big Fish","floor":7,"gold_loss":0,"cards_obtained":["Regret"]},{"damage_healed":0,"gold_gain":175,"player_choice":"AGREE","damage_taken":0,"max_hp_gain":0,"max_hp_loss":0,"event_name":"Liars Game","floor":10,"gold_loss":0,"cards_obtained":["Doubt"]},{"damage_healed":0,"gold_gain":0,"player_choice":"Ignored","damage_taken":0,"max_hp_gain":0,"max_hp_loss":0,"event_name":"Vampires","floor":19,"gold_loss":0},{"cards_removed":["Mayhem"],"damage_healed":38,"gold_gain":0,"player_choice":"Offered Rare","damage_taken":0,"max_hp_gain":10,"max_hp_loss":0,"event_name":"Bonfire Elementals","floor":22,"gold_loss":0},{"damage_healed":30,"gold_gain":0,"player_choice":"Heal","damage_taken":0,"max_hp_gain":0,"max_hp_loss":0,"event_name":"The Library","floor":28,"gold_loss":0},{"damage_healed":0,"gold_gain":0,"cards_transformed":["Defend_R"],"player_choice":"Transformed","damage_taken":0,"max_hp_gain":0,"max_hp_loss":0,"event_name":"Transmorgrifier","floor":29,"gold_loss":0,"cards_obtained":["True Grit"]}],"is_beta":false,"boss_relics":[{"not_picked":["Honey Jar","ReplayTheSpireMod:SealedPack"],"picked":"SacredBark"},{"not_picked":["Runic Dome","Busted Crown"],"picked":"Mark of Pain"}],"items_purged_floors":[0,0,0,0,20],"is_endless":false,"potions_floor_spawned":[1,4,8,13,18,31],"killed_by":"4 Shapes","ascension_level":4}}