{"host":"mdxxh7xrx9vr3ma8","time":1609780006,"event":{"mods":["AchievementEnabler","Act Like it!","Aspiration","BaseMod","Beaked The Cultist","Better Altar","Better Match","Better Note","Better Sensory Stone","Better Skull","Better Third Choice","BetterRewards","CCEM","Challenge The Spire","Colored Map","Colored Powertips","Conspire","Downfall","Friendly Minions","GifTheSpireLib","Googly Eyes","Halation","Hallownest","Hermit","Hero for Fun","Highlight Path","Hubris","Hunter ??","Infinite Spire","Jedi Mod","Jorbs\u0027s Wanderer Trilogy","Lobotomy","Marisa????????","Mimic Mod","Minty Spire (QoL Compilation)","Rare Cards Sparkle","Relic Sorter","Replay The Spire","Shade Mod","Shop Mod","Spicy Shops","StSLib","Stuff the Spire","SuperFastMode","Synergy Search","The Administrix","The Animator","The Bug Knight","The Construct","The Cursed","The Disciple","The Hierophant","The IronCluck","The Mystic","The Necromancer","The Problem Sleuth","The Servant 0.9.4","The Spell Scribe","The Witch","everything is the same but u backflip on backflip","vexMod"],"gold_per_floor":[119,119,131,143,160,160,173,173,196,208,208,239,239,251,251,351,351,370,402,412,424,122,122,140,160,160,170,170,170,181,201,201,303,303,322,36,36,56,56,56,56,89,89,89,64,75,75,75,75,75],"floor_reached":51,"playtime":4919,"items_purged":[],"score":756,"play_id":"5d92c0c2-84ec-40cc-8e90-44fa60bbd232","local_time":"20210104090646","is_ascension_mode":false,"campfire_choices":[{"data":"hermit:FlashPowder","floor":6.0,"key":"SMITH"},{"data":"hermit:Vantage","floor":8.0,"key":"SMITH"},{"data":"hermit:Horror","floor":11.0,"key":"SMITH"},{"floor":13.0,"key":"REST"},{"floor":15.0,"key":"REST"},{"floor":23.0,"key":"REST"},{"floor":32.0,"key":"REST"},{"data":"hermit:Roughhouse","floor":40,"key":"SMITH"},{"floor":44,"key":"REST"},{"floor":47,"key":"REST"},{"data":"hermit:Quickdraw","floor":49,"key":"SMITH"}],"circlet_count":2,"master_deck":["hermit:Strike_Hermit","hermit:Strike_Hermit","hermit:Strike_Hermit","hermit:Strike_Hermit","hermit:Defend_Hermit","hermit:Defend_Hermit","hermit:Defend_Hermit","hermit:Defend_Hermit","hermit:Snapshot","hermit:Covet","hermit:TrackingShot","hermit:BodyArmor+1","hermit:Horror+1","hermit:FlashPowder+1","hermit:Vantage+1","hermit:Roughhouse+1","hermit:Determination+1","hermit:Enervate+1","hermit:HighCaliber+1","hermit:FinalCanter","hermit:TakeCover+1","hermit:Glare+1","hermit:Magnum","hermit:Quickdraw+1"],"relics":["hermit:Momento","vexMod:FocusSash","jedi:kaleidoscope","Black Star","Sozu","Pear","Mirror","CCEMRelics:SpiritsEdge","Strawberry","CCEMRelics:Sandal","Circlet","vexMod:MysteryBossChallenge","conspire:SpecialSausage","MerchantsRug","Juzu Bracelet","halation:LettersToHer","beaked:ShinyBauble"],"acts_visited":["Exordium","TheCity","TheBeyond"],"potions_floor_usage":[],"damage_taken":[{"damage":1.0,"enemies":"Jaw Worm","floor":1.0,"turns":4.0},{"damage":0.0,"enemies":"Cultist","floor":3.0,"turns":4.0},{"damage":0.0,"enemies":"Small Slimes","floor":4.0,"turns":3.0},{"damage":3.0,"enemies":"Exordium Thugs","floor":5.0,"turns":4.0},{"damage":4.0,"enemies":"2 Fungi Beasts","floor":7.0,"turns":4.0},{"damage":7.0,"enemies":"Lots of Slimes","floor":10.0,"turns":4.0},{"damage":21.0,"enemies":"Lagavulin","floor":12.0,"turns":7.0},{"damage":5.0,"enemies":"Looter","floor":14.0,"turns":3.0},{"damage":31.0,"enemies":"The Guardian","floor":16.0,"turns":16.0},{"damage":25.0,"enemies":"Spheric Guardian","floor":18.0,"turns":6.0},{"damage":4.0,"enemies":"3 Byrds","floor":19.0,"turns":9.0},{"damage":0.0,"enemies":"3 Byrds","floor":20.0,"turns":6.0},{"damage":21.0,"enemies":"Sentry and Sphere","floor":21.0,"turns":7.0},{"damage":8.0,"enemies":"Cultist and Chosen","floor":24.0,"turns":6.0},{"damage":21.0,"enemies":"Centurion and Healer","floor":25.0,"turns":8.0},{"damage":22.0,"enemies":"Snake Plant","floor":27.0,"turns":3.0},{"damage":5.0,"enemies":"Shelled Parasite and Fungi","floor":30.0,"turns":3.0},{"damage":3.0,"enemies":"Snecko","floor":31.0,"turns":4.0},{"damage":23.0,"enemies":"Champ","floor":33.0,"turns":13.0},{"damage":4,"enemies":"3 Darklings","floor":35,"turns":5},{"damage":0,"enemies":"Orb Walker","floor":38,"turns":3},{"damage":47,"enemies":"HollowMod:StalkingDevout","floor":42,"turns":6},{"damage":2,"enemies":"Maw","floor":46,"turns":7},{"damage":19,"enemies":"hubris:GrandSnecko","floor":50,"turns":12}],"seed_played":"-3508940306757277253","potions_obtained":[{"floor":1.0,"key":"champ:CounterPotion"},{"floor":3.0,"key":"DemoMod:LeadSkinPotion"},{"floor":7.0,"key":"FearPotion"},{"floor":10.0,"key":"Fire Potion"},{"floor":12.0,"key":"ColorlessPotion"},{"floor":14.0,"key":"hermit:BlackBile"}],"is_trial":false,"path_per_floor":["M","?","M","M","M","R","M","R","T","M","R","E","R","M","R","B",null,"M","MIM","M","M","$","R","M","M","T","M","?","?","M","M","R","B",null,"M","$","?","M","$","R","?","E","T","R","?","M","R","?","R","B",null],"character_chosen":"HERMIT","items_purchased":["CCEMRelics:SpiritsEdge","Strawberry","MerchantsRug","Juzu Bracelet"],"campfire_rested":6,"item_purchase_floors":[22,22,36,36],"current_hp_per_floor":[74,74,74,74,71,71,67,67,67,60,60,39,61,56,75,44,75,50,56,56,35,42,69,61,40,40,18,18,18,13,10,37,14,92,88,88,88,88,88,88,88,41,41,68,68,66,92,92,92,73],"gold":75,"neow_bonus":"THREE_CARDS","is_daily":false,"chose_seed":false,"campfire_upgraded":5,"win_rate":0.0,"timestamp":1609780006,"path_taken":["M","?","M","M","M","R","M","R","T","M","R","E","R","?","R","BOSS","M","?","M","?","?","R","M","M","T","?","?","?","?","?","R","BOSS","M","$","?","M","$","R","?","E","T","R","?","M","R","?","R","BOSS"],"items_purchased_type":["Relic","Relic","Relic","Relic"],"build_version":"2020-12-22","purchased_purges":0,"victory":true,"max_hp_per_floor":[75,75,75,75,75,75,75,75,75,75,75,75,75,75,75,75,75,75,85,85,85,92,92,92,92,92,92,92,92,92,92,92,92,92,92,92,92,92,92,92,92,92,92,92,92,92,92,92,92,92],"card_choices":[{"not_picked":["hermit:SprayPray","hermit:CalledShot"],"picked":"hermit:TrackingShot","floor":0.0},{"not_picked":["hermit:Misfire","hermit:TakeCover"],"picked":"hermit:BodyArmor","floor":1.0},{"not_picked":["hermit:Coalescence","hermit:WideOpen"],"picked":"hermit:Horror","floor":3.0},{"not_picked":["hermit:BodyArmor","hermit:FullyLoaded"],"picked":"hermit:FlashPowder","floor":4.0},{"not_picked":["hermit:Manifest","hermit:WideOpen"],"picked":"hermit:Vantage","floor":5.0},{"not_picked":["hermit:HoleUp","hermit:CalledShot","hermit:Misfire"],"picked":"SKIP","floor":7.0},{"not_picked":["hermit:Midnight","hermit:ItchyTrigger","hermit:Manifest"],"picked":"SKIP","floor":10.0},{"not_picked":["hermit:LuckOfTheDraw","hermit:Grudge","hermit:ShadowCloak"],"picked":"SKIP","floor":12.0},{"not_picked":["hermit:Desperado","hermit:DeadMansHand","hermit:Spite"],"picked":"SKIP","floor":14.0},{"not_picked":["hermit:Gambit","hermit:HeroicBravado"],"picked":"hermit:Roughhouse","floor":16.0},{"not_picked":["hermit:TakeCover","hermit:WideOpen"],"picked":"hermit:Determination+1","floor":18.0},{"not_picked":["hermit:TrackingShot+1","hermit:Coalescence"],"picked":"hermit:Enervate+1","floor":19.0},{"not_picked":["hermit:Dive","hermit:Headshot"],"picked":"hermit:HighCaliber","floor":20.0},{"not_picked":["hermit:Glare","hermit:Manifest"],"picked":"hermit:FinalCanter","floor":21.0},{"not_picked":["hermit:Manifest","hermit:Ricochet","hermit:Misfire"],"picked":"SKIP","floor":24.0},{"not_picked":["hermit:EyeOfTheStorm","hermit:TrackingShot+1","hermit:DeadMansHand+1"],"picked":"SKIP","floor":25.0},{"not_picked":["hermit:Horror","hermit:HoleUp+1"],"picked":"hermit:TakeCover+1","floor":27.0},{"not_picked":["hermit:Manifest","hermit:GoldenBullet"],"picked":"hermit:Glare+1","floor":30.0},{"not_picked":["hermit:Desperado+1","hermit:Snipe","hermit:Showdown+1"],"picked":"SKIP","floor":31.0},{"not_picked":["hermit:DeadOrAlive","hermit:BlackWind"],"picked":"hermit:Magnum","floor":33.0},{"not_picked":["hermit:BodyArmor","hermit:EyeOfTheStorm","hermit:Snipe+1"],"picked":"SKIP","floor":35},{"not_picked":["hermit:Brawl+1","hermit:Misfire"],"picked":"hermit:Quickdraw","floor":38},{"not_picked":["hermit:Feint+1","hermit:Virtue","hermit:WideOpen+1"],"picked":"SKIP","floor":42},{"not_picked":["hermit:Roughhouse","hermit:SprayPray","hermit:Feint+1"],"picked":"SKIP","floor":46}],"player_experience":133599,"relics_obtained":[{"floor":9.0,"key":"vexMod:FocusSash"},{"floor":12.0,"key":"jedi:kaleidoscope"},{"floor":19.0,"key":"Pear"},{"floor":19.0,"key":"Mirror"},{"floor":26.0,"key":"CCEMRelics:Sandal"},{"floor":42,"key":"Circlet"},{"floor":42,"key":"halation:LettersToHer"},{"floor":43,"key":"halation:LettersToHer"},{"floor":43,"key":"beaked:ShinyBauble"}],"event_choices":[{"damage_healed":0.0,"max_hp_gain":0.0,"max_hp_loss":0.0,"gold_gain":0.0,"event_name":"Accursed Blacksmith","player_choice":"Forge","floor":2.0,"gold_loss":0.0,"damage_taken":0.0,"cards_upgraded":["hermit:BodyArmor"]},{"damage_healed":0.0,"max_hp_gain":0.0,"max_hp_loss":0.0,"gold_gain":0.0,"event_name":"betterNote:BetterNote","player_choice":"Ignored","floor":28.0,"gold_loss":0.0,"damage_taken":0.0,"cards_obtained":["infinitespire:OneForAll"]},{"damage_healed":0.0,"max_hp_gain":0.0,"max_hp_loss":0.0,"gold_gain":0.0,"event_name":"Ghosts","player_choice":"Ignored","floor":29.0,"gold_loss":0.0,"damage_taken":0.0},{"damage_healed":0,"gold_gain":0,"player_choice":"Upgraded","damage_taken":0,"max_hp_gain":0,"max_hp_loss":0,"event_name":"Upgrade Shrine","floor":37,"gold_loss":0,"cards_upgraded":["hermit:HighCaliber"]},{"damage_healed":0,"gold_gain":0,"player_choice":"Ignored","damage_taken":0,"max_hp_gain":0,"max_hp_loss":0,"event_name":"Mysterious Sphere","floor":41,"gold_loss":0},{"damage_healed":0,"gold_gain":0,"player_choice":"Ignored","damage_taken":0,"max_hp_gain":0,"max_hp_loss":0,"event_name":"Transmorgrifier","floor":48,"gold_loss":0}],"is_beta":false,"boss_relics":[{"not_picked":["conspire:SlowCooker","CCEMRelics:GreenEgg"],"picked":"Black Star"},{"not_picked":["Snecko Eye","CCEMRelics:TransientCore"],"picked":"vexMod:MysteryBossChallenge"}],"items_purged_floors":[],"is_endless":false,"potions_floor_spawned":[1,3,7,10,12,14,21,25,27,30,33,38],"ascension_level":0}}