{"host":"J","time":1609750038,"event":{"mods":["AchievementEnabler","BaseMod","Block Reminder","Highlight Path","Minty Spire (QoL Compilation)","Permanent Neow","Quick Restart","Relic Stats","UnlockEverythingMod"],"gold_per_floor":[364,382,20,30,30,30,30,30],"floor_reached":7,"playtime":1139,"items_purged":["Decay"],"score":82,"play_id":"65d7a57f-3d82-463e-842a-2277292fae2d","local_time":"20210104094718","is_ascension_mode":true,"campfire_choices":[{"data":"Compile Driver","floor":6,"key":"SMITH"}],"circlet_count":0,"master_deck":["AscendersBane","Strike_B","Strike_B","Strike_B","Strike_B","Defend_B","Defend_B","Defend_B","Defend_B","Zap","Dualcast","Genetic Algorithm","Static Discharge","Compile Driver+1"],"relics":["Cracked Core","Membership Card","HornCleat"],"acts_visited":["Exordium"],"potions_floor_usage":[],"damage_taken":[{"damage":2.0,"enemies":"Cultist","floor":1.0,"turns":4.0},{"damage":4.0,"enemies":"Small Slimes","floor":2.0,"turns":3.0},{"damage":7.0,"enemies":"Jaw Worm","floor":4.0,"turns":4.0},{"damage":0,"enemies":"Lagavulin","floor":7,"turns":1}],"seed_played":"6525135686582331547","potions_obtained":[],"is_trial":false,"path_per_floor":["M","M","$","M","?","R","E"],"character_chosen":"DEFECT","items_purchased":["Membership Card","Static Discharge","HornCleat"],"campfire_rested":0,"item_purchase_floors":[3,3,3],"current_hp_per_floor":[62,58,58,51,51,51,51,51],"gold":30,"neow_bonus":"TWO_FIFTY_GOLD","is_daily":false,"chose_seed":false,"campfire_upgraded":1,"win_rate":0.0,"timestamp":1609750038,"path_taken":["M","M","$","M","?","R","E"],"items_purchased_type":["Relic","Card","Relic"],"build_version":"2020-12-18","purchased_purges":1,"victory":false,"max_hp_per_floor":[71,71,71,71,71,71,71,71],"relic_stats":{"counters":[4,12],"obtain_stats":[{"HornCleat":3,"Membership Card":3,"Cracked Core":0},{"HornCleat":2,"Membership Card":2,"Cracked Core":0},{"HornCleat":7,"Membership Card":7,"Cracked Core":0}]},"card_choices":[{"not_picked":["Go for the Eyes","Steam Power"],"picked":"Genetic Algorithm","floor":1.0},{"not_picked":["Turbo","Streamline","Leap"],"picked":"SKIP","floor":2.0},{"not_picked":["Redo","Stack","Leap"],"picked":"SKIP","floor":4.0}],"player_experience":280317,"relics_obtained":[],"event_choices":[{"damage_healed":0,"gold_gain":0,"player_choice":"1 cards matched","damage_taken":0,"max_hp_gain":0,"max_hp_loss":0,"event_name":"Match and Keep!","floor":5,"gold_loss":0,"cards_obtained":["Compile Driver"]}],"is_beta":true,"boss_relics":[],"items_purged_floors":[3],"is_endless":false,"potions_floor_spawned":[],"killed_by":"Lagavulin","ascension_level":20}}