{"host":"ewfe3cr33ktd9xzj","time":1609743178,"event":{"mods":["AchievementEnabler","BaseMod","Colored Map","Custom Start","DeckTracker","Minty Spire (QoL Compilation)","Rare Cards Sparkle","StSLib","everything is the same but u backflip on backflip"],"gold_per_floor":[359,359,377,390,9,42,55,82,82,82,102,147,166,195,195,195,195],"floor_reached":16,"playtime":540,"items_purged":["Strike_P"],"score":264,"play_id":"4a95ac65-9ad3-45ff-8813-30c674d8a91a","local_time":"20210104155258","is_ascension_mode":true,"campfire_choices":[{"floor":10,"key":"REST"},{"data":"Eruption","floor":15,"key":"SMITH"}],"circlet_count":0,"master_deck":["AscendersBane","Strike_P","Strike_P","Defend_P","Defend_P","Defend_P","Defend_P","Eruption+1","Vigilance","CutThroughFate","FlurryOfBlows","Conclude","BowlingBash","EmptyFist","FollowUp","Adaptation"],"relics":["PureWater","Tiny Chest","Bag of Preparation","Blood Vial","Toxic Egg 2","CaptainsWheel","The Courier"],"acts_visited":["Exordium"],"potions_floor_usage":[8,12,16],"damage_taken":[{"damage":0.0,"enemies":"2 Louse","floor":1.0,"turns":3.0},{"damage":0.0,"enemies":"Cultist","floor":3.0,"turns":2.0},{"damage":7.0,"enemies":"Small Slimes","floor":4.0,"turns":4.0},{"damage":22.0,"enemies":"Lagavulin","floor":6.0,"turns":6.0},{"damage":0,"enemies":"2 Fungi Beasts","floor":7,"turns":1},{"damage":10,"enemies":"3 Sentries","floor":8,"turns":3},{"damage":0,"enemies":"Large Slime","floor":11,"turns":2},{"damage":10,"enemies":"Lagavulin","floor":12,"turns":4},{"damage":3,"enemies":"Lots of Slimes","floor":13,"turns":2},{"damage":10,"enemies":"3 Sentries","floor":14,"turns":3},{"damage":10,"enemies":"Hexaghost","floor":16,"turns":5}],"seed_played":"4590739649142471684","potions_obtained":[{"floor":3.0,"key":"PowerPotion"},{"floor":4.0,"key":"Swift Potion"},{"floor":7,"key":"SpeedPotion"},{"floor":8,"key":"ColorlessPotion"},{"floor":14,"key":"ColorlessPotion"}],"is_trial":false,"path_per_floor":["M","?","M","M","$","E","M","E","T","R","M","E","M","E","R","B"],"character_chosen":"WATCHER","items_purchased":["Conclude","BowlingBash","Tiny Chest"],"campfire_rested":1,"item_purchase_floors":[5,5,5],"current_hp_per_floor":[43,43,43,36,36,14,14,4,4,24,26,18,17,9,9,1,1],"gold":195,"neow_bonus":"TWO_FIFTY_GOLD","is_daily":false,"chose_seed":false,"campfire_upgraded":1,"win_rate":0.0,"timestamp":1609743178,"path_taken":["M","?","?","?","$","E","M","E","T","R","M","E","M","E","R","BOSS"],"items_purchased_type":["Card","Card","Relic"],"build_version":"2020-12-22","purchased_purges":1,"victory":false,"max_hp_per_floor":[68,68,68,68,68,68,68,68,68,68,68,68,68,68,68,68,68],"card_choices":[{"not_picked":["EmptyBody","EmptyMind"],"picked":"CutThroughFate","floor":1.0},{"not_picked":["Crescendo","Consecrate"],"picked":"FlurryOfBlows","floor":3.0},{"not_picked":["Prostrate","TalkToTheHand"],"picked":"Fasting2","floor":4.0},{"not_picked":["SpiritShield","CarveReality"],"picked":"EmptyFist","floor":6},{"not_picked":["ForeignInfluence","Swivel","CutThroughFate"],"picked":"SKIP","floor":7},{"not_picked":["SashWhip","LikeWater","Alpha"],"picked":"SKIP","floor":8},{"not_picked":["TalkToTheHand","EmptyFist"],"picked":"FollowUp","floor":11},{"not_picked":["EmptyFist","Consecrate","CutThroughFate"],"picked":"SKIP","floor":12},{"not_picked":["MentalFortress","Consecrate"],"picked":"Adaptation","floor":13},{"not_picked":["Evaluate+1","EmptyMind+1","FlyingSleeves"],"picked":"SKIP","floor":14}],"player_experience":3803,"relics_obtained":[{"floor":6,"key":"Bag of Preparation"},{"floor":8,"key":"Blood Vial"},{"floor":9,"key":"Toxic Egg 2"},{"floor":12,"key":"CaptainsWheel"},{"floor":14,"key":"The Courier"}],"event_choices":[{"cards_removed":["Strike_P"],"damage_healed":0.0,"max_hp_gain":0.0,"max_hp_loss":0.0,"gold_gain":0.0,"event_name":"Bonfire Elementals","player_choice":"Offered Basic","floor":2.0,"gold_loss":0.0,"damage_taken":0.0}],"is_beta":false,"boss_relics":[],"items_purged_floors":[5],"is_endless":false,"potions_floor_spawned":[3,4,7,8,14],"killed_by":"Hexaghost","ascension_level":20}}