{"host":"anox4050deqdcqoh","time":1609766249,"event":{"mods":["BaseMod","Colored Map","Highlight Path","Minty Spire (QoL Compilation)","Quick Restart","Rare Cards Sparkle","everything is the same but u backflip on backflip"],"gold_per_floor":[110,130,150,0,0,0,19,45,45,62,62,75,38,38,38,141,191,203,223,241,0,0,0,33,49,49,49,65,84,96,46,46,146,146,162,19,29,29,46,46,57,74,100,100,120,120,0,18,18,18,18],"floor_reached":50,"playtime":3613,"items_purged":["Strike_P","Strike_P","Strike_P+1"],"score":470,"play_id":"8ab62713-523a-43a0-84d9-452c92e44b86","local_time":"20210104081729","is_ascension_mode":false,"campfire_choices":[{"data":"Eruption","floor":6,"key":"SMITH"},{"floor":11,"key":"REST"},{"floor":15,"key":"REST"},{"data":"Wallop","floor":23,"key":"SMITH"},{"floor":27,"key":"REST"},{"floor":32,"key":"REST"},{"floor":40,"key":"REST"},{"floor":44,"key":"RECALL"},{"data":"Chrysalis","floor":46,"key":"SMITH"},{"floor":49,"key":"REST"}],"circlet_count":0,"master_deck":["Defend_P","Defend_P+1","Defend_P+1","Defend_P","Eruption+1","Vigilance","SashWhip","Crescendo","SandsOfTime","CutThroughFate","ClearTheMind","Wallop+1","Establishment","Swivel","Tantrum","Wallop","ForeignInfluence+1","CarveReality","Adaptation+1","Ragnarok","Weave+1","Halt","SandsOfTime+1","Chrysalis+1","Sanctity+1","Nirvana+1","ThirdEye","ThirdEye","ReachHeaven","Nirvana+1"],"relics":["PureWater","Lizard Tail","Membership Card","GremlinMask","HornCleat","Pantograph","Tiny House","Omamori","Eternal Feather","Frozen Egg 2","Empty Cage","Bottled Flame","Art of War"],"acts_visited":["Exordium","TheCity","TheBeyond"],"potions_floor_usage":[8,24,33,33,39,50,50],"damage_taken":[{"damage":6,"enemies":"2 Louse","floor":1,"turns":3},{"damage":0,"enemies":"Cultist","floor":2,"turns":3},{"damage":0,"enemies":"Small Slimes","floor":3,"turns":3},{"damage":6,"enemies":"2 Fungi Beasts","floor":7,"turns":3},{"damage":10,"enemies":"Gremlin Nob","floor":8,"turns":3},{"damage":9,"enemies":"Gremlin Gang","floor":10,"turns":4},{"damage":0,"enemies":"Blue Slaver","floor":12,"turns":3},{"damage":13,"enemies":"Hexaghost","floor":16,"turns":7},{"damage":0,"enemies":"Spheric Guardian","floor":18,"turns":3},{"damage":9,"enemies":"3 Byrds","floor":19,"turns":6},{"damage":6,"enemies":"Centurion and Healer","floor":20,"turns":5},{"damage":24,"enemies":"Slavers","floor":24,"turns":5},{"damage":35,"enemies":"Shelled Parasite and Fungi","floor":25,"turns":5},{"damage":9,"enemies":"Snake Plant","floor":28,"turns":4},{"damage":0,"enemies":"Snecko","floor":29,"turns":3},{"damage":9,"enemies":"Shelled Parasite and Fungi","floor":30,"turns":5},{"damage":59,"enemies":"Champ","floor":33,"turns":9},{"damage":30,"enemies":"3 Darklings","floor":35,"turns":6},{"damage":0,"enemies":"3 Shapes","floor":37,"turns":3},{"damage":16,"enemies":"Spire Growth","floor":39,"turns":4},{"damage":13,"enemies":"Maw","floor":41,"turns":8},{"damage":0,"enemies":"Sphere and 2 Shapes","floor":42,"turns":4},{"damage":23,"enemies":"4 Shapes","floor":45,"turns":8},{"damage":30,"enemies":"Maw","floor":48,"turns":7},{"damage":155,"enemies":"Time Eater","floor":50,"turns":10}],"seed_played":"-3481921275942839893","potions_obtained":[{"floor":1,"key":"Ancient Potion"},{"floor":7,"key":"FearPotion"},{"floor":10,"key":"Energy Potion"},{"floor":17,"key":"EssenceOfSteel"},{"floor":18,"key":"LiquidMemories"},{"floor":30,"key":"PowerPotion"},{"floor":33,"key":"PowerPotion"},{"floor":35,"key":"PowerPotion"},{"floor":41,"key":"FearPotion"},{"floor":48,"key":"BottledMiracle"}],"is_trial":false,"path_per_floor":["M","M","M","$","?","R","M","E","T","M","R","M","$","?","R","B",null,"M","M","M","$","?","R","E","M","T","R","M","M","M","$","R","B",null,"M","$","M","?","M","R","M","M","T","R","M","R","$","M","R","B"],"character_chosen":"WATCHER","items_purchased":["Membership Card","Wallop","Omamori","Eternal Feather","Bottled Flame","Halt","ReachHeaven","Nirvana+1"],"campfire_rested":6,"item_purchase_floors":[4,13,21,21,36,36,47,47],"current_hp_per_floor":[59,59,59,59,59,59,53,43,43,34,53,53,53,40,59,52,70,70,61,55,55,55,67,43,8,8,41,32,32,23,23,56,11,70,40,40,40,40,24,60,47,47,47,62,39,54,54,24,63,0,0],"gold":18,"neow_bonus":"ONE_RARE_RELIC","is_daily":false,"chose_seed":false,"campfire_upgraded":3,"win_rate":0.0,"timestamp":1609766249,"path_taken":["M","M","M","$","?","R","?","E","T","M","R","M","?","?","R","BOSS","M","M","M","$","?","R","E","M","T","R","M","M","M","$","R","BOSS","M","$","?","?","M","R","M","M","T","R","M","R","?","?","R","BOSS"],"items_purchased_type":["Relic","Card","Relic","Relic","Relic","Card","Card","Card"],"build_version":"2020-12-22","purchased_purges":3,"victory":false,"max_hp_per_floor":[65,65,65,65,65,65,65,65,65,65,65,65,65,65,65,65,70,70,70,70,70,70,70,70,70,70,70,70,70,70,70,70,70,70,70,70,70,70,70,70,70,70,70,70,70,70,70,70,70,70,70],"card_choices":[{"not_picked":["Perseverance","Prostrate"],"picked":"SashWhip","floor":1},{"not_picked":["Consecrate","FollowUp"],"picked":"Crescendo","floor":2},{"not_picked":["SignatureMove","Conclude","FearNoEvil"],"picked":"SKIP","floor":3},{"not_picked":["CutThroughFate","EmptyMind"],"picked":"SandsOfTime","floor":7},{"not_picked":["BowlingBash","ConjureBlade"],"picked":"CutThroughFate","floor":8},{"not_picked":["Evaluate","ThirdEye"],"picked":"ClearTheMind","floor":10},{"not_picked":["Fasting2","SashWhip","EmptyFist"],"picked":"SKIP","floor":12},{"not_picked":["LessonLearned","MasterReality"],"picked":"Establishment","floor":16},{"not_picked":["MentalFortress","FollowUp"],"picked":"Swivel","floor":17},{"not_picked":["Fasting2","Consecrate","CrushJoints+1"],"picked":"SKIP","floor":18},{"not_picked":["Consecrate+1","ClearTheMind"],"picked":"Perseverance","floor":19},{"not_picked":["Wireheading","SashWhip+1"],"picked":"Tantrum","floor":20},{"not_picked":["CutThroughFate","FollowUp","Prostrate"],"picked":"SKIP","floor":24},{"not_picked":["Study+1","Meditate"],"picked":"ForeignInfluence+1","floor":25},{"not_picked":["ConjureBlade","Weave","ForeignInfluence"],"picked":"SKIP","floor":28},{"not_picked":["JustLucky","Crescendo+1"],"picked":"CarveReality","floor":29},{"not_picked":["BowlingBash","Crescendo"],"picked":"Adaptation+1","floor":30},{"not_picked":["Alpha","MasterReality+1"],"picked":"Ragnarok","floor":33},{"not_picked":["EmptyFist","CutThroughFate+1"],"picked":"Weave+1","floor":35},{"not_picked":["CutThroughFate+1","ForeignInfluence+1"],"picked":"SandsOfTime+1","floor":37},{"not_picked":["Enlightenment","The Bomb"],"picked":"Chrysalis","floor":38},{"not_picked":["WaveOfTheHand","Consecrate+1"],"picked":"Sanctity+1","floor":39},{"not_picked":["JustLucky","SashWhip+1"],"picked":"Nirvana+1","floor":41},{"not_picked":["Conclude","DeceiveReality"],"picked":"ThirdEye","floor":42},{"not_picked":["EmptyMind","Swivel"],"picked":"ThirdEye","floor":45},{"not_picked":["CrushJoints","CutThroughFate","EmptyMind"],"picked":"SKIP","floor":48}],"player_experience":275029,"relics_obtained":[{"floor":8,"key":"HornCleat"},{"floor":9,"key":"Pantograph"},{"floor":24,"key":"Frozen Egg 2"},{"floor":43,"key":"Art of War"}],"event_choices":[{"damage_healed":0,"gold_gain":0,"player_choice":"Trade","damage_taken":0,"relics_obtained":["GremlinMask"],"max_hp_gain":0,"max_hp_loss":0,"event_name":"FaceTrader","floor":5,"gold_loss":0},{"damage_healed":0,"gold_gain":0,"player_choice":"Entered Light","damage_taken":13,"max_hp_gain":0,"max_hp_loss":0,"event_name":"Shining Light","floor":14,"gold_loss":0,"cards_upgraded":["Defend_P","Strike_P"]},{"damage_healed":0,"gold_gain":0,"player_choice":"Copied","damage_taken":0,"max_hp_gain":0,"max_hp_loss":0,"event_name":"Duplicator","floor":22,"gold_loss":0,"cards_obtained":["Wallop"]},{"damage_healed":0,"gold_gain":0,"player_choice":"Memory 1","damage_taken":0,"max_hp_gain":0,"max_hp_loss":0,"event_name":"SensoryStone","floor":38,"gold_loss":0}],"is_beta":false,"boss_relics":[{"not_picked":["Runic Dome","SacredBark"],"picked":"Tiny House"},{"not_picked":["Snecko Eye","Philosopher\u0027s Stone"],"picked":"Empty Cage"}],"items_purged_floors":[21,31,47],"is_endless":false,"potions_floor_spawned":[1,7,10,18,20,30,33,35,41,45,48],"killed_by":"Time Eater","ascension_level":0}}