{"host":"ymmeoa1x24ihslbm","time":1609769721,"event":{"mods":["AchievementEnabler","BaseMod","Colored Map","Colored Powertips","Defuse TimeMaze Blight","Highlight Path","Minty Spire (QoL Compilation)","Permanent Neow","Quick Restart","StSLib","Unceasing Turn Reminder"],"gold_per_floor":[116,134,144,94,112,123,123,150,150,166,91,91,91,107,107,209,209,229,243,261,290,215,215,18,18,18,30,130,130,13,45,45,157,157,180,180,180],"floor_reached":36,"playtime":2315,"items_purged":["Strike_P"],"score":480,"play_id":"ec89b6fd-92ef-4640-a1d4-be387378da28","local_time":"20210104151521","is_ascension_mode":true,"campfire_choices":[{"data":"Eruption","floor":7.0,"key":"SMITH"},{"data":"WaveOfTheHand","floor":13.0,"key":"SMITH"},{"data":"MasterReality","floor":15.0,"key":"SMITH"},{"data":"Scrawl","floor":23,"key":"SMITH"},{"data":"Trip","floor":25,"key":"SMITH"},{"data":"Alpha","floor":29,"key":"SMITH"},{"data":"Vigilance","floor":32,"key":"SMITH"}],"circlet_count":0,"master_deck":["Strike_P","Strike_P","Defend_P","Defend_P","Defend_P","Eruption+1","Vigilance+1","Alpha+1","FlurryOfBlows","WaveOfTheHand+1","Weave","SignatureMove","MasterReality+1","Scrawl+1","Wireheading","Meditate","Halt+1","Trip+1","Perseverance+1","Enlightenment","Vault","Nirvana+1"],"relics":["PureWater","Bronze Scales","Blue Candle","Runic Pyramid","Red Mask","Membership Card","Yang","Shovel","Darkstone Periapt","Lee\u0027s Waffle","CeramicFish","SacredBark"],"acts_visited":["Exordium","TheCity","TheBeyond"],"potions_floor_usage":[20,21,28],"damage_taken":[{"damage":0.0,"enemies":"Cultist","floor":1.0,"turns":4.0},{"damage":0.0,"enemies":"Small Slimes","floor":2.0,"turns":2.0},{"damage":0.0,"enemies":"2 Louse","floor":3.0,"turns":3.0},{"damage":0.0,"enemies":"Large Slime","floor":5.0,"turns":4.0},{"damage":0.0,"enemies":"2 Fungi Beasts","floor":6.0,"turns":4.0},{"damage":15.0,"enemies":"Lagavulin","floor":8.0,"turns":5.0},{"damage":0.0,"enemies":"Looter","floor":10.0,"turns":2.0},{"damage":0.0,"enemies":"Gremlin Gang","floor":14.0,"turns":3.0},{"damage":41.0,"enemies":"Slime Boss","floor":16.0,"turns":7.0},{"damage":0.0,"enemies":"2 Thieves","floor":18.0,"turns":2.0},{"damage":0,"enemies":"Spheric Guardian","floor":19,"turns":2},{"damage":2,"enemies":"Chosen and Byrds","floor":20,"turns":3},{"damage":1,"enemies":"Masked Bandits","floor":21,"turns":3},{"damage":3,"enemies":"Sentry and Sphere","floor":27,"turns":3},{"damage":14,"enemies":"Colosseum Slavers","floor":28,"turns":4},{"damage":0,"enemies":"Colosseum Nobs","floor":28,"turns":6},{"damage":24,"enemies":"Gremlin Leader","floor":31,"turns":4},{"damage":43,"enemies":"Champ","floor":33,"turns":7},{"damage":24,"enemies":"3 Darklings","floor":35,"turns":6},{"damage":8,"enemies":"Orb Walker","floor":36,"turns":3}],"seed_played":"-6730781971105492996","potions_obtained":[{"floor":1.0,"key":"SkillPotion"},{"floor":2.0,"key":"LiquidMemories"},{"floor":3.0,"key":"Ancient Potion"},{"floor":14.0,"key":"SpeedPotion"},{"floor":19,"key":"PowerPotion"},{"floor":20,"key":"GamblersBrew"},{"floor":27,"key":"FearPotion"},{"floor":33,"key":"SpeedPotion"}],"is_trial":false,"path_per_floor":["M","M","M","?","M","M","R","E","T","M","$","?","R","M","R","B",null,"M","M","M","?","?","R","$","R","T","M","?","R","$","E","R","B",null,"M","M"],"character_chosen":"WATCHER","items_purchased":["Membership Card","Trip","Enlightenment","Lee\u0027s Waffle"],"campfire_rested":0,"item_purchase_floors":[24,24,30,30],"current_hp_per_floor":[72,72,72,72,72,72,72,57,57,57,57,62,62,62,62,21,63,63,63,61,60,60,60,60,60,60,57,43,43,84,60,60,17,67,43,35,35],"gold":180,"neow_bonus":"ONE_RANDOM_RARE_CARD","is_daily":false,"chose_seed":false,"campfire_upgraded":7,"win_rate":0.0,"timestamp":1609769721,"path_taken":["M","M","M","?","M","M","R","E","T","M","$","?","R","M","R","BOSS","M","M","M","?","?","R","$","R","T","M","?","R","$","E","R","BOSS","M","M"],"items_purchased_type":["Relic","Card","Card","Relic"],"build_version":"2020-12-22","purchased_purges":1,"victory":false,"max_hp_per_floor":[72,72,72,72,72,72,72,72,72,72,72,77,77,77,77,77,77,77,77,77,77,77,77,77,77,77,77,77,77,84,84,84,84,84,84,84,84],"card_choices":[{"not_picked":["Perseverance","Sanctity"],"picked":"FlurryOfBlows","floor":1.0},{"not_picked":["ReachHeaven","EmptyFist"],"picked":"WaveOfTheHand","floor":2.0},{"not_picked":["TalkToTheHand","Protect","BowlingBash"],"picked":"SKIP","floor":3.0},{"not_picked":["EmptyBody","MentalFortress","PathToVictory"],"picked":"SKIP","floor":5.0},{"not_picked":["SandsOfTime","Crescendo"],"picked":"Weave","floor":6.0},{"not_picked":["EmptyBody","Fasting2"],"picked":"SignatureMove","floor":8.0},{"not_picked":["PathToVictory","EmptyBody","DeceiveReality"],"picked":"SKIP","floor":10.0},{"not_picked":["ClearTheMind","FollowUp"],"picked":"MasterReality","floor":14.0},{"not_picked":["MasterReality","Alpha"],"picked":"Scrawl","floor":16.0},{"not_picked":["EmptyFist","BowlingBash","Weave"],"picked":"SKIP","floor":18.0},{"not_picked":["Protect","Evaluate+1"],"picked":"Wireheading","floor":19},{"not_picked":["SashWhip","FlyingSleeves"],"picked":"Meditate","floor":20},{"not_picked":["TalkToTheHand","Consecrate"],"picked":"Halt+1","floor":21},{"not_picked":["ThirdEye","Sanctity+1","EmptyFist"],"picked":"SKIP","floor":27},{"not_picked":["Worship","SandsOfTime"],"picked":"Perseverance+1","floor":28},{"not_picked":["Crescendo","SashWhip","Omniscience"],"picked":"SKIP","floor":31},{"not_picked":["MasterReality","Brilliance"],"picked":"Vault","floor":33},{"not_picked":["Fasting2+1","FlurryOfBlows+1"],"picked":"Nirvana+1","floor":35}],"player_experience":695173,"relics_obtained":[{"floor":8.0,"key":"Bronze Scales"},{"floor":9.0,"key":"Blue Candle"},{"floor":21,"key":"Red Mask"},{"floor":26,"key":"Yang"},{"floor":28,"key":"Shovel"},{"floor":28,"key":"Darkstone Periapt"},{"floor":31,"key":"CeramicFish"}],"event_choices":[{"cards_removed":["Defend_P"],"damage_healed":0.0,"max_hp_gain":0.0,"max_hp_loss":0.0,"gold_gain":0.0,"event_name":"The Cleric","player_choice":"Card Removal","floor":4.0,"gold_loss":50.0,"damage_taken":0.0},{"damage_healed":0.0,"max_hp_gain":5.0,"max_hp_loss":0.0,"gold_gain":0.0,"event_name":"Big Fish","player_choice":"Donut","floor":12.0,"gold_loss":0.0,"damage_taken":0.0},{"damage_healed":0,"gold_gain":0,"player_choice":"Fought Bandits","damage_taken":0,"max_hp_gain":0,"max_hp_loss":0,"event_name":"Masked Bandits","floor":21,"gold_loss":0},{"cards_removed":["Strike_P"],"damage_healed":0,"gold_gain":0,"player_choice":"Gave Gold","damage_taken":0,"max_hp_gain":0,"max_hp_loss":0,"event_name":"Beggar","floor":22,"gold_loss":75},{"damage_healed":0,"gold_gain":0,"player_choice":"Fight","damage_taken":0,"max_hp_gain":0,"max_hp_loss":0,"event_name":"Colosseum","floor":28,"gold_loss":0},{"damage_healed":0,"gold_gain":0,"player_choice":"Fought Nobs","damage_taken":0,"max_hp_gain":0,"max_hp_loss":0,"event_name":"Colosseum","floor":28,"gold_loss":0}],"is_beta":false,"boss_relics":[{"not_picked":["Black Star","Sozu"],"picked":"Runic Pyramid"},{"not_picked":["Philosopher\u0027s Stone","Pandora\u0027s Box"],"picked":"SacredBark"}],"items_purged_floors":[11],"is_endless":false,"potions_floor_spawned":[1,2,3,14,19,20,27,33],"killed_by":"Orb Walker","ascension_level":5}}