{"host":"nox","time":1609778458,"event":{"mods":["Act Like it!","Aspiration","BaseMod","Better Altar","Better Match","Better Note","Better Sensory Stone","Better Skull","Better Third Choice","BetterRewards","Colored Powertips","Conspire","Energized Spire","GifTheSpireLib","Hubris","Infinite Spire","Minty Spire (QoL Compilation)","Pale of the Ancients","Quick Restart","Rare Cards Sparkle","Replay The Spire","Shop Mod","Spikes Relics","StSLib","Stuff the Spire","SuperFastMode","The Alterego","vexMod"],"gold_per_floor":[118,138,138,13,31,60,60,70,95,126,144,144,144],"floor_reached":12,"playtime":487,"items_purged":["Strike_R"],"score":140,"play_id":"e2177f79-e811-43ef-a2f6-4932b9849223","local_time":"20210104234058","is_ascension_mode":true,"campfire_choices":[{"data":"hubris:SharpeningStone","floor":7,"key":"SMITH"}],"circlet_count":0,"master_deck":["AscendersBane","Strike_R","Strike_R","Strike_R","Defend_R","Defend_R","Defend_R","Defend_R","Bash","Armaments","conspire:ExplosiveBarrier","Clash","hubris:SharpeningStone+1","Blood for Blood"],"relics":["Burning Blood","Gremlin Food","ReplayTheSpireMod:Spearhead","PreservedInsect"],"acts_visited":["Exordium"],"potions_floor_usage":[10,12],"damage_taken":[{"damage":9,"enemies":"Jaw Worm","floor":1,"turns":4},{"damage":6,"enemies":"Cultist","floor":2,"turns":4},{"damage":3,"enemies":"conspire:RoseBush","floor":5,"turns":4},{"damage":19,"enemies":"Lagavulin","floor":6,"turns":7},{"damage":5,"enemies":"Gremlin Gang","floor":8,"turns":9},{"damage":48,"enemies":"Gremlin Nob","floor":10,"turns":6},{"damage":11,"enemies":"Blue Slaver","floor":11,"turns":5},{"damage":22,"enemies":"3 Sentries","floor":12,"turns":4}],"seed_played":"-4462449232688067955","potions_obtained":[{"floor":2,"key":"Venom Potion"},{"floor":5,"key":"Block Potion"}],"is_trial":false,"path_per_floor":["M","M","?","$","M","E","R","M","T","E","M","E"],"character_chosen":"IRONCLAD","items_purchased":["Clash"],"campfire_rested":0,"item_purchase_floors":[4],"current_hp_per_floor":[77,77,77,77,80,67,67,68,68,26,21,0,0],"gold":144,"neow_bonus":"TEN_PERCENT_HP_BONUS","is_daily":false,"chose_seed":false,"campfire_upgraded":1,"win_rate":0.0,"timestamp":1609778458,"path_taken":["M","M","?","$","M","E","R","M","T","E","M","E"],"items_purchased_type":["Card"],"build_version":"2020-11-17","purchased_purges":1,"victory":false,"max_hp_per_floor":[88,88,88,88,88,88,88,88,88,88,88,88,88],"card_choices":[{"not_picked":["Havoc","StuffTheSpire:RockThrow"],"picked":"Armaments","floor":1},{"not_picked":["Wild Strike","Pommel Strike"],"picked":"conspire:ExplosiveBarrier","floor":2},{"not_picked":["Pommel Strike","Combust"],"picked":"hubris:SharpeningStone","floor":5},{"not_picked":["StuffTheSpire:Resist","Absolvement","Flame Barrier"],"picked":"SKIP","floor":6},{"not_picked":["Brutality","Massacre","Thunderclap"],"picked":"SKIP","floor":8},{"not_picked":["Clothesline","Sword Boomerang","Blood for Blood"],"picked":"SKIP","floor":10},{"not_picked":["Clothesline","Sword Boomerang"],"picked":"Blood for Blood","floor":10},{"not_picked":["StuffTheSpire:Pyroclast","Heavy Blade","Wild Strike"],"picked":"SKIP","floor":11}],"player_experience":308536,"relics_obtained":[{"floor":6,"key":"Gremlin Food"},{"floor":9,"key":"ReplayTheSpireMod:Spearhead"},{"floor":10,"key":"PreservedInsect"}],"event_choices":[{"cards_removed":["Strike_R"],"damage_healed":0,"gold_gain":0,"player_choice":"Purged","damage_taken":0,"max_hp_gain":0,"max_hp_loss":0,"event_name":"Purifier","floor":3,"gold_loss":0}],"is_beta":true,"boss_relics":[],"items_purged_floors":[4],"is_endless":false,"potions_floor_spawned":[2,5],"killed_by":"3 Sentries","ascension_level":11}}