{"host":"ta9mufxydm4vkknf","time":1609792271,"event":{"mods":["AchievementEnabler","BaseMod","Minty Spire (QoL Compilation)","Quick Restart"],"gold_per_floor":[111,123,136,153,153,184,196,231,255,270,270,300,300,334,334,434,434,449,409,424,440,183,216,226,226,226,258,270,299,311,311,311,415,415,430,449,499,510,510,545,125,153,153,170,184,59,71,81,81,81],"floor_reached":51,"playtime":5307,"items_purged":["Strike_G","Strike_G","Defend_G"],"score":843,"play_id":"aac2f2a6-7e2b-469a-b7a5-04dc7dbf1a53","local_time":"20210104213110","is_ascension_mode":true,"campfire_choices":[{"floor":11,"key":"REST"},{"floor":15,"key":"REST"},{"data":"Envenom","floor":25,"key":"SMITH"},{"data":"Prepared","floor":32,"key":"SMITH"},{"data":"Flechettes","floor":49,"key":"SMITH"}],"circlet_count":0,"master_deck":["Survivor","Neutralize","Underhanded Strike+1","Cloak And Dagger+1","Leg Sweep+1","Escape Plan","Backflip","Tools of the Trade","PiercingWail","All Out Attack","Prepared+1","Flechettes+1","Cloak And Dagger+1","Dagger Throw","Envenom+1","Corpse Explosion+1","Heel Hook","Cloak And Dagger+1","Slice+1","Secret Technique+1","Quick Slash+1","Backflip+1","Malaise+1","Noxious Fumes","Crippling Poison+1","Adrenaline+1","Tactician+1","Acrobatics+1","Eviscerate+1","Catalyst+1","Footwork+1"],"relics":["Astrolabe","Ancient Tea Set","Toxic Egg 2","Happy Flower","Snake Skull","PreservedInsect","Empty Cage","Ice Cream","InkBottle","Turnip","Pen Nib","WristBlade","Dead Branch","Eternal Feather","Letter Opener","MealTicket"],"acts_visited":["Exordium","TheCity","TheBeyond"],"potions_floor_usage":[8,12,23,29,33,36,37,40,44,47,48],"damage_taken":[{"damage":0,"enemies":"Jaw Worm","floor":1,"turns":3},{"damage":0,"enemies":"Small Slimes","floor":2,"turns":3},{"damage":1,"enemies":"Cultist","floor":3,"turns":6},{"damage":4,"enemies":"Exordium Wildlife","floor":4,"turns":7},{"damage":11,"enemies":"3 Sentries","floor":6,"turns":13},{"damage":4,"enemies":"Large Slime","floor":7,"turns":8},{"damage":29,"enemies":"Gremlin Nob","floor":8,"turns":6},{"damage":0,"enemies":"Looter","floor":10,"turns":4},{"damage":6,"enemies":"3 Sentries","floor":12,"turns":7},{"damage":7,"enemies":"Lagavulin","floor":14,"turns":7},{"damage":24,"enemies":"The Guardian","floor":16,"turns":12},{"damage":5,"enemies":"Shell Parasite","floor":18,"turns":8},{"damage":4,"enemies":"Chosen","floor":20,"turns":4},{"damage":6,"enemies":"Snecko","floor":21,"turns":6},{"damage":11,"enemies":"Book of Stabbing","floor":23,"turns":5},{"damage":10,"enemies":"Chosen and Byrds","floor":24,"turns":5},{"damage":3,"enemies":"Gremlin Leader","floor":27,"turns":4},{"damage":4,"enemies":"Snake Plant","floor":28,"turns":6},{"damage":0,"enemies":"Book of Stabbing","floor":29,"turns":4},{"damage":0,"enemies":"Sentry and Sphere","floor":30,"turns":5},{"damage":19,"enemies":"Collector","floor":33,"turns":7},{"damage":9,"enemies":"3 Shapes","floor":35,"turns":4},{"damage":1,"enemies":"Orb Walker","floor":36,"turns":3},{"damage":0,"enemies":"Mind Bloom Boss Battle","floor":37,"turns":6},{"damage":0,"enemies":"Maw","floor":38,"turns":5},{"damage":2,"enemies":"Reptomancer","floor":40,"turns":4},{"damage":0,"enemies":"Nemesis","floor":42,"turns":5},{"damage":5,"enemies":"Transient","floor":44,"turns":5},{"damage":0,"enemies":"Sphere and 2 Shapes","floor":45,"turns":1},{"damage":0,"enemies":"4 Shapes","floor":47,"turns":3},{"damage":24,"enemies":"3 Darklings","floor":48,"turns":3},{"damage":48,"enemies":"Donu and Deca","floor":50,"turns":6}],"seed_played":"6714939453205945105","potions_obtained":[{"floor":2,"key":"SkillPotion"},{"floor":4,"key":"Swift Potion"},{"floor":7,"key":"Poison Potion"},{"floor":8,"key":"GhostInAJar"},{"floor":19,"key":"LiquidMemories"},{"floor":28,"key":"Energy Potion"},{"floor":29,"key":"Block Potion"},{"floor":33,"key":"Energy Potion"},{"floor":37,"key":"Fruit Juice"},{"floor":38,"key":"SteroidPotion"},{"floor":44,"key":"Weak Potion"},{"floor":45,"key":"ColorlessPotion"},{"floor":47,"key":"FearPotion"}],"is_trial":false,"path_per_floor":["M","M","M","M","?","E","M","E","T","M","R","E","?","E","R","B",null,"M","?","M","M","$","E","M","R","T","E","M","E","M","?","R","B",null,"M","M","?","M","?","E","$","E","T","M","M","$","M","M","R","B",null],"character_chosen":"THE_SILENT","items_purchased":["Secret Technique+1","Catalyst+1","Letter Opener"],"campfire_rested":2,"item_purchase_floors":[22,41,41],"current_hp_per_floor":[70,70,69,65,65,54,50,21,21,21,42,36,36,29,50,26,70,65,65,61,55,55,44,34,34,34,31,27,27,27,27,27,8,70,61,60,65,65,65,63,63,63,63,58,58,71,71,47,65,17],"gold":81,"neow_bonus":"BOSS_RELIC","is_daily":false,"chose_seed":false,"campfire_upgraded":3,"win_rate":0.0,"timestamp":1609792270,"path_taken":["M","M","M","M","?","E","M","E","T","M","R","E","?","E","R","BOSS","M","?","M","M","$","E","?","R","T","E","M","E","M","?","R","BOSS","M","M","?","M","?","E","?","E","T","M","M","$","M","M","R","BOSS"],"items_purchased_type":["Card","Card","Relic"],"build_version":"2020-12-22","purchased_purges":3,"victory":true,"max_hp_per_floor":[70,70,70,70,70,70,70,70,70,70,70,70,70,70,70,70,70,70,70,70,70,70,70,70,70,70,70,70,70,70,70,70,70,70,70,70,75,75,71,71,71,71,71,71,71,71,71,71,71,71],"card_choices":[{"not_picked":["Dagger Spray","Flying Knee"],"picked":"Escape Plan","floor":1},{"not_picked":["Deadly Poison","Endless Agony"],"picked":"Backflip","floor":2},{"not_picked":["Predator","Catalyst"],"picked":"Tools of the Trade","floor":3},{"not_picked":["Prepared","Sucker Punch"],"picked":"PiercingWail","floor":4},{"not_picked":["Poisoned Stab","Finisher"],"picked":"All Out Attack","floor":6},{"not_picked":["Deadly Poison","Noxious Fumes"],"picked":"Prepared","floor":7},{"not_picked":["Flying Knee","Sucker Punch"],"picked":"Flechettes","floor":8},{"not_picked":["Dodge and Roll+1","Dagger Spray"],"picked":"Cloak And Dagger+1","floor":10},{"not_picked":["Dash","Tactician+1"],"picked":"Dagger Throw","floor":12},{"not_picked":["Crippling Poison+1","Dodge and Roll+1"],"picked":"Envenom","floor":14},{"not_picked":["Bullet Time+1","Tools of the Trade"],"picked":"Corpse Explosion+1","floor":16},{"not_picked":["Blade Dance+1","Leg Sweep+1"],"picked":"Heel Hook","floor":18},{"not_picked":["Blade Dance+1","Outmaneuver+1"],"picked":"Cloak And Dagger+1","floor":20},{"not_picked":["Underhanded Strike","Dagger Throw+1"],"picked":"Slice+1","floor":21},{"not_picked":["Bouncing Flask+1","Dagger Spray+1"],"picked":"Quick Slash+1","floor":23},{"not_picked":["Bouncing Flask+1","Calculated Gamble+1"],"picked":"Backflip+1","floor":24},{"not_picked":["Dagger Throw","Deadly Poison+1"],"picked":"Malaise+1","floor":27},{"not_picked":["Finisher","Quick Slash+1"],"picked":"Noxious Fumes","floor":28},{"not_picked":["Die Die Die","Underhanded Strike"],"picked":"Crippling Poison+1","floor":29},{"not_picked":["Quick Slash","Predator","PiercingWail+1"],"picked":"SKIP","floor":30},{"not_picked":["Bullet Time+1","Wraith Form v2"],"picked":"Adrenaline+1","floor":33},{"not_picked":["Footwork","Backstab"],"picked":"Tactician+1","floor":35},{"not_picked":["Underhanded Strike+1","Flying Knee+1","Backflip+1"],"picked":"SKIP","floor":36},{"not_picked":["Noxious Fumes","Deflect+1"],"picked":"Acrobatics+1","floor":37},{"not_picked":["Flying Knee+1","Envenom","All Out Attack+1"],"picked":"SKIP","floor":38},{"not_picked":["Bouncing Flask+1","Sucker Punch+1"],"picked":"Eviscerate+1","floor":40},{"not_picked":["Infinite Blades","Crippling Poison+1","Blur+1"],"picked":"SKIP","floor":42},{"not_picked":["Dagger Throw+1","Poisoned Stab","Blade Dance+1"],"picked":"SKIP","floor":44},{"not_picked":["Deflect+1","Sucker Punch+1","Leg Sweep+1"],"picked":"SKIP","floor":45},{"not_picked":["Eviscerate","Sucker Punch"],"picked":"Footwork+1","floor":47},{"not_picked":["Sucker Punch","Bane","Venomology+1"],"picked":"SKIP","floor":48}],"player_experience":191186,"relics_obtained":[{"floor":6,"key":"Ancient Tea Set"},{"floor":8,"key":"Toxic Egg 2"},{"floor":9,"key":"Happy Flower"},{"floor":12,"key":"Snake Skull"},{"floor":14,"key":"PreservedInsect"},{"floor":23,"key":"Ice Cream"},{"floor":26,"key":"InkBottle"},{"floor":27,"key":"Turnip"},{"floor":29,"key":"Pen Nib"},{"floor":37,"key":"Dead Branch"},{"floor":40,"key":"Eternal Feather"},{"floor":42,"key":"MealTicket"}],"event_choices":[{"damage_healed":0,"gold_gain":0,"player_choice":"Ignored","damage_taken":0,"max_hp_gain":0,"max_hp_loss":0,"event_name":"Golden Idol","floor":5,"gold_loss":0},{"cards_removed":["Strike_G"],"damage_healed":0,"gold_gain":0,"player_choice":"Forget","damage_taken":0,"max_hp_gain":0,"max_hp_loss":0,"event_name":"Living Wall","floor":13,"gold_loss":0},{"damage_healed":0,"gold_gain":0,"player_choice":"Bought 3 Potions","damage_taken":0,"max_hp_gain":0,"max_hp_loss":0,"event_name":"The Woman in Blue","floor":19,"gold_loss":0},{"cards_removed":["Defend_G"],"damage_healed":0,"gold_gain":0,"player_choice":"Elegance","damage_taken":0,"max_hp_gain":0,"max_hp_loss":0,"event_name":"Back to Basics","floor":31,"gold_loss":0},{"damage_healed":0,"gold_gain":0,"player_choice":"Fight","damage_taken":0,"max_hp_gain":0,"max_hp_loss":0,"event_name":"MindBloom","floor":37,"gold_loss":0},{"damage_healed":0,"gold_gain":0,"player_choice":"Max HP","damage_taken":0,"max_hp_gain":0,"max_hp_loss":4,"event_name":"Winding Halls","floor":39,"gold_loss":0}],"is_beta":false,"boss_relics":[{"not_picked":["Fusion Hammer","Calling Bell"],"picked":"Empty Cage"},{"not_picked":["Runic Pyramid","Coffee Dripper"],"picked":"WristBlade"}],"items_purged_floors":[22,41,46],"is_endless":false,"potions_floor_spawned":[2,4,7,8,10,20,28,29,30,33,37,38,44,45,47],"ascension_level":1}}