{"host":"27tk4xseidcli2mr","time":1609793134,"event":{"mods":["2.2 Compatiblity","AchievementEnabler","Aspiration","BaseMod","Better Third Choice","Conspire","Custom Start","Downfall","Hubris","Infinite Spire","Jorbs\u0027s Wanderer Trilogy","Minty Spire (QoL Compilation)","Replay The Spire","StSLib","SuperFastMode","[IsaacMod]????"],"gold_per_floor":[116,166,176,176,193,223,223,223,223,12,29,29,29,1,1,79,79,92,92,111,128,128,157,157,157,183,183,199,218,238,256,256,256,256],"floor_reached":33,"playtime":1368,"items_purged":["Strike_B","Strike_B"],"score":534,"play_id":"f45ab3fc-da38-4e55-adc1-3ea96ece6a5c","local_time":"20210104214534","is_ascension_mode":true,"campfire_choices":[{"data":"ReplayTheSpireMod:Dual Polarity","floor":8.0,"key":"SMITH"},{"data":"Consume","floor":13.0,"key":"SMITH"},{"floor":15.0,"key":"REST"},{"floor":25.0,"key":"RECALL"},{"floor":27.0,"key":"REST"},{"floor":32.0,"key":"REST"}],"circlet_count":0,"master_deck":["AscendersBane","Strike_B","Strike_B","Defend_B","Defend_B","Defend_B","Defend_B","Zap","Dualcast","Tempest","ReplayTheSpireMod:Dual Polarity+1","Cold Snap+1","Cold Snap","conspire:SharedLibrary","Leap","Consume+1","Sweeping Beam","Echo Form","Hologram","Conserve Battery","Conserve Battery+1","Redo+1","aspiration:Polymerization+1","Blizzard"],"relics":["Cracked Core","HushsDoor","MoneyPower","NeowsBlessing","aspiration:StickyExplosives_weak","Tiny Chest","Emotion Chip","SteamSale","Symbiotic Virus","Painkiller Herb","infinitespire:Eraser","Calipers"],"acts_visited":["Exordium","TheCity"],"potions_floor_usage":[33],"damage_taken":[{"damage":0.0,"enemies":"Small Slimes","floor":1.0,"turns":1.0},{"damage":0.0,"enemies":"Hiden Room Battle","floor":2.0,"turns":1.0},{"damage":0.0,"enemies":"Cultist","floor":3.0,"turns":1.0},{"damage":2.0,"enemies":"Jaw Worm","floor":5.0,"turns":4.0},{"damage":13.0,"enemies":"3 Sentries","floor":6.0,"turns":6.0},{"damage":9.0,"enemies":"Looter","floor":11.0,"turns":3.0},{"damage":48.0,"enemies":"Hexaghost","floor":16.0,"turns":17.0},{"damage":6.0,"enemies":"Chosen","floor":18.0,"turns":5.0},{"damage":17.0,"enemies":"conspire:FuzzyDice","floor":20.0,"turns":7.0},{"damage":16.0,"enemies":"conspire:HollyBat","floor":21.0,"turns":7.0},{"damage":5.0,"enemies":"Nightmare","floor":23.0,"turns":12.0},{"damage":0.0,"enemies":"Snecko","floor":28.0,"turns":4.0},{"damage":6.0,"enemies":"3 Cultists","floor":29.0,"turns":6.0},{"damage":18.0,"enemies":"Cultist and Chosen","floor":30.0,"turns":7.0},{"damage":8.0,"enemies":"Sentry and Sphere","floor":31.0,"turns":8.0},{"damage":39,"enemies":"Collector","floor":33,"turns":7}],"seed_played":"-6322080200029904299","potions_obtained":[{"floor":3.0,"key":"FocusPotion"},{"floor":5.0,"key":"Energy Potion"},{"floor":6.0,"key":"SteroidPotion"},{"floor":16.0,"key":"Slimebound:ThreeZeroPotion"},{"floor":18.0,"key":"DuplicationPotion"},{"floor":30.0,"key":"Swift Potion"},{"floor":31.0,"key":"ColorlessPotion"}],"is_trial":false,"path_per_floor":["M","?","M","?","M","E","?","R","T","$","M","T","R","$","R","B",null,"?","?","?","?","?","NM","AVR","T","T","T","?","?","?","?","T","B"],"character_chosen":"DEFECT","items_purchased":["SteamSale","Leap","Sweeping Beam"],"campfire_rested":3,"item_purchase_floors":[10,10,14],"current_hp_per_floor":[64,49,49,49,47,34,39,39,39,39,30,30,30,30,52,4,58,52,52,35,19,19,14,14,14,14,36,36,30,12,4,26,0,0],"gold":256,"neow_bonus":"THREE_ENEMY_KILL","is_daily":false,"chose_seed":false,"campfire_upgraded":2,"win_rate":0.0,"timestamp":1609793134,"path_taken":["M","?","?","?","M","E","?","R","T","$","M","?","R","?","R","BOSS","?","?","?","?","?","NM","AVR","T","T","T","?","?","?","?","T","BOSS"],"items_purchased_type":["Relic","Card","Card"],"build_version":"2020-12-22","purchased_purges":2,"victory":false,"max_hp_per_floor":[71,71,71,71,71,71,76,76,76,76,76,76,76,76,76,76,76,76,76,76,76,76,76,76,76,76,76,76,76,76,76,76,76,76],"card_choices":[{"not_picked":[],"picked":"ChaosCard","floor":0.0},{"not_picked":["Rip and Tear","ReplayTheSpireMod:Repulse"],"picked":"Tempest","floor":1.0},{"not_picked":["Crystallizer","Capacitor"],"picked":"ReplayTheSpireMod:Dual Polarity","floor":2.0},{"not_picked":["Barrage","Coolheaded"],"picked":"Cold Snap","floor":3.0},{"not_picked":["Leap","Barrage"],"picked":"Cold Snap","floor":5.0},{"not_picked":["Gash","Stack"],"picked":"conspire:SharedLibrary","floor":6.0},{"not_picked":["Barrage","Multi-Cast"],"picked":"Consume","floor":11.0},{"not_picked":["ReplayTheSpireMod:Omega Cannon","Rainbow"],"picked":"Echo Form","floor":16.0},{"not_picked":["Streamline","ReplayGash"],"picked":"Hologram","floor":18.0},{"not_picked":["Double Energy","Beam Cell"],"picked":"Conserve Battery","floor":20.0},{"not_picked":["Rebound","Turbo"],"picked":"Conserve Battery+1","floor":21.0},{"not_picked":["Conserve Battery","Panic Button"],"picked":"Redo+1","floor":23.0},{"not_picked":["Go for the Eyes","Beam Cell","Gash"],"picked":"SKIP","floor":28.0},{"not_picked":["Rebound","Turbo","Beam Cell"],"picked":"SKIP","floor":29.0},{"not_picked":["Coolheaded","Seek"],"picked":"aspiration:Polymerization+1","floor":30.0},{"not_picked":["Undo+1","Force Field"],"picked":"Blizzard","floor":31.0}],"player_experience":1270903,"relics_obtained":[{"floor":2.0,"key":"aspiration:StickyExplosives_weak"},{"floor":2.0,"key":"Tiny Chest"},{"floor":6.0,"key":"Emotion Chip"},{"floor":12.0,"key":"Symbiotic Virus"},{"floor":23.0,"key":"infinitespire:Eraser"}],"event_choices":[{"damage_healed":0.0,"max_hp_gain":0.0,"max_hp_loss":0.0,"gold_gain":0.0,"event_name":"HidenRoomEvent","player_choice":"Fight","floor":2.0,"gold_loss":0.0,"damage_taken":0.0},{"damage_healed":0.0,"max_hp_gain":5.0,"max_hp_loss":0.0,"gold_gain":0.0,"event_name":"Big Fish","player_choice":"Donut","floor":7.0,"gold_loss":0.0,"damage_taken":0.0}],"is_beta":false,"boss_relics":[{"not_picked":["Replay:Drink Me","Runic Dome"],"picked":"Painkiller Herb"},{"not_picked":[]}],"items_purged_floors":[10,24],"is_endless":true,"potions_floor_spawned":[3,5,6,16,18,20,30,31],"killed_by":"Collector","ascension_level":20}}