{"host":"i09pxcjttd31eh4q","time":1609756489,"event":{"mods":["AchievementEnabler","BaseMod","Colored Map","Keyboard Shortcuts","Minty Spire (QoL Compilation)","StSLib","SuperFastMode"],"gold_per_floor":[111,127,127,138,153,153,184,184,210,222,222,239,255,266,266,345,345,364,381,381,381,381],"floor_reached":21,"playtime":644,"items_purged":[],"score":370,"play_id":"bad3068b-da00-4edb-a998-f5d38e7d6138","local_time":"20210104193449","is_ascension_mode":true,"campfire_choices":[{"data":"Calculated Gamble","floor":6,"key":"SMITH"},{"floor":8,"key":"REST"},{"data":"Prepared","floor":15,"key":"SMITH"}],"circlet_count":0,"master_deck":["AscendersBane","Strike_G","Defend_G","Defend_G","Defend_G","Defend_G","Survivor","Neutralize+1","Dodge and Roll","Backflip","Corpse Explosion","Calculated Gamble+1","Escape Plan","Prepared+1","Deadly Poison","Underhanded Strike","Grand Finale","Predator+1","Masterful Stab+1","Distraction+1","Backflip","Dagger Throw","Night Terror","Tools of the Trade"],"relics":["Ring of the Snake","Tingsha","Akabeko","Lantern","Astrolabe"],"acts_visited":["Exordium","TheCity"],"potions_floor_usage":[5,16,16],"damage_taken":[{"damage":4,"enemies":"2 Louse","floor":1,"turns":4},{"damage":13,"enemies":"Cultist","floor":2,"turns":6},{"damage":2,"enemies":"Jaw Worm","floor":4,"turns":6},{"damage":7,"enemies":"Large Slime","floor":5,"turns":6},{"damage":28,"enemies":"Gremlin Nob","floor":7,"turns":4},{"damage":0,"enemies":"2 Fungi Beasts","floor":10,"turns":3},{"damage":1,"enemies":"Looter","floor":12,"turns":4},{"damage":8,"enemies":"Blue Slaver","floor":13,"turns":3},{"damage":4,"enemies":"Exordium Wildlife","floor":14,"turns":3},{"damage":23,"enemies":"The Guardian","floor":16,"turns":8},{"damage":0,"enemies":"3 Byrds","floor":18,"turns":2},{"damage":12,"enemies":"2 Thieves","floor":19,"turns":2},{"damage":39,"enemies":"Shelled Parasite and Fungi","floor":21,"turns":6}],"seed_played":"9025024508669750493","potions_obtained":[{"floor":4,"key":"Explosive Potion"},{"floor":5,"key":"BlessingOfTheForge"},{"floor":7,"key":"Regen Potion"},{"floor":16,"key":"AttackPotion"},{"floor":19,"key":"Energy Potion"}],"is_trial":false,"path_per_floor":["M","M","?","M","M","R","E","R","T","M","?","M","M","M","R","B",null,"M","M","?","M"],"character_chosen":"THE_SILENT","items_purchased":[],"campfire_rested":1,"item_purchase_floors":[],"current_hp_per_floor":[55,42,42,40,33,33,5,23,23,23,23,22,14,10,10,2,46,46,34,34,0,0],"gold":381,"neow_bonus":"ONE_RARE_RELIC","is_daily":false,"chose_seed":false,"campfire_upgraded":2,"win_rate":0.0,"timestamp":1609756489,"path_taken":["M","M","?","M","?","R","E","R","T","M","?","M","M","M","R","BOSS","M","M","?","M"],"items_purchased_type":[],"build_version":"2020-12-22","purchased_purges":0,"victory":false,"max_hp_per_floor":[60,60,60,60,60,60,60,60,60,60,60,60,60,60,60,60,60,60,60,60,60,60],"card_choices":[{"not_picked":["Choke","Expertise"],"picked":"Dodge and Roll","floor":1},{"not_picked":["Deflect","Cloak And Dagger"],"picked":"Backflip","floor":2},{"not_picked":["Deflect","Outmaneuver"],"picked":"Corpse Explosion","floor":4},{"not_picked":["Setup","Bane"],"picked":"Calculated Gamble","floor":5},{"not_picked":["Deadly Poison","Quick Slash"],"picked":"Escape Plan","floor":7},{"not_picked":["Deflect","Dagger Spray"],"picked":"Prepared","floor":10},{"not_picked":["Blade Dance","Slice"],"picked":"Deadly Poison","floor":12},{"not_picked":["Skewer","Predator"],"picked":"Underhanded Strike","floor":13},{"not_picked":["Slice","Setup"],"picked":"Grand Finale","floor":14},{"not_picked":["Sucker Punch","Leg Sweep"],"picked":"Backflip","floor":18},{"not_picked":["Dodge and Roll+1","Slice"],"picked":"Dagger Throw","floor":19}],"player_experience":826702,"relics_obtained":[{"floor":7,"key":"Akabeko"},{"floor":9,"key":"Lantern"}],"event_choices":[{"damage_healed":0,"gold_gain":0,"player_choice":"Upgraded","damage_taken":0,"max_hp_gain":0,"max_hp_loss":0,"event_name":"Upgrade Shrine","floor":3,"gold_loss":0,"cards_upgraded":["Neutralize"]},{"damage_healed":0,"gold_gain":0,"player_choice":"Ignored","damage_taken":0,"max_hp_gain":0,"max_hp_loss":0,"event_name":"Liars Game","floor":11,"gold_loss":0},{"damage_healed":0,"gold_gain":0,"cards_transformed":["Strike_G","Defend_G"],"player_choice":"Became Test Subject","damage_taken":0,"max_hp_gain":0,"max_hp_loss":0,"event_name":"Drug Dealer","floor":20,"gold_loss":0,"cards_obtained":["Night Terror","Tools of the Trade"]}],"is_beta":false,"boss_relics":[{"not_picked":["WristBlade","Calling Bell"],"picked":"Astrolabe"}],"items_purged_floors":[],"is_endless":false,"potions_floor_spawned":[4,5,7,14,16,19],"killed_by":"Shelled Parasite and Fungi","ascension_level":20}}