{"host":"mruvby243fwgm3bp","time":1609799199,"event":{"mods":["AchievementEnabler","BaseMod","Colored Map","Colored Powertips","Minty Spire (QoL Compilation)","Permanent Neow","Random Character Button","StSLib"],"gold_per_floor":[17,17,17,17,192,192,5,5,5],"floor_reached":8,"playtime":463,"items_purged":[],"score":55,"play_id":"2f738fb3-8067-47b1-88cb-f304080abec6","local_time":"20210104142639","is_ascension_mode":true,"campfire_choices":[{"data":"Well Laid Plans","floor":6,"key":"SMITH"}],"circlet_count":0,"master_deck":["Strike_G","Strike_G","Strike_G","Strike_G","Strike_G","Defend_G","Defend_G","Defend_G","Defend_G","Defend_G","Survivor+1","Neutralize+1","Adrenaline","Well Laid Plans+1","Doubt","Leg Sweep"],"relics":["Ring of the Snake","Golden Idol","Lantern"],"acts_visited":["Exordium"],"potions_floor_usage":[],"damage_taken":[{"damage":0,"enemies":"Jaw Worm","floor":1,"turns":4},{"damage":59,"enemies":"Gremlin Nob","floor":8,"turns":6}],"seed_played":"-7793606820045315012","potions_obtained":[],"is_trial":false,"path_per_floor":["M","?","?","$","?","R","$","E"],"character_chosen":"THE_SILENT","items_purchased":["Leg Sweep","Lantern"],"campfire_rested":0,"item_purchase_floors":[7,7],"current_hp_per_floor":[63,63,50,50,50,50,50,0,0],"gold":5,"neow_bonus":"THREE_RARE_CARDS","is_daily":false,"chose_seed":false,"campfire_upgraded":1,"win_rate":0.0,"timestamp":1609799199,"path_taken":["M","?","?","?","?","R","$","E"],"items_purchased_type":["Card","Relic"],"build_version":"2020-12-22","purchased_purges":0,"victory":false,"max_hp_per_floor":[70,65,65,65,65,65,65,65,65],"card_choices":[{"not_picked":["Burst","A Thousand Cuts"],"picked":"Adrenaline","floor":0},{"not_picked":["Acrobatics","Distraction"],"picked":"Well Laid Plans","floor":1}],"player_experience":370947,"relics_obtained":[],"event_choices":[{"damage_healed":0,"gold_gain":0,"player_choice":"Lose Max HP","damage_taken":0,"relics_obtained":["Golden Idol"],"max_hp_gain":0,"max_hp_loss":5,"event_name":"Golden Idol","floor":2,"gold_loss":0},{"damage_healed":0,"gold_gain":0,"player_choice":"Entered Light","damage_taken":13,"max_hp_gain":0,"max_hp_loss":0,"event_name":"Shining Light","floor":3,"gold_loss":0,"cards_upgraded":["Neutralize","Survivor"]},{"damage_healed":0,"gold_gain":175,"player_choice":"AGREE","damage_taken":0,"max_hp_gain":0,"max_hp_loss":0,"event_name":"Liars Game","floor":5,"gold_loss":0,"cards_obtained":["Doubt"]}],"is_beta":false,"boss_relics":[],"items_purged_floors":[],"is_endless":false,"potions_floor_spawned":[],"killed_by":"Gremlin Nob","ascension_level":6}}