{"host":"ormi09wwzv7sq47a","time":1609780206,"event":{"mods":["2.2 Compatiblity","AchievementEnabler","Act Like it!","BaseMod","Bestiary","Better Altar","Better Note","Better Sensory Stone","Better Skull","Better Third Choice","Better Vampires","BetterRewards","Block Reminder","Card Forge","Colored Map","Colored Powertips","Curses Come First","DeckTracker","Downfall","Highlight Path","Minty Spire (QoL Compilation)","Permanent Neow","Quick Restart","Rare Cards Sparkle","Relic Stats","Shop Mod","StSLib","The Jungle"],"gold_per_floor":[118,136,7,20,31,31,56,56,56,9,19,19,29,29,29,29,29],"floor_reached":16,"playtime":645,"items_purged":["Strike_B"],"score":148,"play_id":"f2b8a937-d58c-4d8d-88aa-186f8cbbe659","local_time":"20210104151006","is_ascension_mode":true,"campfire_choices":[{"data":"Zap","floor":6,"key":"SMITH"},{"data":"Dualcast","floor":8,"key":"SMITH"},{"data":"Double Energy","floor":12,"key":"SMITH"},{"data":"Beam Cell","floor":15,"key":"SMITH"}],"circlet_count":0,"master_deck":["Strike_B","Strike_B","Strike_B","Defend_B","Defend_B","Defend_B","Defend_B","Zap+1","Dualcast+1","Ball Lightning","Rip and Tear","Steam","Beam Cell+1","All For One","Gash","Turbo","Self Repair","Hologram","Double Energy+1","Conserve Battery"],"relics":["Cracked Core","Hammer of Thor","Seething Fire","Anvil of the Gods","Pocketwatch","Regal Pillow","Prayer Wheel"],"acts_visited":["Exordium"],"potions_floor_usage":[7,11,14],"damage_taken":[{"damage":0,"enemies":"Cultist","floor":1,"turns":2},{"damage":0,"enemies":"2 Louse","floor":2,"turns":2},{"damage":0,"enemies":"Small Slimes","floor":4,"turns":2},{"damage":1,"enemies":"3 Louse","floor":5,"turns":3},{"damage":1,"enemies":"Gremlin Nob","floor":7,"turns":3},{"damage":22,"enemies":"Exordium Wildlife","floor":11,"turns":3},{"damage":6,"enemies":"2 Fungi Beasts","floor":13,"turns":2},{"damage":0,"enemies":"Gremlin Nob","floor":14,"turns":2},{"damage":58,"enemies":"The Guardian","floor":16,"turns":10}],"seed_played":"2606234588619483945","potions_obtained":[{"floor":4,"key":"FairyPotion"},{"floor":5,"key":"SteroidPotion"},{"floor":7,"key":"SmokeBomb"}],"is_trial":false,"path_per_floor":["M","M","$","M","M","R","E","R","T","$","M","R","M","?","R","B"],"character_chosen":"DEFECT","items_purchased":["Ball Lightning","Rip and Tear","champ:CounterPotion","All For One","Gash","Hologram"],"campfire_rested":0,"item_purchase_floors":[0,0,0,3,3,10],"current_hp_per_floor":[60,60,60,60,59,59,58,58,58,58,36,36,30,30,30,0,0],"gold":29,"neow_bonus":"","is_daily":false,"chose_seed":false,"campfire_upgraded":4,"win_rate":0.0,"timestamp":1609780206,"path_taken":["M","M","$","?","M","R","E","R","T","$","M","R","M","?","R","BOSS"],"items_purchased_type":["Card","Card","Potion","Card","Card","Card"],"build_version":"2020-12-22","purchased_purges":1,"victory":false,"max_hp_per_floor":[75,75,75,75,75,75,75,75,75,75,75,75,75,75,75,75,75],"relic_stats":{"Regal Pillow":0,"counters":[90,375],"Prayer Wheel":0,"obtain_stats":[{"Calipers":0,"Gremlin Horn":45,"Vajra":9,"Hammer of Thor":0,"Runic Capacitor":14,"Whetstone":9,"Old Coin":36,"Sozu":17,"Blood Vial":0,"Centennial Puzzle":6,"Lizard Tail":0,"FaceOfCleric":12,"DollysMirror":38,"Strawberry":28,"Prayer Wheel":14,"Toxic Egg 2":26,"betterAltar:BloodRelic":20,"Blue Candle":20,"Oddly Smooth Stone":44,"Question Card":30,"Du-Vu Doll":42,"Bottled Flame":40,"Shuriken":31,"Anvil of the Gods":0,"Bronze Scales":42,"Snecko Eye":34,"Molten Egg 2":26,"Symbiotic Virus":14,"Pocketwatch":0,"Regal Pillow":7,"Singing Bowl":0,"Bag of Preparation":0,"Cursed Key":17,"Empty Cage":34,"Smiling Mask":8,"Emotion Chip":26,"Mummified Hand":13,"Cracked Core":0,"Thread and Needle":22,"PreservedInsect":40,"Omamori":38,"Seething Fire":0,"Orichalcum":5,"MawBank":6,"Medical Kit":0,"Mercury Hourglass":12,"DataDisk":8,"Anchor":54,"Ornamental Fan":26,"Art of War":14,"Coffee Dripper":17,"Bottled Lightning":43,"Toy Ornithopter":27},{"Calipers":39,"Gremlin Horn":61,"Vajra":18,"Hammer of Thor":0,"Runic Capacitor":44,"Whetstone":3,"Old Coin":30,"Sozu":22,"Blood Vial":39,"Centennial Puzzle":41,"Lizard Tail":64,"FaceOfCleric":19,"DollysMirror":31,"Strawberry":26,"Prayer Wheel":88,"Toxic Egg 2":12,"betterAltar:BloodRelic":47,"Blue Candle":73,"Oddly Smooth Stone":35,"Question Card":12,"Du-Vu Doll":34,"Bottled Flame":59,"Shuriken":12,"Anvil of the Gods":0,"Bronze Scales":60,"Snecko Eye":29,"Molten Egg 2":26,"Symbiotic Virus":71,"Pocketwatch":81,"Regal Pillow":86,"Singing Bowl":64,"Bag of Preparation":0,"Cursed Key":6,"Empty Cage":54,"Smiling Mask":69,"Emotion Chip":49,"Mummified Hand":44,"Cracked Core":0,"Thread and Needle":48,"PreservedInsect":33,"Omamori":31,"Seething Fire":0,"Orichalcum":40,"MawBank":17,"Medical Kit":39,"Mercury Hourglass":4,"DataDisk":42,"Anchor":63,"Ornamental Fan":76,"Art of War":5,"Coffee Dripper":45,"Bottled Lightning":34,"Toy Ornithopter":77},{"Calipers":153,"Gremlin Horn":255,"Vajra":67,"Hammer of Thor":0,"Runic Capacitor":174,"Whetstone":8,"Old Coin":116,"Sozu":80,"Blood Vial":153,"Centennial Puzzle":159,"Lizard Tail":263,"FaceOfCleric":70,"DollysMirror":120,"Strawberry":95,"Prayer Wheel":363,"Toxic Egg 2":46,"betterAltar:BloodRelic":193,"Blue Candle":305,"Oddly Smooth Stone":138,"Question Card":46,"Du-Vu Doll":135,"Bottled Flame":248,"Shuriken":46,"Anvil of the Gods":0,"Bronze Scales":252,"Snecko Eye":113,"Molten Egg 2":95,"Symbiotic Virus":293,"Pocketwatch":346,"Regal Pillow":358,"Singing Bowl":263,"Bag of Preparation":0,"Cursed Key":23,"Empty Cage":231,"Smiling Mask":280,"Emotion Chip":205,"Mummified Hand":174,"Cracked Core":0,"Thread and Needle":198,"PreservedInsect":132,"Omamori":120,"Seething Fire":0,"Orichalcum":155,"MawBank":64,"Medical Kit":153,"Mercury Hourglass":10,"DataDisk":168,"Anchor":261,"Ornamental Fan":319,"Art of War":14,"Coffee Dripper":186,"Bottled Lightning":135,"Toy Ornithopter":326}],"Pocketwatch":[27]},"card_choices":[{"not_picked":["Compile Driver","Sweeping Beam"],"picked":"Steam","floor":1},{"not_picked":["Coolheaded","Sweeping Beam"],"picked":"Beam Cell","floor":2},{"not_picked":["Ball Lightning","Static Discharge","Stack"],"picked":"SKIP","floor":4},{"not_picked":["Rebound","Chaos"],"picked":"Turbo","floor":5},{"not_picked":["Echo Form","Hyperbeam"],"picked":"Self Repair","floor":7},{"not_picked":["Redo","Beam Cell"],"picked":"Double Energy","floor":11},{"not_picked":["Glacier","Barrage"],"picked":"Conserve Battery","floor":13}],"player_experience":861724,"relics_obtained":[{"floor":7,"key":"Regal Pillow"}],"event_choices":[{"damage_healed":0,"gold_gain":0,"player_choice":"Searched \u00273\u0027 times","damage_taken":0,"relics_obtained":["Prayer Wheel"],"max_hp_gain":0,"max_hp_loss":0,"event_name":"Dead Adventurer","floor":14,"gold_loss":0}],"is_beta":false,"boss_relics":[],"items_purged_floors":[0],"is_endless":false,"potions_floor_spawned":[4,5,7],"killed_by":"The Guardian","ascension_level":9}}