{"host":"rolltorest","time":1609722134,"event":{"mods":["BaseMod","Minty Spire (QoL Compilation)","Relic Stats","Slay the Relics Exporter","StSLib","The Servant 0.9.4"],"gold_per_floor":[116,116,139,153,153,153,188,188,235,254,273,273,148,148,148,148,148],"floor_reached":16,"playtime":239,"items_purged":["Strike_S"],"score":246,"play_id":"f4af9d04-f3b6-45e8-bcff-784e40c6cf35","local_time":"20210103170214","is_ascension_mode":true,"campfire_choices":[{"data":"Unruled","floor":6,"key":"SMITH"},{"data":"MurderousAura","floor":8,"key":"SMITH"},{"data":"ShatteredReality","floor":15,"key":"SMITH"}],"circlet_count":0,"master_deck":["AscendersBane","Strike_S","Strike_S","Strike_S","Defend_S","Defend_S","Defend_S","Defend_S","KidneyShot","Exchange","Unruled+1","MoonPhase+1","MurderousAura+1","ShatteredReality+1","BottledTime","Alleviate"],"relics":["Uniform","NeowsBlessing","Toy Ornithopter","Turnip","The Courier"],"acts_visited":["Exordium"],"potions_floor_usage":[16],"damage_taken":[{"damage":0,"enemies":"Cultist","floor":1,"turns":1},{"damage":0,"enemies":"Jaw Worm","floor":4,"turns":1},{"damage":0,"enemies":"3 Sentries","floor":7,"turns":1},{"damage":4,"enemies":"Small Slimes","floor":10,"turns":5},{"damage":30,"enemies":"Gremlin Gang","floor":11,"turns":4},{"damage":40,"enemies":"Slime Boss","floor":16,"turns":8}],"seed_played":"-3966152751212006473","potions_obtained":[{"floor":4,"key":"Weak Potion"}],"is_trial":false,"path_per_floor":["M","?","T","M","?","R","E","R","T","M","M","?","$","?","R","B"],"character_chosen":"THE_SERVANT","items_purchased":["Alleviate"],"campfire_rested":0,"item_purchase_floors":[13],"current_hp_per_floor":[54,54,54,54,54,54,54,54,54,50,20,40,40,29,29,0,0],"gold":148,"neow_bonus":"THREE_ENEMY_KILL","is_daily":false,"chose_seed":false,"campfire_upgraded":3,"win_rate":0.0,"timestamp":1609722134,"path_taken":["M","?","?","M","?","R","E","R","T","M","?","?","$","?","R","BOSS"],"items_purchased_type":["Card"],"build_version":"2020-12-18","purchased_purges":1,"victory":false,"max_hp_per_floor":[60,60,60,60,60,60,60,60,60,60,60,60,60,60,60,60,60],"relic_stats":{"counters":[6,20],"Turnip":[6],"obtain_stats":[{"NeowsBlessing":0,"Turnip":7,"The Courier":14,"Uniform":0,"Toy Ornithopter":3},{"NeowsBlessing":0,"Turnip":3,"The Courier":5,"Uniform":0,"Toy Ornithopter":1},{"NeowsBlessing":0,"Turnip":3,"The Courier":12,"Uniform":0,"Toy Ornithopter":1}],"Toy Ornithopter":5},"card_choices":[{"not_picked":["BottledTime","Defy"],"picked":"Unruled","floor":1},{"not_picked":["Deadline","Defy"],"picked":"MoonPhase","floor":4},{"not_picked":["StarChef","Replace"],"picked":"MurderousAura","floor":7},{"not_picked":["BottledTime","InstantArmor"],"picked":"ShatteredReality","floor":10},{"not_picked":["Rewind","Potential"],"picked":"BottledTime","floor":11}],"player_experience":1913727,"relics_obtained":[{"floor":3,"key":"Toy Ornithopter"},{"floor":7,"key":"Turnip"}],"event_choices":[{"damage_healed":0,"gold_gain":0,"player_choice":"Ignored","damage_taken":0,"max_hp_gain":0,"max_hp_loss":0,"event_name":"Golden Wing","floor":2,"gold_loss":0},{"damage_healed":0,"gold_gain":0,"player_choice":"Upgraded","damage_taken":0,"max_hp_gain":0,"max_hp_loss":0,"event_name":"Upgrade Shrine","floor":5,"gold_loss":0,"cards_upgraded":["MoonPhase"]},{"damage_healed":20,"gold_gain":0,"player_choice":"Banana","damage_taken":0,"max_hp_gain":0,"max_hp_loss":0,"event_name":"Big Fish","floor":12,"gold_loss":0},{"damage_healed":0,"gold_gain":0,"player_choice":"Success","damage_taken":11,"relics_obtained":["The Courier"],"max_hp_gain":0,"max_hp_loss":0,"event_name":"Scrap Ooze","floor":14,"gold_loss":0}],"is_beta":true,"boss_relics":[],"items_purged_floors":[13],"is_endless":false,"potions_floor_spawned":[4],"killed_by":"Slime Boss","ascension_level":20}}