{"host":"6pgtslebjnyv5xmi","time":1609767836,"event":{"mods":["AchievementEnabler","BaseMod","Colored Map","Minty Spire (QoL Compilation)","Rare Cards Sparkle","StSLib","SuperFastMode","everything is the same but u backflip on backflip"],"gold_per_floor":[114,114,114,114,126,152,172,189,189,189,189,189,203,52,52,128,128,146,146,156,156,166,196,196,260,260,11,27,27,27,45,45,45,45],"floor_reached":33,"playtime":1294,"items_purged":[],"score":482,"play_id":"1a12733e-c545-4001-b022-98e62ed67c4c","local_time":"20210104224356","is_ascension_mode":true,"campfire_choices":[{"data":"Fire Breathing","floor":10,"key":"SMITH"},{"data":"Flex","floor":15,"key":"SMITH"},{"floor":24,"key":"REST"},{"floor":29,"key":"REST"},{"data":"Fiend Fire","floor":32,"key":"SMITH"}],"circlet_count":0,"master_deck":["AscendersBane","Defend_R","Defend_R","Defend_R","Defend_R","Bash","Seeing Red+1","Fire Breathing+1","Headbutt","Flex+1","Wild Strike","Offering","Combust+1","Reckless Charge","Rupture+1","Fiend Fire+1","Power Through+1","Offering+1","Dropkick+1","Ghostly Armor+1","Wild Strike","Inflame+1","Demon Form+1","Rupture+1"],"relics":["Burning Blood","NeowsBlessing","MealTicket","Frozen Egg 2","Orrery","Astrolabe","SsserpentHead","Unceasing Top","Letter Opener","Mercury Hourglass"],"acts_visited":["Exordium","TheCity"],"potions_floor_usage":[16,16,22,33],"damage_taken":[{"damage":0,"enemies":"Jaw Worm","floor":1,"turns":1},{"damage":0,"enemies":"Cultist","floor":5,"turns":1},{"damage":0,"enemies":"Gremlin Nob","floor":6,"turns":1},{"damage":6,"enemies":"2 Louse","floor":7,"turns":4},{"damage":5,"enemies":"Exordium Wildlife","floor":8,"turns":4},{"damage":0,"enemies":"3 Louse","floor":13,"turns":4},{"damage":31,"enemies":"The Guardian","floor":16,"turns":5},{"damage":25,"enemies":"3 Byrds","floor":18,"turns":4},{"damage":13,"enemies":"Chosen","floor":20,"turns":4},{"damage":14,"enemies":"Centurion and Healer","floor":22,"turns":2},{"damage":31,"enemies":"Slavers","floor":23,"turns":5},{"damage":11,"enemies":"Shelled Parasite and Fungi","floor":25,"turns":3},{"damage":17,"enemies":"Snecko","floor":28,"turns":5},{"damage":6,"enemies":"Centurion and Healer","floor":31,"turns":5},{"damage":127,"enemies":"Collector","floor":33,"turns":7}],"seed_played":"-2507333289283660001","potions_obtained":[{"floor":6,"key":"Swift Potion"},{"floor":8,"key":"BlessingOfTheForge"},{"floor":19,"key":"FairyPotion"},{"floor":19,"key":"Regen Potion"},{"floor":23,"key":"BlessingOfTheForge"}],"is_trial":false,"path_per_floor":["M","?","$","?","M","E","M","M","T","R","?","$","M","$","R","B",null,"M","?","M","?","M","E","R","M","T","$","M","R","$","M","R","B"],"character_chosen":"IRONCLAD","items_purchased":["Orrery","Mercury Hourglass"],"campfire_rested":2,"item_purchase_floors":[14,27],"current_hp_per_floor":[78,78,78,71,77,80,80,80,80,80,80,80,80,80,80,55,74,55,55,48,48,49,24,48,43,43,58,47,71,80,80,80,0,0],"gold":45,"neow_bonus":"THREE_ENEMY_KILL","is_daily":false,"chose_seed":false,"campfire_upgraded":3,"win_rate":0.0,"timestamp":1609767836,"path_taken":["M","?","?","?","M","E","M","?","T","R","?","?","M","$","R","BOSS","M","?","?","?","M","E","R","?","T","$","M","R","$","M","R","BOSS"],"items_purchased_type":["Relic","Relic"],"build_version":"2020-12-22","purchased_purges":0,"victory":false,"max_hp_per_floor":[80,80,80,80,80,80,80,80,80,80,80,80,80,80,80,80,80,80,80,80,80,80,80,80,80,80,80,80,80,80,80,80,80,80],"card_choices":[{"not_picked":["True Grit","Havoc"],"picked":"Seeing Red","floor":1},{"not_picked":["Shrug It Off","Warcry"],"picked":"Fire Breathing","floor":5},{"not_picked":["Havoc","Body Slam"],"picked":"Headbutt","floor":6},{"not_picked":["Shrug It Off","Armaments","Perfected Strike"],"picked":"SKIP","floor":7},{"not_picked":["Havoc","Searing Blow","Dual Wield"],"picked":"SKIP","floor":8},{"not_picked":["Sentinel","Warcry"],"picked":"Flex","floor":13},{"not_picked":["Headbutt","Flex"],"picked":"Wild Strike","floor":14},{"not_picked":["Flex","Heavy Blade"],"picked":"Offering","floor":14},{"not_picked":["Anger","Pummel"],"picked":"Combust+1","floor":14},{"not_picked":["Anger","Armaments"],"picked":"Reckless Charge","floor":14},{"not_picked":["Ghostly Armor","Barricade+1"],"picked":"Rupture+1","floor":14},{"not_picked":["Offering","Brutality+1"],"picked":"Fiend Fire","floor":16},{"not_picked":["Searing Blow","Carnage"],"picked":"Ghostly Armor+1","floor":18},{"not_picked":["Sword Boomerang","Headbutt"],"picked":"Wild Strike","floor":20},{"not_picked":["Pommel Strike","Clash","Armaments"],"picked":"SKIP","floor":22},{"not_picked":["Thunderclap+1","Havoc"],"picked":"Inflame+1","floor":23},{"not_picked":["Anger","Uppercut","Combust+1"],"picked":"SKIP","floor":25},{"not_picked":["Clash+1","Armaments"],"picked":"Demon Form+1","floor":28},{"not_picked":["Shrug It Off","Sword Boomerang"],"picked":"Rupture+1","floor":31}],"player_experience":709878,"relics_obtained":[{"floor":6,"key":"MealTicket"},{"floor":9,"key":"Frozen Egg 2"},{"floor":23,"key":"Unceasing Top"},{"floor":26,"key":"Letter Opener"}],"event_choices":[{"damage_healed":0,"gold_gain":0,"player_choice":"Upgraded","damage_taken":0,"max_hp_gain":0,"max_hp_loss":0,"event_name":"Upgrade Shrine","floor":2,"gold_loss":0,"cards_upgraded":["Seeing Red"]},{"cards_removed":["Strike_R"],"damage_healed":0,"gold_gain":0,"player_choice":"Card Removal","damage_taken":7,"max_hp_gain":0,"max_hp_loss":0,"event_name":"Golden Wing","floor":4,"gold_loss":0},{"cards_removed":["Strike_R"],"damage_healed":0,"gold_gain":0,"player_choice":"Forget","damage_taken":0,"max_hp_gain":0,"max_hp_loss":0,"event_name":"Living Wall","floor":11,"gold_loss":0},{"damage_healed":0,"gold_gain":0,"player_choice":"Got Potions","damage_taken":0,"max_hp_gain":0,"max_hp_loss":0,"event_name":"Lab","floor":19,"gold_loss":0},{"damage_healed":0,"gold_gain":0,"player_choice":"Trade","damage_taken":0,"relics_obtained":["SsserpentHead"],"max_hp_gain":0,"max_hp_loss":0,"event_name":"FaceTrader","floor":21,"gold_loss":0}],"is_beta":false,"boss_relics":[{"not_picked":["Black Star","Snecko Eye"],"picked":"Astrolabe"}],"items_purged_floors":[],"is_endless":false,"potions_floor_spawned":[6,8,23,31],"killed_by":"Collector","ascension_level":13}}