{"host":"2lo6hma6kymb0g9i","time":1609735213,"event":{"mods":["BaseMod","Colored Map","DeckTracker","Minty Spire (QoL Compilation)"],"gold_per_floor":[117,117,117,117,135,167,167,201,227,152,152,79,108,128,128,226,226,242,242,167,179,179,179,179,179],"floor_reached":24,"playtime":2002,"items_purged":["Strike_B"],"score":252,"play_id":"ef464b1d-eb12-43c7-a8fa-b755f31bd9a6","local_time":"20210104134013","is_ascension_mode":true,"campfire_choices":[{"floor":7,"key":"REST"},{"data":"Streamline","floor":11,"key":"SMITH"},{"data":"Coolheaded","floor":15,"key":"SMITH"},{"data":"Chaos","floor":23,"key":"SMITH"}],"circlet_count":0,"master_deck":["Strike_B","Strike_B","Defend_B","Defend_B+1","Defend_B","Defend_B","Zap","Dualcast","Seek+1","Sweeping Beam","Lockon","Coolheaded+1","Streamline+1","Chaos+1","Blizzard","Turbo","Multi-Cast","Leap"],"relics":["Cracked Core","Mummified Hand","StrikeDummy","Omamori","Strawberry","Blood Vial","SlaversCollar"],"acts_visited":["Exordium","TheCity"],"potions_floor_usage":[6,16,24],"damage_taken":[{"damage":1,"enemies":"2 Louse","floor":1,"turns":2},{"damage":12,"enemies":"Jaw Worm","floor":5,"turns":3},{"damage":10,"enemies":"Gremlin Nob","floor":6,"turns":3},{"damage":27,"enemies":"3 Sentries","floor":8,"turns":7},{"damage":9,"enemies":"Lagavulin","floor":13,"turns":7},{"damage":0,"enemies":"Small Slimes","floor":14,"turns":3},{"damage":1,"enemies":"The Guardian","floor":16,"turns":13},{"damage":19,"enemies":"Chosen","floor":18,"turns":5},{"damage":30,"enemies":"Spheric Guardian","floor":21,"turns":7},{"damage":23,"enemies":"Slavers","floor":24,"turns":3}],"seed_played":"6918784958223848639","potions_obtained":[{"floor":1,"key":"FearPotion"},{"floor":8,"key":"PowerPotion"},{"floor":13,"key":"Explosive Potion"},{"floor":14,"key":"SteroidPotion"}],"is_trial":false,"path_per_floor":["M","?","$","T","M","E","R","E","T","$","R","$","E","M","R","B",null,"M","?","?","M","?","R","E"],"character_chosen":"DEFECT","items_purchased":["Chaos"],"campfire_rested":1,"item_purchase_floors":[12],"current_hp_per_floor":[53,38,38,38,26,16,38,11,18,18,18,18,9,11,11,12,82,63,63,63,35,19,19,0,0],"gold":179,"neow_bonus":"THREE_RARE_CARDS","is_daily":false,"chose_seed":false,"campfire_upgraded":3,"win_rate":0.0,"timestamp":1609735213,"path_taken":["M","?","?","?","M","E","R","E","T","$","R","?","E","M","R","BOSS","M","?","?","M","?","R","E"],"items_purchased_type":["Card"],"build_version":"2020-12-22","purchased_purges":1,"victory":false,"max_hp_per_floor":[75,75,75,75,75,75,75,75,82,82,82,82,82,82,82,82,82,82,82,82,82,87,87,87,87],"card_choices":[{"not_picked":["Biased Cognition","Echo Form"],"picked":"Seek","floor":0},{"not_picked":["Consume","Gash"],"picked":"Sweeping Beam","floor":1},{"not_picked":["Blizzard","Ball Lightning"],"picked":"Lockon","floor":5},{"not_picked":["Storm","Meteor Strike"],"picked":"Coolheaded","floor":6},{"not_picked":["Heatsinks","Reprogram"],"picked":"Streamline","floor":8},{"not_picked":["Consume","Undo"],"picked":"Blizzard","floor":13},{"not_picked":["Scrape","Streamline"],"picked":"Turbo","floor":14},{"not_picked":["Thunder Strike","All For One"],"picked":"Multi-Cast","floor":16},{"not_picked":["Blizzard","Steam+1","Sunder"],"picked":"SKIP","floor":18},{"not_picked":["Cold Snap","Ball Lightning+1"],"picked":"Leap","floor":21}],"player_experience":921424,"relics_obtained":[{"floor":4,"key":"Mummified Hand"},{"floor":6,"key":"StrikeDummy"},{"floor":8,"key":"Omamori"},{"floor":9,"key":"Strawberry"},{"floor":13,"key":"Blood Vial"}],"event_choices":[{"damage_healed":0,"gold_gain":0,"player_choice":"Entered Light","damage_taken":15,"max_hp_gain":0,"max_hp_loss":0,"event_name":"Shining Light","floor":2,"gold_loss":0,"cards_upgraded":["Seek","Defend_B"]},{"damage_healed":0,"gold_gain":0,"player_choice":"Ignored","damage_taken":0,"max_hp_gain":0,"max_hp_loss":0,"event_name":"Ghosts","floor":19,"gold_loss":0},{"cards_removed":["Strike_B"],"damage_healed":0,"gold_gain":0,"player_choice":"Gave Gold","damage_taken":0,"max_hp_gain":0,"max_hp_loss":0,"event_name":"Beggar","floor":20,"gold_loss":75},{"damage_healed":0,"gold_gain":0,"player_choice":"Shed Blood","damage_taken":21,"max_hp_gain":5,"max_hp_loss":0,"event_name":"Forgotten Altar","floor":22,"gold_loss":0}],"is_beta":false,"boss_relics":[{"not_picked":["Empty Cage","Runic Dome"],"picked":"SlaversCollar"}],"items_purged_floors":[10],"is_endless":false,"potions_floor_spawned":[1,8,13,14],"killed_by":"Slavers","ascension_level":4}}