{"host":"5wznv0010959mrmz","time":1609732899,"event":{"mods":["BaseMod","Highlight Path","Minty Spire (QoL Compilation)"],"gold_per_floor":[118,66,66,66,66,92,107,107,107,107,122,122,136,148,148,221,221,237,237,13,32,51,51,51],"floor_reached":23,"playtime":703,"items_purged":["Slice"],"score":432,"play_id":"3abfb1a1-5e19-4f82-82be-4fa54a4459fa","local_time":"20210103220139","is_ascension_mode":true,"campfire_choices":[{"data":"Poisoned Stab","floor":8,"key":"SMITH"},{"data":"Blade Dance","floor":12,"key":"SMITH"},{"data":"Catalyst","floor":15,"key":"SMITH"}],"circlet_count":0,"master_deck":["AscendersBane","Strike_G+1","Strike_G+1","Strike_G+1","Strike_G+1","Defend_G+1","Defend_G+1","Defend_G+1","Defend_G+1","Survivor","Neutralize","Poisoned Stab+1","Blade Dance","Blade Dance+1","Catalyst+1","Deadly Poison","Envenom","Cloak And Dagger","Escape Plan+1","Bane+1"],"relics":["Ring of the Snake","NeowsBlessing","Strawberry","Eternal Feather","TungstenRod","Cursed Key","Membership Card"],"acts_visited":["Exordium","TheCity"],"potions_floor_usage":[16,18,23,23],"damage_taken":[{"damage":0,"enemies":"Cultist","floor":1,"turns":1},{"damage":0,"enemies":"Lagavulin","floor":6,"turns":1},{"damage":0,"enemies":"Jaw Worm","floor":7,"turns":1},{"damage":1,"enemies":"Small Slimes","floor":11,"turns":2},{"damage":9,"enemies":"Exordium Thugs","floor":13,"turns":3},{"damage":0,"enemies":"Large Slime","floor":14,"turns":4},{"damage":43,"enemies":"Hexaghost","floor":16,"turns":8},{"damage":0,"enemies":"3 Byrds","floor":18,"turns":4},{"damage":14,"enemies":"Shell Parasite","floor":21,"turns":4},{"damage":32,"enemies":"Sentry and Sphere","floor":22,"turns":7},{"damage":32,"enemies":"Gremlin Leader","floor":23,"turns":4}],"seed_played":"-8057969294477106534","potions_obtained":[{"floor":11,"key":"CunningPotion"},{"floor":13,"key":"Weak Potion"},{"floor":21,"key":"Energy Potion"},{"floor":22,"key":"Regen Potion"}],"is_trial":false,"path_per_floor":["M","$","?","$","?","E","M","R","T","?","M","R","M","M","R","B",null,"M","?","$","M","M","E"],"character_chosen":"THE_SILENT","items_purchased":["Poisoned Stab","Membership Card","SteroidPotion"],"campfire_rested":0,"item_purchase_floors":[2,20,20],"current_hp_per_floor":[59,59,59,59,59,66,66,66,66,66,65,73,64,64,73,30,62,62,62,62,48,16,0,0],"gold":51,"neow_bonus":"THREE_ENEMY_KILL","is_daily":false,"chose_seed":false,"campfire_upgraded":3,"win_rate":0.0,"timestamp":1609732899,"path_taken":["M","$","?","?","?","E","?","R","T","?","?","R","M","M","R","BOSS","M","?","$","M","M","E"],"items_purchased_type":["Card","Relic","Potion"],"build_version":"2020-12-22","purchased_purges":1,"victory":false,"max_hp_per_floor":[66,66,66,66,66,73,73,73,73,73,73,73,73,73,73,73,73,73,73,73,73,73,73,73],"card_choices":[{"not_picked":["Backflip","Bane"],"picked":"Slice","floor":1},{"not_picked":["Outmaneuver","Deflect"],"picked":"Sucker Punch","floor":6},{"not_picked":["Cloak And Dagger","Quick Slash"],"picked":"Blade Dance","floor":7},{"not_picked":["Calculated Gamble","A Thousand Cuts"],"picked":"Blade Dance","floor":11},{"not_picked":["Poisoned Stab","Endless Agony"],"picked":"Catalyst","floor":13},{"not_picked":["Setup","Deflect"],"picked":"Deadly Poison","floor":14},{"not_picked":["Unload","A Thousand Cuts"],"picked":"Envenom","floor":16},{"not_picked":["Blur","Skewer"],"picked":"Cloak And Dagger","floor":18},{"not_picked":["Finisher","Poisoned Stab"],"picked":"Escape Plan+1","floor":21},{"not_picked":["Acrobatics","Deflect"],"picked":"Bane+1","floor":22}],"player_experience":396777,"relics_obtained":[{"floor":6,"key":"Strawberry"},{"floor":9,"key":"Eternal Feather"}],"event_choices":[{"cards_removed":["Strike_G"],"damage_healed":0,"gold_gain":0,"player_choice":"Purged","damage_taken":0,"max_hp_gain":0,"max_hp_loss":0,"event_name":"Purifier","floor":3,"gold_loss":0},{"cards_removed":["Defend_G"],"damage_healed":0,"gold_gain":0,"player_choice":"Offered Basic","damage_taken":0,"max_hp_gain":0,"max_hp_loss":0,"event_name":"Bonfire Elementals","floor":5,"gold_loss":0},{"cards_removed":["Sucker Punch"],"damage_healed":0,"gold_gain":0,"player_choice":"Gave Card","damage_taken":0,"relics_obtained":["TungstenRod"],"max_hp_gain":0,"max_hp_loss":0,"event_name":"WeMeetAgain","floor":10,"gold_loss":0},{"damage_healed":0,"gold_gain":0,"player_choice":"Simplicity","damage_taken":0,"max_hp_gain":0,"max_hp_loss":0,"event_name":"Back to Basics","floor":19,"gold_loss":0,"cards_upgraded":["Strike_G","Strike_G","Strike_G","Strike_G","Defend_G","Defend_G","Defend_G","Defend_G"]}],"is_beta":false,"boss_relics":[{"not_picked":["Empty Cage","Coffee Dripper"],"picked":"Cursed Key"}],"items_purged_floors":[20],"is_endless":false,"potions_floor_spawned":[11,13,21,22],"killed_by":"Gremlin Leader","ascension_level":20}}