{"host":"l60rmjjsfi0fipmi","time":1609730423,"event":{"mods":["BaseMod","Colored Map","DeckTracker","Highlight Path","Minty Spire (QoL Compilation)"],"gold_per_floor":[119,69,89,89,106,106,133,133,160,178,189,39,39,52,52,149,149,168,186,44,44,57,57,91,91,173,173,273,273,273],"floor_reached":29,"playtime":1577,"items_purged":["Strike_R"],"score":243,"play_id":"9459a794-3c5b-4be0-b445-15f73fd85f48","local_time":"20210103222023","is_ascension_mode":false,"campfire_choices":[{"data":"Bash","floor":6,"key":"SMITH"},{"data":"Immolate","floor":8,"key":"SMITH"},{"data":"Seeing Red","floor":13,"key":"SMITH"},{"data":"Metallicize","floor":15,"key":"SMITH"},{"floor":23,"key":"REST"},{"floor":25,"key":"REST"}],"circlet_count":0,"master_deck":["Strike_R","Strike_R","Strike_R","Strike_R","Defend_R","Defend_R","Defend_R","Bash+1","Swift Strike","Metallicize+1","Battle Trance","Immolate+1","Parasite","Finesse","Clothesline","Evolve","Seeing Red+1","Spot Weakness","Juggernaut","Anger","Cleave+1","Demon Form","Iron Wave"],"relics":["Burning Blood","MealTicket","Vajra","Black Star","InkBottle","Self Forming Clay","HornCleat","Prayer Wheel","Letter Opener"],"acts_visited":["Exordium","TheCity"],"potions_floor_usage":[16,24,24,24,24,24,24],"damage_taken":[{"damage":6,"enemies":"Jaw Worm","floor":1,"turns":2},{"damage":2,"enemies":"2 Louse","floor":3,"turns":2},{"damage":0,"enemies":"Cultist","floor":5,"turns":3},{"damage":19,"enemies":"3 Sentries","floor":7,"turns":6},{"damage":5,"enemies":"Looter","floor":10,"turns":2},{"damage":4,"enemies":"2 Fungi Beasts","floor":11,"turns":2},{"damage":0,"enemies":"3 Louse","floor":14,"turns":2},{"damage":40,"enemies":"Hexaghost","floor":16,"turns":8},{"damage":40,"enemies":"3 Byrds","floor":18,"turns":5},{"damage":16,"enemies":"Shell Parasite","floor":19,"turns":5},{"damage":30,"enemies":"Centurion and Healer","floor":22,"turns":6},{"damage":46,"enemies":"Book of Stabbing","floor":24,"turns":6},{"damage":20,"enemies":"Colosseum Slavers","floor":28,"turns":3},{"damage":19,"enemies":"Colosseum Nobs","floor":28,"turns":4},{"damage":13,"enemies":"3 Cultists","floor":29,"turns":3}],"seed_played":"847757735898260967","potions_obtained":[{"floor":3,"key":"SmokeBomb"},{"floor":7,"key":"EssenceOfSteel"},{"floor":11,"key":"BlessingOfTheForge"},{"floor":14,"key":"SteroidPotion"},{"floor":18,"key":"EntropicBrew"},{"floor":28,"key":"SpeedPotion"}],"is_trial":false,"path_per_floor":["M","?","M","?","M","R","E","R","T","M","M","$","R","M","R","B",null,"M","M","$","?","M","R","E","R","T","?","?","M"],"character_chosen":"IRONCLAD","items_purchased":["Spot Weakness","Demon Form"],"campfire_rested":2,"item_purchase_floors":[12,20],"current_hp_per_floor":[80,80,80,80,80,80,67,67,67,68,70,80,80,80,80,46,80,46,36,51,51,27,51,11,35,35,35,8,0,0],"gold":273,"neow_bonus":"RANDOM_COLORLESS","is_daily":false,"chose_seed":false,"campfire_upgraded":4,"win_rate":0.0,"timestamp":1609730423,"path_taken":["M","?","M","?","M","R","E","R","T","M","M","$","R","M","R","BOSS","M","M","$","?","M","R","E","R","T","?","?","M"],"items_purchased_type":["Card","Card"],"build_version":"2020-12-22","purchased_purges":1,"victory":false,"max_hp_per_floor":[80,80,80,80,80,80,80,80,80,80,80,80,80,80,80,80,80,80,80,80,80,80,80,80,80,80,80,80,80,80],"card_choices":[{"not_picked":["Trip","PanicButton"],"picked":"Swift Strike","floor":0},{"not_picked":["Pummel","Clash"],"picked":"Metallicize","floor":1},{"not_picked":["Heavy Blade","Burning Pact"],"picked":"Battle Trance","floor":3},{"not_picked":["Warcry","Combust"],"picked":"Clothesline","floor":5},{"not_picked":["Clothesline","Rupture","Reckless Charge"],"picked":"SKIP","floor":7},{"not_picked":["Perfected Strike","Sword Boomerang"],"picked":"Evolve","floor":10},{"not_picked":["Berserk","Pommel Strike"],"picked":"Seeing Red","floor":11},{"not_picked":["Twin Strike","Intimidate","Power Through"],"picked":"SKIP","floor":14},{"not_picked":["Berserk","Brutality"],"picked":"Juggernaut","floor":16},{"not_picked":["Uppercut","Battle Trance"],"picked":"Anger","floor":18},{"not_picked":["Fire Breathing","Thunderclap+1"],"picked":"Cleave+1","floor":19},{"not_picked":["Pommel Strike+1","Twin Strike","Cleave"],"picked":"SKIP","floor":22},{"not_picked":["Wild Strike","Anger","Hemokinesis+1"],"picked":"SKIP","floor":24},{"not_picked":["Clothesline","Blood for Blood+1"],"picked":"Iron Wave","floor":28}],"player_experience":227615,"relics_obtained":[{"floor":7,"key":"MealTicket"},{"floor":9,"key":"Vajra"},{"floor":24,"key":"InkBottle"},{"floor":24,"key":"Self Forming Clay"},{"floor":26,"key":"HornCleat"},{"floor":28,"key":"Prayer Wheel"},{"floor":28,"key":"Letter Opener"}],"event_choices":[{"cards_removed":["Defend_R"],"damage_healed":0,"gold_gain":0,"player_choice":"Card Removal","damage_taken":0,"max_hp_gain":0,"max_hp_loss":0,"event_name":"The Cleric","floor":2,"gold_loss":50},{"damage_healed":0,"gold_gain":0,"player_choice":"3 cards matched","damage_taken":0,"max_hp_gain":0,"max_hp_loss":0,"event_name":"Match and Keep!","floor":4,"gold_loss":0,"cards_obtained":["Immolate","Parasite","Finesse"]},{"damage_healed":0,"gold_gain":0,"player_choice":"3 cards matched","damage_taken":0,"max_hp_gain":0,"max_hp_loss":0,"event_name":"Match and Keep!","floor":4,"gold_loss":0,"cards_obtained":["Immolate","Parasite","Finesse"]},{"damage_healed":0,"gold_gain":0,"player_choice":"Ignored","damage_taken":0,"max_hp_gain":0,"max_hp_loss":0,"event_name":"Vampires","floor":21,"gold_loss":0},{"damage_healed":0,"gold_gain":0,"player_choice":"Ignored","damage_taken":0,"max_hp_gain":0,"max_hp_loss":0,"event_name":"Ghosts","floor":27,"gold_loss":0},{"damage_healed":0,"gold_gain":0,"player_choice":"Fight","damage_taken":0,"max_hp_gain":0,"max_hp_loss":0,"event_name":"Colosseum","floor":28,"gold_loss":0},{"damage_healed":0,"gold_gain":0,"player_choice":"Fought Nobs","damage_taken":0,"max_hp_gain":0,"max_hp_loss":0,"event_name":"Colosseum","floor":28,"gold_loss":0}],"is_beta":false,"boss_relics":[{"not_picked":["Sozu","Cursed Key"],"picked":"Black Star"}],"items_purged_floors":[12],"is_endless":false,"potions_floor_spawned":[3,7,11,14,18,28],"killed_by":"3 Cultists","ascension_level":0}}