{"host":"os9owiyb0rak6c8n","time":1609792233,"event":{"mods":["AchievementEnabler","Astrologer","BaseMod","Beaked The Cultist","Better Third Choice","Block Reminder","Colored Map","Colored Powertips","Dio Mod","Minty Spire (QoL Compilation)","Robot Space Explorer","Spicy Shops","StSLib","The Death Knight","The Necromancer"],"gold_per_floor":[112,287,287,302,316,345,345,345,345,345,345],"floor_reached":10,"playtime":241,"items_purged":[],"score":102,"play_id":"27dd3658-b632-40e4-a29d-d36e8b64b308","local_time":"20210104213033","is_ascension_mode":true,"campfire_choices":[{"floor":8,"key":"REST"}],"circlet_count":0,"master_deck":["AscendersBane","Strike_B","Strike_B","Strike_B","Strike_B","Defend_B","Defend_B","Defend_B","Defend_B","Zap","Dualcast","Genetic Algorithm","Gash","Doubt","Coolheaded","Streamline","Lockon","Vault"],"relics":["Cracked Core","Ornamental Fan","Happy Flower","Symbiotic Virus"],"acts_visited":["Exordium"],"potions_floor_usage":[6,6,10],"damage_taken":[{"damage":7,"enemies":"Jaw Worm","floor":1,"turns":4},{"damage":0,"enemies":"Cultist","floor":4,"turns":4},{"damage":2,"enemies":"2 Louse","floor":5,"turns":3},{"damage":36,"enemies":"Lagavulin","floor":6,"turns":5},{"damage":22,"enemies":"Gremlin Nob","floor":10,"turns":4}],"seed_played":"859603877508744412","potions_obtained":[{"floor":1,"key":"LiquidMemories"},{"floor":3,"key":"CultistPotion"},{"floor":6,"key":"DeathKnight:RimePotion"}],"is_trial":false,"path_per_floor":["M","?","?","M","M","E","?","R","T","E"],"character_chosen":"DEFECT","items_purchased":[],"campfire_rested":1,"item_purchase_floors":[],"current_hp_per_floor":[61,61,61,61,59,23,11,33,33,11,11],"gold":345,"neow_bonus":"THREE_CARDS","is_daily":false,"chose_seed":false,"campfire_upgraded":0,"win_rate":0.0,"timestamp":1609792233,"path_taken":["M","?","?","M","?","E","?","R","T","E"],"items_purchased_type":[],"build_version":"2020-12-22","purchased_purges":0,"victory":false,"max_hp_per_floor":[75,75,75,75,75,75,75,75,75,75,75],"card_choices":[{"not_picked":["Hello World","Redo"],"picked":"Genetic Algorithm","floor":0},{"not_picked":["Heatsinks","Beam Cell"],"picked":"Gash","floor":1},{"not_picked":["Genetic Algorithm","Steam Power"],"picked":"Coolheaded","floor":4},{"not_picked":["Leap","Coolheaded"],"picked":"Streamline","floor":5},{"not_picked":["Storm","Blizzard"],"picked":"Lockon","floor":6}],"player_experience":587846,"relics_obtained":[{"floor":6,"key":"Ornamental Fan"},{"floor":9,"key":"Symbiotic Virus"}],"event_choices":[{"damage_healed":0,"gold_gain":175,"player_choice":"AGREE","damage_taken":112,"max_hp_gain":0,"max_hp_loss":0,"event_name":"betterThird:BetterSerpent","floor":2,"gold_loss":0},{"damage_healed":0,"gold_gain":0,"player_choice":"Got Potions","damage_taken":0,"max_hp_gain":0,"max_hp_loss":0,"event_name":"Lab","floor":3,"gold_loss":0}],"is_beta":false,"boss_relics":[],"items_purged_floors":[],"is_endless":false,"potions_floor_spawned":[1,6],"killed_by":"Gremlin Nob","ascension_level":11}}