{"host":"6qo42zgaknezulyg","time":1609766692,"event":{"mods":["2.2 Compatiblity","BaseMod","Colored Map","Downfall","Keyboard Shortcuts","Minty Spire (QoL Compilation)","Permanent Neow","Quick Restart","StSLib","SuperFastMode"],"gold_per_floor":[99,110,130,146,146,246,269,299,299,312,326,382,80,80,96,192,192,192,205,215,229,229,229,229,229,259,159,34,34,34,34,47,142,142,142,158,158,433,452,467,467,501,31,31,131,81,81,96,114,114],"floor_reached":51,"playtime":2884,"items_purged":["bronze:Strike","bronze:Backtrace","bronze:Strike"],"score":795,"play_id":"3b80c800-bc8c-4094-bdb7-b716795e2122","local_time":"20210104222452","is_ascension_mode":false,"campfire_choices":[{"data":"bronze:Goto","floor":1.0,"key":"SMITH"},{"data":"bronze:SearingBeam","floor":9.0,"key":"SMITH"},{"data":"bronze:Repulsor","floor":18.0,"key":"SMITH"},{"data":"Apotheosis","floor":23.0,"key":"SMITH"},{"floor":25.0,"key":"REST"},{"data":"bronze:GetLatest","floor":27.0,"key":"SMITH"},{"data":"bronze:FollowUp","floor":35,"key":"SMITH"},{"data":"expansioncontent:StudyTheSpire","floor":47,"key":"SMITH"}],"circlet_count":0,"master_deck":["bronze:Defend","bronze:Defend","bronze:Defend","bronze:Replicate+1","bronze:Goto+1","bronze:Optimize","bronze:SearingBeam+1","bronze:GetLatest+1","bronze:FollowUp+1","bronze:Repulsor+1","bronze:AlphaBuild+1","bronze:Fortify","bronze:Format","bronze:Allocate+1","bronze:ChildClass","bronze:BronzeOrb","Apotheosis+1","bronze:ChildClass+1","bronze:Invalidate+1","bronze:Format+1","bronze:DelayedSlice+1","expansioncontent:StudyTheSpire+1","expansioncontent:AwakenDeath","bronze:Format+1","Parasite","Decay","downfall:Icky","bronze:FindAndReplace+1","downfall:Bewildered","bronze:Repulsor+1"],"relics":["bronze:BronzeCore","Meat on the Bone","hexamod:BolsterEngine","Ginger","PreservedInsect","Darkstone Periapt","bronze:MakeshiftBattery","Toxic Egg 2","Omamori","downfall:HeartBlessingGreen","sneckomod:BlankCard","Guardian:PocketSentry","CaptainsWheel","Philosopher\u0027s Stone","Bottled Lightning","Whetstone","ClockworkSouvenir","bronze:BottledCode","Du-Vu Doll"],"acts_visited":["Exordium","TheCity","TheBeyond"],"potions_floor_usage":[33,33,33,50,50],"damage_taken":[{"damage":1.0,"enemies":"Jaw Worm","floor":2.0,"turns":3.0},{"damage":2.0,"enemies":"2 Louse","floor":3.0,"turns":2.0},{"damage":0.0,"enemies":"Small Slimes","floor":4.0,"turns":4.0},{"damage":22.0,"enemies":"Lagavulin","floor":8.0,"turns":6.0},{"damage":1.0,"enemies":"Blue Slaver","floor":10.0,"turns":3.0},{"damage":0.0,"enemies":"Gremlin Gang","floor":11.0,"turns":4.0},{"damage":8.0,"enemies":"Gremlin Nob","floor":12.0,"turns":3.0},{"damage":10.0,"enemies":"downfall:FleeingMerchant","floor":13.0,"turns":4.0},{"damage":0.0,"enemies":"Red Slaver","floor":15.0,"turns":2.0},{"damage":34.0,"enemies":"downfall:Watcher","floor":16.0,"turns":10.0},{"damage":19.0,"enemies":"Shell Parasite","floor":19.0,"turns":5.0},{"damage":10.0,"enemies":"Chosen","floor":20.0,"turns":4.0},{"damage":18.0,"enemies":"Snake Plant","floor":21.0,"turns":5.0},{"damage":12.0,"enemies":"downfall:FleeingMerchant","floor":22.0,"turns":4.0},{"damage":11.0,"enemies":"Book of Stabbing","floor":26.0,"turns":5.0},{"damage":0.0,"enemies":"3 Cultists","floor":32.0,"turns":5.0},{"damage":14,"enemies":"downfall:Ironclad","floor":33,"turns":10},{"damage":15,"enemies":"3 Darklings","floor":36,"turns":3},{"damage":0,"enemies":"3 Shapes","floor":39,"turns":4},{"damage":0,"enemies":"Sphere and 2 Shapes","floor":40,"turns":4},{"damage":3,"enemies":"Reptomancer","floor":42,"turns":5},{"damage":0,"enemies":"Spire Growth","floor":48,"turns":4},{"damage":0,"enemies":"4 Shapes","floor":49,"turns":3},{"damage":5,"enemies":"downfall:Silent","floor":50,"turns":5}],"seed_played":"-2934301067813884318","potions_obtained":[{"floor":3.0,"key":"Weak Potion"},{"floor":4.0,"key":"SpeedPotion"},{"floor":12.0,"key":"bronze:BurnAndBuffPotion"},{"floor":16.0,"key":"LiquidBronze"},{"floor":26.0,"key":"Block Potion"},{"floor":33,"key":"LiquidBronze"},{"floor":36,"key":"Energy Potion"},{"floor":42,"key":"FearPotion"},{"floor":49,"key":"EntropicBrew"}],"is_trial":false,"path_per_floor":["R","M","M","M","?","?","T","E","R","M","M","?","$","T","M","B",null,"R","M","M","M","$","R","T","R","E","R","$","?","T","?","M","B",null,"R","M","?","?","M","M","T","E","$","?","?","$","R","M","M","B",null],"character_chosen":"THE_AUTOMATON","items_purchased":["bronze:Repulsor","bronze:AlphaBuild","Apotheosis","Block Potion","expansioncontent:StudyTheSpire","expansioncontent:AwakenDeath","bronze:Format+1","ClockworkSouvenir","Dexterity Potion"],"campfire_rested":1,"item_purchase_floors":[13,13,22,22,43,43,43,43,46],"current_hp_per_floor":[63,62,60,60,57,57,57,35,35,34,34,38,40,40,40,18,63,63,44,34,28,28,28,28,46,35,35,35,35,35,35,35,33,63,63,48,48,48,48,48,48,45,45,45,69,69,69,69,69,64],"gold":114,"neow_bonus":"REMOVE_TWO","is_daily":false,"chose_seed":false,"campfire_upgraded":7,"win_rate":0.0,"timestamp":1609766692,"path_taken":["R","M","M","M","?","?","T","E","R","M","M","?","?","?","M","BOSS","R","M","M","?","$","R","T","R","E","R","?","?","?","?","M","BOSS","R","M","?","?","?","M","T","E","$","?","?","$","R","M","M","BOSS"],"items_purchased_type":["Card","Card","Card","Potion","Card","Card","Card","Relic","Potion"],"build_version":"2020-12-22","purchased_purges":3,"victory":true,"max_hp_per_floor":[63,63,63,63,63,63,63,63,63,63,63,63,63,63,63,63,63,63,63,63,63,63,63,63,63,63,63,63,63,63,63,63,63,63,63,63,63,63,63,63,63,63,63,53,77,77,77,77,77,77],"card_choices":[{"not_picked":["bronze:Frontload","bronze:Iterate"],"picked":"bronze:Backtrace","floor":2.0},{"not_picked":["bronze:DelayedSlice","bronze:DarkDash"],"picked":"bronze:Optimize","floor":3.0},{"not_picked":["bronze:Optimize","bronze:BuggyMess","bronze:Shield"],"picked":"SKIP","floor":4.0},{"not_picked":["bronze:Deprecate","bronze:BronzeOrb"],"picked":"bronze:SearingBeam","floor":8.0},{"not_picked":["bronze:Iterate","bronze:CutThrough"],"picked":"bronze:GetLatest","floor":10.0},{"not_picked":["bronze:Turbo","bronze:BugBarrage","bronze:WildBeam"],"picked":"SKIP","floor":11.0},{"not_picked":["bronze:BitShift","bronze:DelayedGuard"],"picked":"bronze:FollowUp","floor":12.0},{"not_picked":["bronze:Backtrace","bronze:OilSpill","bronze:Turbo"],"picked":"SKIP","floor":13.0},{"not_picked":["bronze:NullPointer","bronze:DelayedSlice"],"picked":"bronze:Fortify","floor":15.0},{"not_picked":["bronze:AlphaBuild","bronze:CleanCode"],"picked":"bronze:Format","floor":16.0},{"not_picked":["bronze:FollowUp+1","bronze:ClassDefault"],"picked":"bronze:Allocate+1","floor":19.0},{"not_picked":["bronze:Frontload","bronze:OilSpill","bronze:NullPointer+1"],"picked":"SKIP","floor":20.0},{"not_picked":["bronze:FineTuning","bronze:BitShift"],"picked":"bronze:ChildClass","floor":21.0},{"not_picked":["bronze:FineTuning","bronze:Invalidate"],"picked":"bronze:BronzeOrb","floor":22.0},{"not_picked":["bronze:Turbo+1","bronze:Mutator"],"picked":"bronze:ChildClass+1","floor":26.0},{"not_picked":["bronze:Optimize","bronze:BugBarrage"],"picked":"bronze:Invalidate+1","floor":32.0},{"not_picked":["bronze:HardenedForm","bronze:Break"],"picked":"bronze:Format+1","floor":33},{"not_picked":["bronze:BuggyMess+1","bronze:WhirlingStrike"],"picked":"bronze:DelayedSlice+1","floor":36},{"not_picked":["bronze:BitShift+1","bronze:Iterate+1","bronze:CloningBeam"],"picked":"SKIP","floor":39},{"not_picked":["bronze:ClassDefault","bronze:Shield+1","bronze:BuggyMess+1"],"picked":"SKIP","floor":40},{"not_picked":["bronze:Shield+1","bronze:Philosophize+1","bronze:CloningBeam"],"picked":"SKIP","floor":42},{"not_picked":["bronze:Philosophize+1","bronze:DelayedSlice+1","bronze:CloningBeam+1"],"picked":"SKIP","floor":48},{"not_picked":["bronze:WhirlingStrike","bronze:Invalidate+1"],"picked":"bronze:Repulsor+1","floor":49}],"player_experience":1088428,"relics_obtained":[{"floor":7.0,"key":"hexamod:BolsterEngine"},{"floor":8.0,"key":"Ginger"},{"floor":14.0,"key":"Darkstone Periapt"},{"floor":24.0,"key":"Toxic Egg 2"},{"floor":26.0,"key":"Omamori"},{"floor":30.0,"key":"Guardian:PocketSentry"},{"floor":31.0,"key":"CaptainsWheel"},{"floor":41,"key":"Bottled Lightning"},{"floor":42,"key":"Whetstone"}],"event_choices":[{"damage_healed":0.0,"max_hp_gain":0.0,"max_hp_loss":0.0,"gold_gain":0.0,"event_name":"Scrap Ooze","player_choice":"Success","floor":5.0,"gold_loss":0.0,"damage_taken":3.0,"relics_obtained":["Meat on the Bone"]},{"damage_healed":0.0,"max_hp_gain":0.0,"max_hp_loss":0.0,"gold_gain":0.0,"event_name":"Addict","player_choice":"Stole Relic","floor":29.0,"gold_loss":0.0,"damage_taken":0.0,"relics_obtained":["sneckomod:BlankCard"],"cards_obtained":["Pride"]},{"damage_healed":0.0,"max_hp_gain":0.0,"max_hp_loss":0.0,"gold_gain":0.0,"event_name":"Wheel of Change","player_choice":"Relic","floor":31.0,"gold_loss":0.0,"damage_taken":0.0},{"cards_removed":["bronze:Defend"],"damage_healed":0,"gold_gain":0,"player_choice":"Removed Skill","damage_taken":0,"max_hp_gain":0,"max_hp_loss":0,"event_name":"Falling","floor":37,"gold_loss":0}],"is_beta":false,"boss_relics":[{"not_picked":["Snecko Eye","Runic Dome"],"picked":"bronze:MakeshiftBattery"},{"not_picked":["Black Star","Empty Cage"],"picked":"Philosopher\u0027s Stone"}],"items_purged_floors":[13,22,28],"is_endless":false,"potions_floor_spawned":[3,4,12,16,26,33,36,42,49],"ascension_level":0}}