{"host":"x1qj4d8ympd5jdqh","time":1609741511,"event":{"mods":["AchievementEnabler","AlwaysNeverKeys","BaseMod","Colored Map","Custom Start","DeckTracker","Highlight Path","Minty Spire (QoL Compilation)","StSLib","SuperFastMode"],"gold_per_floor":[116,116,30,44,57,57,91,241,241,241,259,317,330,330,330,330,330],"floor_reached":16,"playtime":410,"items_purged":[],"score":200,"play_id":"9961e0b9-f2ad-4b16-ad0d-26e92f99a78f","local_time":"20210104152511","is_ascension_mode":true,"campfire_choices":[{"data":"Hologram","floor":6,"key":"SMITH"},{"floor":10,"key":"REST"},{"floor":15,"key":"REST"}],"circlet_count":0,"master_deck":["AscendersBane","Strike_B","Strike_B","Strike_B","Strike_B","Defend_B","Defend_B","Defend_B","Defend_B","Zap","Dualcast","Machine Learning","Go for the Eyes","Hologram+1","Sweeping Beam","Beam Cell","Turbo","Compile Driver","Doubt","Hello World","Conserve Battery","Hologram","Decay"],"relics":["Cracked Core","Sundial","Emotion Chip"],"acts_visited":["Exordium"],"potions_floor_usage":[11,12,16],"damage_taken":[{"damage":7,"enemies":"Small Slimes","floor":1,"turns":4},{"damage":0,"enemies":"2 Louse","floor":4,"turns":3},{"damage":6,"enemies":"Cultist","floor":5,"turns":3},{"damage":39,"enemies":"Gremlin Nob","floor":7,"turns":4},{"damage":0,"enemies":"3 Louse","floor":11,"turns":2},{"damage":20,"enemies":"3 Sentries","floor":12,"turns":6},{"damage":1,"enemies":"Lots of Slimes","floor":13,"turns":2},{"damage":31,"enemies":"Slime Boss","floor":16,"turns":10}],"seed_played":"-6103095592199847957","potions_obtained":[{"floor":1,"key":"PowerPotion"},{"floor":7,"key":"Fire Potion"},{"floor":13,"key":"Weak Potion"}],"is_trial":false,"path_per_floor":["M","?","$","M","M","R","E","?","T","R","M","?","M","?","R","B"],"character_chosen":"DEFECT","items_purchased":["Hologram","Sweeping Beam"],"campfire_rested":2,"item_purchase_floors":[3,3],"current_hp_per_floor":[57,57,57,57,51,51,12,12,12,33,33,13,12,12,33,2,2],"gold":330,"neow_bonus":"ONE_RANDOM_RARE_CARD","is_daily":false,"chose_seed":false,"campfire_upgraded":1,"win_rate":0.0,"timestamp":1609741511,"path_taken":["M","?","$","M","M","R","E","?","T","R","M","?","M","?","R","BOSS"],"items_purchased_type":["Card","Card"],"build_version":"2020-12-22","purchased_purges":0,"victory":false,"max_hp_per_floor":[71,71,71,71,71,71,71,71,71,71,71,71,71,71,71,71,71],"card_choices":[{"not_picked":["Fusion","Hologram"],"picked":"Go for the Eyes","floor":1},{"not_picked":["BootSequence","Compile Driver"],"picked":"Beam Cell","floor":4},{"not_picked":["Go for the Eyes","Ball Lightning"],"picked":"Turbo","floor":5},{"not_picked":["Rebound","Capacitor"],"picked":"Compile Driver","floor":7},{"not_picked":["Consume","Force Field"],"picked":"Hello World","floor":11},{"not_picked":["Rebound","Storm"],"picked":"Conserve Battery","floor":12},{"not_picked":["Rebound","Leap"],"picked":"Hologram","floor":13}],"player_experience":1311879,"relics_obtained":[{"floor":7,"key":"Sundial"},{"floor":12,"key":"Emotion Chip"}],"event_choices":[{"damage_healed":0,"gold_gain":0,"player_choice":"Ignored","damage_taken":0,"max_hp_gain":0,"max_hp_loss":0,"event_name":"Shining Light","floor":2,"gold_loss":0},{"damage_healed":0,"gold_gain":150,"player_choice":"AGREE","damage_taken":0,"max_hp_gain":0,"max_hp_loss":0,"event_name":"Liars Game","floor":8,"gold_loss":0,"cards_obtained":["Doubt"]},{"damage_healed":0,"gold_gain":0,"player_choice":"Searched \u00271\u0027 times","damage_taken":0,"max_hp_gain":0,"max_hp_loss":0,"event_name":"Dead Adventurer","floor":12,"gold_loss":0},{"damage_healed":0,"gold_gain":0,"player_choice":"Cursed","damage_taken":0,"max_hp_gain":0,"max_hp_loss":0,"event_name":"Wheel of Change","floor":14,"gold_loss":0,"cards_obtained":["Decay"]}],"is_beta":false,"boss_relics":[],"items_purged_floors":[],"is_endless":false,"potions_floor_spawned":[1,7,13],"killed_by":"Slime Boss","ascension_level":20}}