{"host":"hzhtv7n0nkrnil9f","time":1609774110,"event":{"mods":["AchievementEnabler","BaseMod","Colored Map","Minty Spire (QoL Compilation)","Permanent Neow","Quick Restart"],"gold_per_floor":[109,184,198,49,224,224,249,249,330,363,363,240,258,63,63,160,160,180,279,279,129,149,182,194,233,271,315,327,349,372,384,396,508,520,548,560,583,595,626,667,679,725,811,382,400,413,413,433,433,433,433,433,41,41,41],"floor_reached":54,"playtime":4805,"items_purged":["Doubt","Doubt","Zap","Defend_B","Amplify"],"score":862,"play_id":"28e7ccc4-e5e1-4afc-b1c8-621f4c481b8c","local_time":"20210104162830","is_ascension_mode":true,"campfire_choices":[{"data":"Reprogram","floor":6.0,"key":"SMITH"},{"floor":11,"key":"REST"},{"data":"Hologram","floor":15,"key":"SMITH"},{"data":"Go for the Eyes","floor":24,"key":"SMITH"},{"floor":28,"key":"DIG"},{"floor":32,"key":"REST"},{"floor":41,"key":"DIG"},{"floor":49,"key":"RECALL"},{"floor":52,"key":"DIG"}],"circlet_count":0,"master_deck":["Strike_B","Strike_B","Defend_B","Defend_B","Defend_B+1","Rebound","FTL","Reprogram+1","Beam Cell","Conserve Battery","Leap","Core Surge","Go for the Eyes+1","Gash","Recycle+1","Gash","Hologram+1","Machine Learning","CurseOfTheBell","Gash+1","White Noise","Steam+1","Scrape","Reprogram+1","Rip and Tear","Deep Breath","Turbo+1","Chaos+1"],"relics":["Cracked Core","Ginger","Letter Opener","StrikeDummy","Bag of Preparation","Calling Bell","Potion Belt","Mercury Hourglass","Pocketwatch","MawBank","Shovel","Anchor","TungstenRod","Runic Pyramid","War Paint","DataDisk","White Beast Statue","Darkstone Periapt","Sundial","Incense Burner"],"acts_visited":["Exordium","TheCity","TheBeyond","TheEnding"],"potions_floor_usage":[7,16,18,23,33,44,45,50,50,54],"damage_taken":[{"damage":0.0,"enemies":"2 Louse","floor":1.0,"turns":2.0},{"damage":0.0,"enemies":"Small Slimes","floor":3.0,"turns":2.0},{"damage":50,"enemies":"Gremlin Nob","floor":7,"turns":6},{"damage":6,"enemies":"Lagavulin","floor":10,"turns":5},{"damage":0,"enemies":"Jaw Worm","floor":13,"turns":2},{"damage":10,"enemies":"Hexaghost","floor":16,"turns":8},{"damage":0,"enemies":"2 Thieves","floor":18,"turns":4},{"damage":0,"enemies":"Chosen","floor":22,"turns":4},{"damage":8,"enemies":"Book of Stabbing","floor":23,"turns":4},{"damage":4,"enemies":"Gremlin Leader","floor":25,"turns":5},{"damage":23,"enemies":"Slavers","floor":27,"turns":5},{"damage":21,"enemies":"Shelled Parasite and Fungi","floor":29,"turns":5},{"damage":0,"enemies":"Snake Plant","floor":30,"turns":4},{"damage":30,"enemies":"Collector","floor":33,"turns":8},{"damage":5,"enemies":"3 Darklings","floor":35,"turns":5},{"damage":0,"enemies":"Orb Walker","floor":37,"turns":3},{"damage":4,"enemies":"Transient","floor":39,"turns":5},{"damage":6,"enemies":"Giant Head","floor":40,"turns":7},{"damage":0,"enemies":"Nemesis","floor":42,"turns":5},{"damage":2,"enemies":"Spire Growth","floor":45,"turns":3},{"damage":4,"enemies":"Jaw Worm Horde","floor":46,"turns":3},{"damage":20,"enemies":"Sphere and 2 Shapes","floor":48,"turns":4},{"damage":14,"enemies":"Awakened One","floor":50,"turns":9},{"damage":95,"enemies":"Shield and Spear","floor":54,"turns":7}],"seed_played":"-8034994809821649210","potions_obtained":[{"floor":1.0,"key":"FocusPotion"},{"floor":10,"key":"AttackPotion"},{"floor":16,"key":"SkillPotion"},{"floor":22,"key":"PowerPotion"},{"floor":25,"key":"Ancient Potion"},{"floor":33,"key":"FearPotion"},{"floor":37,"key":"Fire Potion"},{"floor":40,"key":"SneckoOil"},{"floor":45,"key":"Fire Potion"},{"floor":46,"key":"FocusPotion"},{"floor":48,"key":"DistilledChaos"}],"is_trial":false,"path_per_floor":["M","?","M","$","?","R","E","T","T","E","R","$","M","$","R","B",null,"M","?","?","$","M","E","R","E","T","E","R","M","M","$","R","B",null,"M","$","M","?","M","E","R","E","T","$","M","M","$","M","R","B",null,"R","$","E"],"character_chosen":"DEFECT","items_purchased":["Conserve Battery","Leap","Gash","Gash","Hologram","Rip and Tear","Fruit Juice","Deep Breath","PowerPotion","Incense Burner","AttackPotion"],"campfire_rested":2,"item_purchase_floors":[4,4,12,14,14,44,44,44,53,53,53],"current_hp_per_floor":[75,64,64,64,64,64,14,14,14,8,30,30,30,30,30,20,75,75,75,75,75,75,67,67,63,63,40,40,19,19,19,41,11,75,70,70,70,70,66,60,60,60,60,65,63,59,59,39,39,25,80,80,80,0,0],"gold":41,"neow_bonus":"TRANSFORM_TWO_CARDS","is_daily":false,"chose_seed":false,"campfire_upgraded":3,"win_rate":0.0,"timestamp":1609774110,"path_taken":["M","?","M","$","?","R","E","?","T","E","R","$","M","$","R","BOSS","M","?","?","$","M","E","R","E","T","E","R","M","M","$","R","BOSS","M","$","M","?","M","E","R","E","T","$","M","M","$","?","R","BOSS","R","$","E"],"items_purchased_type":["Card","Card","Card","Card","Card","Card","Potion","Card","Potion","Relic","Potion"],"build_version":"2020-12-22","purchased_purges":5,"victory":false,"max_hp_per_floor":[75,75,75,75,75,75,75,75,75,75,75,75,75,75,75,75,75,75,75,75,75,75,75,75,75,75,75,75,75,75,75,75,75,75,75,75,75,75,75,75,75,75,75,80,80,80,80,80,80,80,80,80,80,80,80],"card_choices":[{"not_picked":["Compile Driver","Steam"],"picked":"Reprogram","floor":1.0},{"not_picked":["Redo","Hello World"],"picked":"Beam Cell","floor":3.0},{"not_picked":["Turbo","Rebound"],"picked":"Core Surge","floor":7},{"not_picked":["Fission","Steam"],"picked":"Go for the Eyes","floor":10},{"not_picked":["Sweeping Beam","Ball Lightning"],"picked":"Recycle","floor":13},{"not_picked":["Reboot","Thunder Strike"],"picked":"Machine Learning","floor":16},{"not_picked":["Consume","Double Energy"],"picked":"Gash+1","floor":18},{"not_picked":["Streamline","Undo"],"picked":"White Noise","floor":22},{"not_picked":["Recycle","Leap"],"picked":"Amplify","floor":23},{"not_picked":["Go for the Eyes","Beam Cell","Hello World"],"picked":"SKIP","floor":25},{"not_picked":["Streamline","Go for the Eyes+1","Compile Driver+1"],"picked":"SKIP","floor":27},{"not_picked":["Cold Snap","Compile Driver"],"picked":"Steam+1","floor":29},{"not_picked":["Cold Snap","Beam Cell"],"picked":"Scrape","floor":30},{"not_picked":["Barrage+1","Lockon+1","Go for the Eyes"],"picked":"SKIP","floor":35},{"not_picked":["Doom and Gloom","Capacitor+1","Beam Cell+1"],"picked":"SKIP","floor":37},{"not_picked":["Self Repair","Beam Cell+1","Gash"],"picked":"SKIP","floor":39},{"not_picked":["Reprogram","Sunder+1","Melter"],"picked":"SKIP","floor":40},{"not_picked":["Leap+1","Storm+1"],"picked":"Reprogram+1","floor":42},{"not_picked":["Self Repair+1","Coolheaded+1"],"picked":"Turbo+1","floor":45},{"not_picked":["Glacier","Genetic Algorithm"],"picked":"Chaos+1","floor":46},{"not_picked":["Hello World","Storm+1","Gash"],"picked":"SKIP","floor":48}],"player_experience":255772,"relics_obtained":[{"floor":7,"key":"Ginger"},{"floor":8,"key":"Letter Opener"},{"floor":9,"key":"StrikeDummy"},{"floor":10,"key":"Bag of Preparation"},{"floor":17,"key":"Potion Belt"},{"floor":17,"key":"Mercury Hourglass"},{"floor":17,"key":"Pocketwatch"},{"floor":23,"key":"MawBank"},{"floor":25,"key":"Shovel"},{"floor":27,"key":"Anchor"},{"floor":28,"key":"TungstenRod"},{"floor":40,"key":"War Paint"},{"floor":41,"key":"DataDisk"},{"floor":42,"key":"White Beast Statue"},{"floor":43,"key":"Darkstone Periapt"},{"floor":52,"key":"Sundial"}],"event_choices":[{"damage_healed":0.0,"max_hp_gain":0.0,"max_hp_loss":0.0,"gold_gain":75.0,"event_name":"World of Goop","player_choice":"Gather Gold","floor":2.0,"gold_loss":0.0,"damage_taken":11.0},{"damage_healed":0.0,"max_hp_gain":0.0,"max_hp_loss":0.0,"gold_gain":175.0,"event_name":"Liars Game","player_choice":"AGREE","floor":5.0,"gold_loss":0.0,"damage_taken":0.0,"cards_obtained":["Doubt"]},{"damage_healed":0,"gold_gain":99,"player_choice":"Stole From Cult","damage_taken":0,"max_hp_gain":0,"max_hp_loss":0,"event_name":"Nest","floor":19,"gold_loss":0},{"damage_healed":0,"gold_gain":0,"player_choice":"Ignored","damage_taken":0,"max_hp_gain":0,"max_hp_loss":0,"event_name":"Vampires","floor":20,"gold_loss":0},{"cards_removed":["Dualcast"],"damage_healed":0,"gold_gain":0,"player_choice":"Purged","damage_taken":0,"max_hp_gain":0,"max_hp_loss":0,"event_name":"Purifier","floor":38,"gold_loss":0}],"is_beta":false,"boss_relics":[{"not_picked":["Busted Crown","Philosopher\u0027s Stone"],"picked":"Calling Bell"},{"not_picked":["Velvet Choker","SacredBark"],"picked":"Runic Pyramid"}],"items_purged_floors":[4,12,14,21,44],"is_endless":false,"potions_floor_spawned":[1,10,16,22,25,33,37,40,45,46,48],"killed_by":"Shield and Spear","ascension_level":2}}