{"host":"1vysks8ssvkrgxm9","time":1609763367,"event":{"mods":["Always Whale","BaseMod","Lobotomy","Minty Spire (QoL Compilation)","StSLib","SuperFastMode"],"gold_per_floor":[10116,9423,9423,9433,8955,8989,8989,9021,9045,9045,9045,9060,9060,9060,9060,9157,9157,9124,9140,8837,8752,8768,8798,8798,8826,8826,8844,8874,8874,8888,8614,8614,8716,8716,8729,8485,8537,8552,8552,8586,8586,8617,8669,8681,8681,8711,8738,0,0,0],"floor_reached":49,"playtime":1840,"items_purged":["Defend_R","Regret","Strike_R","Strike_R"],"score":871,"play_id":"70046d6c-edd2-444b-bb3b-3c4f65a79ce9","local_time":"20210104212927","is_ascension_mode":true,"campfire_choices":[{"data":"Entrench","floor":7,"key":"SMITH"},{"data":"Metallicize","floor":11,"key":"SMITH"},{"data":"Pommel Strike","floor":13,"key":"SMITH"},{"data":"Metallicize","floor":15,"key":"SMITH"},{"data":"Juggernaut","floor":24,"key":"SMITH"},{"data":"Armaments","floor":32,"key":"SMITH"},{"data":"Body Slam","floor":41,"key":"SMITH"}],"circlet_count":0,"master_deck":["Strike_R+1","Strike_R","Strike_R","Defend_R+1","Defend_R+1","Bash+1","Metallicize+1","Metallicize","Clothesline","Entrench+1","Good Instincts","Shrug It Off","Metallicize+1","Pommel Strike+1","Reaper","Body Slam+1","Juggernaut+1","Entrench","Pommel Strike+1","Warcry","Shrug It Off","Armaments+1","Berserk+1","Shrug It Off","Battle Trance+1","Impatience","Armaments+1","Burning Pact"],"relics":["Philosopher\u0027s Stone","Nunchaku","Orichalcum","DollysMirror","War Paint","Membership Card","Eternal Feather","Regal Pillow","Bottled Lightning","PreservedInsect","Red Skull","MealTicket","SlaversCollar","Dream Catcher","Boot","Blue Candle","Ancient Tea Set","Vajra","Frozen Egg 2","Mango","Juzu Bracelet","Tiny Chest","Mark of Pain","Bronze Scales","Whetstone","Chemical X","Torii","Strawberry","Ginger","Anchor","Gremlin Horn","Lantern","Red Mask"],"acts_visited":["Exordium","TheCity","TheBeyond"],"potions_floor_usage":[22,33,37,42],"damage_taken":[{"damage":1,"enemies":"2 Louse","floor":1,"turns":3},{"damage":2,"enemies":"Jaw Worm","floor":4,"turns":3},{"damage":6,"enemies":"Gremlin Nob","floor":6,"turns":4},{"damage":0,"enemies":"3 Sentries","floor":8,"turns":11},{"damage":0,"enemies":"Small Slimes","floor":12,"turns":4},{"damage":29,"enemies":"Hexaghost","floor":16,"turns":12},{"damage":11,"enemies":"2 Thieves","floor":18,"turns":5},{"damage":0,"enemies":"Shell Parasite","floor":19,"turns":6},{"damage":0,"enemies":"Centurion and Healer","floor":22,"turns":8},{"damage":13,"enemies":"Gremlin Leader","floor":23,"turns":6},{"damage":0,"enemies":"Book of Stabbing","floor":25,"turns":4},{"damage":12,"enemies":"Shelled Parasite and Fungi","floor":27,"turns":5},{"damage":0,"enemies":"Gremlin Leader","floor":28,"turns":4},{"damage":0,"enemies":"Snecko","floor":30,"turns":6},{"damage":24,"enemies":"Collector","floor":33,"turns":7},{"damage":7,"enemies":"3 Darklings","floor":35,"turns":6},{"damage":54,"enemies":"2 Orb Walkers","floor":37,"turns":5},{"damage":2,"enemies":"Orb Walker","floor":38,"turns":5},{"damage":11,"enemies":"Nemesis","floor":40,"turns":5},{"damage":0,"enemies":"Giant Head","floor":42,"turns":5},{"damage":14,"enemies":"3 Darklings","floor":44,"turns":5},{"damage":21,"enemies":"Nemesis","floor":46,"turns":6}],"seed_played":"758170123877131888","potions_obtained":[{"floor":1,"key":"HeartOfIron"},{"floor":16,"key":"DuplicationPotion"},{"floor":33,"key":"Energy Potion"},{"floor":40,"key":"DistilledChaos"},{"floor":42,"key":"GamblersBrew"}],"is_trial":false,"path_per_floor":["M","$","?","M","$","E","R","E","T","?","R","M","R","?","R","B",null,"M","M","$","?","M","E","R","E","T","M","E","?","M","$","R","B",null,"M","$","?","M","?","E","R","E","T","M","?","E","T","?","R"],"character_chosen":"IRONCLAD","items_purchased":["Nunchaku","Orichalcum","DollysMirror","Ancient Potion","GamblersBrew","Sword Boomerang","Entrench","Membership Card","Eternal Feather","Regal Pillow","Good Instincts","Juggernaut","Dream Catcher","Entrench","Boot","Juzu Bracelet","Tiny Chest","PowerPotion","Armaments","Bronze Scales","Whetstone","Chemical X","Shrug It Off"],"campfire_rested":0,"item_purchase_floors":[2,2,2,2,2,2,5,5,5,5,5,20,20,20,20,31,31,31,31,36,36,36,36],"current_hp_per_floor":[79,79,79,77,77,71,80,80,80,73,80,80,80,80,80,51,80,69,73,80,80,80,72,80,80,80,68,94,94,94,94,94,70,94,87,94,52,55,55,59,74,84,84,81,81,65,65,65,80,80],"gold":0,"neow_bonus":"BOSS_RELIC","is_daily":false,"chose_seed":false,"campfire_upgraded":7,"win_rate":0.0,"timestamp":1609763367,"path_taken":["M","$","?","M","$","E","R","E","T","?","R","M","R","?","R","BOSS","M","M","$","?","M","E","R","E","T","M","E","?","M","$","R","BOSS","M","$","?","M","?","E","R","E","T","M","?","E","?","?","R"],"items_purchased_type":["Relic","Relic","Relic","Potion","Potion","Card","Card","Relic","Relic","Relic","Card","Card","Relic","Card","Relic","Relic","Relic","Potion","Card","Relic","Relic","Relic","Card"],"build_version":"2020-12-22","purchased_purges":4,"victory":false,"max_hp_per_floor":[80,80,80,80,80,80,80,80,80,80,80,80,80,80,80,80,80,80,80,80,80,80,80,80,80,80,80,94,94,94,94,94,94,94,94,94,94,94,94,101,101,101,101,101,101,101,101,101,101,101],"card_choices":[{"not_picked":["Headbutt","Spot Weakness"],"picked":"Metallicize","floor":1},{"not_picked":["Wild Strike","Combust"],"picked":"Clothesline","floor":4},{"not_picked":["Feel No Pain","Pummel"],"picked":"Shrug It Off","floor":6},{"not_picked":["Spot Weakness","Battle Trance"],"picked":"Metallicize","floor":8},{"not_picked":["Wild Strike","Hemokinesis"],"picked":"Pommel Strike","floor":12},{"not_picked":["Bludgeon","Brutality"],"picked":"Reaper","floor":16},{"not_picked":["Sword Boomerang","Iron Wave"],"picked":"Body Slam","floor":18},{"not_picked":["Shockwave","Carnage","Seeing Red"],"picked":"SKIP","floor":19},{"not_picked":["Flex","Carnage+1"],"picked":"Pommel Strike+1","floor":22},{"not_picked":["Seeing Red","Ghostly Armor","True Grit+1"],"picked":"SKIP","floor":23},{"not_picked":["Heavy Blade+1","Seeing Red"],"picked":"Warcry","floor":25},{"not_picked":["Limit Break","Clothesline","Perfected Strike+1"],"picked":"SKIP","floor":27},{"not_picked":["Twin Strike","Perfected Strike","Demon Form+1"],"picked":"SKIP","floor":28},{"not_picked":["Havoc","Flex"],"picked":"Shrug It Off","floor":30},{"not_picked":["Offering","Bludgeon"],"picked":"Berserk+1","floor":33},{"not_picked":["Headbutt+1","Pummel+1","Rampage"],"picked":"SKIP","floor":35},{"not_picked":["Flex","Clash"],"picked":"Battle Trance+1","floor":37},{"not_picked":["Warcry","Sword Boomerang+1","Thunderclap"],"picked":"SKIP","floor":38},{"not_picked":["Good Instincts","HandOfGreed"],"picked":"Impatience","floor":39},{"not_picked":["Cleave","Twin Strike","Heavy Blade+1"],"picked":"SKIP","floor":40},{"not_picked":["Dark Embrace+1","Entrench"],"picked":"Armaments+1","floor":42},{"not_picked":["Seeing Red+1","Wild Strike","Flex"],"picked":"SKIP","floor":44},{"not_picked":["Flex","Sword Boomerang+1"],"picked":"Burning Pact","floor":46}],"player_experience":54071,"relics_obtained":[{"floor":6,"key":"Bottled Lightning"},{"floor":8,"key":"PreservedInsect"},{"floor":9,"key":"Red Skull"},{"floor":23,"key":"Ancient Tea Set"},{"floor":25,"key":"Vajra"},{"floor":26,"key":"Frozen Egg 2"},{"floor":28,"key":"Mango"},{"floor":37,"key":"Torii"},{"floor":40,"key":"Strawberry"},{"floor":42,"key":"Ginger"},{"floor":43,"key":"Anchor"},{"floor":46,"key":"Gremlin Horn"},{"floor":47,"key":"Lantern"}],"event_choices":[{"damage_healed":0,"gold_gain":0,"player_choice":"Box","damage_taken":0,"relics_obtained":["War Paint"],"max_hp_gain":0,"max_hp_loss":0,"event_name":"Big Fish","floor":3,"gold_loss":0,"cards_obtained":["Regret"]},{"damage_healed":0,"gold_gain":0,"player_choice":"Success","damage_taken":7,"relics_obtained":["MealTicket"],"max_hp_gain":0,"max_hp_loss":0,"event_name":"Scrap Ooze","floor":10,"gold_loss":0},{"cards_removed":["Defend_R"],"damage_healed":0,"gold_gain":0,"player_choice":"Forget","damage_taken":0,"max_hp_gain":0,"max_hp_loss":0,"event_name":"Living Wall","floor":14,"gold_loss":0},{"damage_healed":0,"gold_gain":0,"player_choice":"Obtained Relic","damage_taken":0,"relics_obtained":["Blue Candle"],"max_hp_gain":0,"max_hp_loss":0,"event_name":"Addict","floor":21,"gold_loss":85},{"damage_healed":0,"gold_gain":0,"player_choice":"Ignored","damage_taken":0,"max_hp_gain":0,"max_hp_loss":0,"event_name":"Ghosts","floor":29,"gold_loss":0},{"damage_healed":0,"gold_gain":0,"player_choice":"Fight","damage_taken":0,"max_hp_gain":0,"max_hp_loss":0,"event_name":"Mysterious Sphere","floor":37,"gold_loss":0},{"damage_healed":0,"gold_gain":0,"player_choice":"Memory 1","damage_taken":0,"max_hp_gain":0,"max_hp_loss":0,"event_name":"SensoryStone","floor":39,"gold_loss":0},{"cards_removed":["Sword Boomerang"],"damage_healed":0,"gold_gain":0,"player_choice":"Removed Attack","damage_taken":0,"max_hp_gain":0,"max_hp_loss":0,"event_name":"Falling","floor":45,"gold_loss":0},{"damage_healed":0,"gold_gain":0,"player_choice":"Paid","damage_taken":0,"relics_obtained":["Red Mask"],"max_hp_gain":0,"max_hp_loss":0,"event_name":"Tomb of Lord Red Mask","floor":48,"gold_loss":8738}],"is_beta":false,"boss_relics":[{"not_picked":["Runic Pyramid","Empty Cage"],"picked":"SlaversCollar"},{"not_picked":["Runic Dome","Calling Bell"],"picked":"Mark of Pain"}],"items_purged_floors":[2,5,20,31],"is_endless":false,"potions_floor_spawned":[1,6,12,16,18,23,25,33,35,40,42,44],"ascension_level":1}}