{"host":"0azimyi6n3ugndj4","time":1609766479,"event":{"mods":["2.2 Compatiblity","BaseMod","Bestiary","Conspire","Curses Come First","Defuse TimeMaze Blight","Hermit","Hyrulean Relics","Infinite Spire","Minty Spire (QoL Compilation)","Relic Stats","Replay The Spire","StSLib","SuperFastMode","The Cursed","The Hierophant","Uncapped","¡¼?Úª?ø«¡½REMEMod"],"gold_per_floor":[160,160,236,236,70,162,238,238,238,335,174,174,174,174,174,430,430,498,624,737,737,400,59,132,132,132],"floor_reached":25,"playtime":292,"items_purged":[],"score":485,"play_id":"3163fc1c-5116-407c-94b4-25b969cc8934","local_time":"20210104222119","daily_mods":["SealedDeck","Hoarder","Insanity","Chimera","Specialized","Vintage","ControlledChaos","Allstar","Diverse","Colorless Cards","Heirloom","Time Dilation","Flight","Elite Swarm","Lethality","Midas","Binary"],"is_ascension_mode":true,"campfire_choices":[{"floor":15,"key":"REST"}],"circlet_count":0,"master_deck":["Demon Form","Wraith Form v2","Echo Form","DevaForm","AscendersBane","Bash","Survivor","Zap","Eruption","Strike_R","Strike_G","Strike_B","Defend_R+1","Defend_G+1","Defend_P","Dramatic Entrance","Cleave","Backflip","Heavy Blade","Backflip","hierophant:Prophecy","Go for the Eyes","Cleave","hierophant:RepressedViolence","Halt","Panacea","PiercingWail","PathToVictory","Underhanded Strike","Ghostly Armor","TheCursedMod:WearCloak","Flechettes","Replay:Undeath\u0027s Touch","hermit:Grudge","hermit:CalledShot","Flying Knee","Panic Button","Flying Knee","Wild Strike","Clash","hierophant:MorningPrayer","Second Wind","Gash","Poisoned Stab","Dark Shackles","hermit:Vantage","Sword Boomerang","Abandon","hermit:LowProfile","Evaluate","hierophant:RustyCrate","Go for the Eyes","Perfected Strike","CrushJoints","Dash","hierophant:RustyCrate","True Grit","Evaluate","hierophant:OrnateBuckler","BattleHymn","ReplayTheSpireMod:Strike From Hell","Replay:ManipulateFuture","Turbo","Clash","True Grit","Skewer","Skewer","Skewer","Skewer","Skewer","Skewer","Skewer","Skewer","Skewer","Skewer","Skewer","Skewer","Skewer","Skewer","TheCursedMod:FuryStrike","TheCursedMod:FuryStrike","TheCursedMod:FuryStrike","hermit:GhostlyPresence","hermit:GhostlyPresence","hermit:GhostlyPresence","conspire:Rain","conspire:Rain","conspire:Rain","Pommel Strike","Pommel Strike","Pommel Strike","Capacitor","Capacitor","Capacitor","hermit:Feint","hermit:Feint","hermit:Feint","TheCursedMod:TacticalStrike","TheCursedMod:TacticalStrike","TheCursedMod:TacticalStrike","Twin Strike","Twin Strike","Twin Strike","TheCursedMod:ReleasedStrength","TheCursedMod:ReleasedStrength","TheCursedMod:ReleasedStrength","hermit:Glare","hermit:Glare","hermit:Glare","ReplayTheSpireMod:Private Reserves","ReplayTheSpireMod:Private Reserves","ReplayTheSpireMod:Private Reserves","hierophant:Doomsaying+1","hierophant:Doomsaying+1","hierophant:Doomsaying+1"],"relics":["Cracked Core","Frozen Eye","Busted Crown","REME_ComplimentaryCards","conspire:GlowingRock","Replay:Baseball","Blue Candle","infinitespire:Satchel","zeldaRelics:CourageTriforce","OrangePellets","infinitespire:WardingShard","zeldaRelics:WisdomPiece","Runic Capacitor","Golden Idol","REME_DemonsWealth","Red Mask","Pear","Toolbox","Simple Rune","ClockworkSouvenir","Nunchaku","Boot"],"acts_visited":["Exordium","TheCity"],"potions_floor_usage":[25,25],"damage_taken":[{"damage":0,"enemies":"2 Louse","floor":1,"turns":1},{"damage":0,"enemies":"Cultist","floor":3,"turns":1},{"damage":1,"enemies":"Lagavulin","floor":6,"turns":3},{"damage":0,"enemies":"Jaw Worm","floor":7,"turns":1},{"damage":0,"enemies":"3 Sentries","floor":10,"turns":1},{"damage":0,"enemies":"Fading Forest","floor":16,"turns":1},{"damage":0,"enemies":"3 Byrds","floor":18,"turns":1},{"damage":33,"enemies":"Masked Bandits","floor":19,"turns":3},{"damage":5,"enemies":"conspire:MimicChest","floor":20,"turns":4},{"damage":11,"enemies":"Chosen","floor":24,"turns":3},{"damage":30,"enemies":"conspire:HollyBat","floor":25,"turns":3}],"seed_played":"8046008336041027380","potions_obtained":[{"floor":1,"key":"Reflective Coating"},{"floor":10,"key":"Block Potion"},{"floor":16,"key":"Strength Potion"},{"floor":18,"key":"Energy Potion"}],"is_trial":true,"path_per_floor":["M","?","M","T","$","E","M","?","T","E","$","?","?","?","R","B",null,"M","?","?","?","$","$","M","M"],"character_chosen":"DEFECT","items_purchased":["OrangePellets","Runic Capacitor","Toolbox","Simple Rune","ClockworkSouvenir","Nunchaku"],"campfire_rested":1,"item_purchase_floors":[5,11,22,22,23,23],"current_hp_per_floor":[64,64,64,64,64,63,63,47,47,47,47,47,23,19,40,40,63,63,30,35,35,35,35,24,0,0],"gold":132,"neow_bonus":"","is_daily":false,"chose_seed":false,"campfire_upgraded":0,"win_rate":0.0,"timestamp":1609766479,"path_taken":["M","?","?","?","?","E","M","?","T","E","?","?","?","?","R","BOSS","M","?","?","?","?","$","?","?"],"items_purchased_type":["Relic","Relic","Relic","Relic","Relic","Relic"],"build_version":"2020-12-22","purchased_purges":0,"victory":false,"max_hp_per_floor":[71,71,71,71,71,71,71,71,71,71,71,71,71,71,71,71,71,71,71,81,81,81,81,81,81,81],"relic_stats":{"OrangePellets":[0],"Nunchaku":[1],"Busted Crown":34,"counters":[11,22],"Golden Idol":42,"Blue Candle":[0],"Boot":[0],"obtain_stats":[{"zeldaRelics:WisdomPiece":10,"Pear":20,"Golden Idol":13,"Blue Candle":2,"Runic Capacitor":11,"Boot":24,"zeldaRelics:CourageTriforce":9,"ClockworkSouvenir":23,"Frozen Eye":0,"OrangePellets":5,"conspire:GlowingRock":0,"Replay:Baseball":1,"REME_DemonsWealth":17,"Nunchaku":23,"Busted Crown":0,"infinitespire:WardingShard":7,"infinitespire:Satchel":3,"Toolbox":22,"Simple Rune":22,"zeldaRelics:CouragePiece":4,"Red Mask":19,"Cracked Core":0,"REME_ComplimentaryCards":0},{"zeldaRelics:WisdomPiece":5,"Pear":9,"Golden Idol":5,"Blue Candle":1,"Runic Capacitor":5,"Boot":10,"zeldaRelics:CourageTriforce":4,"ClockworkSouvenir":9,"Frozen Eye":0,"OrangePellets":2,"conspire:GlowingRock":0,"Replay:Baseball":1,"REME_DemonsWealth":6,"Nunchaku":9,"Busted Crown":0,"infinitespire:WardingShard":4,"infinitespire:Satchel":2,"Toolbox":9,"Simple Rune":9,"zeldaRelics:CouragePiece":2,"Red Mask":8,"Cracked Core":0,"REME_ComplimentaryCards":0},{"zeldaRelics:WisdomPiece":7,"Pear":16,"Golden Idol":7,"Blue Candle":1,"Runic Capacitor":7,"Boot":19,"zeldaRelics:CourageTriforce":6,"ClockworkSouvenir":16,"Frozen Eye":0,"OrangePellets":2,"conspire:GlowingRock":0,"Replay:Baseball":1,"REME_DemonsWealth":8,"Nunchaku":16,"Busted Crown":0,"infinitespire:WardingShard":6,"infinitespire:Satchel":2,"Toolbox":16,"Simple Rune":16,"zeldaRelics:CouragePiece":2,"Red Mask":12,"Cracked Core":0,"REME_ComplimentaryCards":0}]},"card_choices":[{"not_picked":["ReplayTheSpireMod:Chaos Vortex","infinitespire:Starlight"],"picked":"infinitespire:SealOfDarkness+","floor":8}],"player_experience":1521537,"relics_obtained":[{"floor":1,"key":"Replay:Baseball"},{"floor":3,"key":"infinitespire:Satchel"},{"floor":4,"key":"zeldaRelics:CouragePiece"},{"floor":6,"key":"zeldaRelics:CouragePiece"},{"floor":7,"key":"infinitespire:WardingShard"},{"floor":9,"key":"zeldaRelics:CouragePiece"},{"floor":10,"key":"zeldaRelics:WisdomPiece"},{"floor":19,"key":"Red Mask"},{"floor":20,"key":"Pear"},{"floor":24,"key":"Boot"}],"event_choices":[{"damage_healed":0,"gold_gain":0,"player_choice":"Gave Potion","damage_taken":0,"relics_obtained":["Blue Candle"],"max_hp_gain":0,"max_hp_loss":0,"event_name":"WeMeetAgain","floor":2,"gold_loss":0},{"damage_healed":0,"gold_gain":0,"player_choice":"Take Damage","damage_taken":24,"relics_obtained":["Golden Idol"],"max_hp_gain":0,"max_hp_loss":0,"event_name":"Golden Idol","floor":13,"gold_loss":0},{"damage_healed":0,"gold_gain":0,"player_choice":"Leave","damage_taken":0,"max_hp_gain":0,"max_hp_loss":0,"event_name":"conspire:Investor","floor":14,"gold_loss":0},{"damage_healed":0,"gold_gain":0,"player_choice":"Fought Bandits","damage_taken":0,"max_hp_gain":0,"max_hp_loss":0,"event_name":"Masked Bandits","floor":19,"gold_loss":0},{"damage_healed":0,"gold_gain":0,"player_choice":"Ignored","damage_taken":0,"max_hp_gain":0,"max_hp_loss":0,"event_name":"Vampires","floor":21,"gold_loss":0}],"is_beta":false,"boss_relics":[{"not_picked":["Tiny House","Velvet Choker"],"picked":"REME_DemonsWealth"}],"items_purged_floors":[],"is_endless":false,"potions_floor_spawned":[1,10,16,18],"killed_by":"conspire:HollyBat","ascension_level":20}}