{"host":"tr12w2fixbnujl15","time":1609800464,"event":{"mods":["2.2 Compatiblity","BaseMod","Better Skull","BetterRewards","Colored Powertips","Evolution","Hubris","Infinite Spire","Minty Spire (QoL Compilation)","Quick Restart","Replay The Spire","Shop Mod","StSLib","SuperFastMode","The Necromancer","The Sage","The Senshi","The Servant 0.9.4","The Spell Scribe","TheFirefly","WarShipGirlsR/????R mod"],"gold_per_floor":[118,118,64,80,95,95,115,90,90,110,110,110,122,140,140,241,241,257,257,128,128,128],"floor_reached":21,"playtime":625,"items_purged":["thefirefly:Rend"],"score":173,"play_id":"72ae9788-c7fd-41c0-837a-d44f195061f1","local_time":"20210104174744","is_ascension_mode":false,"campfire_choices":[{"floor":6,"key":"REST"},{"floor":11,"key":"REST"},{"floor":15,"key":"DIG"}],"circlet_count":0,"master_deck":["thefirefly:Strike","thefirefly:Strike","thefirefly:Strike","thefirefly:Strike","thefirefly:Defend","thefirefly:Defend","thefirefly:Defend","thefirefly:Defend","thefirefly:StealthMode","thefirefly:PhotonBlast","thefirefly:ChargedLaser","thefirefly:ChargedLaser","thefirefly:EvasiveManeuver","thefirefly:LaserBarrage","thefirefly:LifeSupport","thefirefly:Preload","thefirefly:ArtillleryBeam","thefirefly:Boost","thefirefly:EphemeronForm","thefirefly:PotentAmmunition","thefirefly:Cosmogenesis","Necronomicurse","thefirefly:ArtillleryBeam"],"relics":["thefirefly:StealthSystem","EVO:Axolotl","infinitespire:Joker Card","Matryoshka","thefirefly:LongRangeScanner","hubris:Towel","hubris:ToyBattleship","infinitespire:CheckeredPen","theSenshi:FeatherClipsRelic","Bronze Scales","Snecko Eye","Necronomicon"],"acts_visited":["Exordium","TheCity"],"potions_floor_usage":[14,16,18,21],"damage_taken":[{"damage":12,"enemies":"Jaw Worm","floor":1,"turns":3},{"damage":0,"enemies":"Small Slimes","floor":4,"turns":3},{"damage":0,"enemies":"Cultist","floor":5,"turns":3},{"damage":5,"enemies":"Looter","floor":7,"turns":3},{"damage":19,"enemies":"Exordium Thugs","floor":8,"turns":5},{"damage":0,"enemies":"3 Louse","floor":10,"turns":1},{"damage":12,"enemies":"Blue Slaver","floor":13,"turns":3},{"damage":3,"enemies":"Exordium Wildlife","floor":14,"turns":3},{"damage":36,"enemies":"The Guardian","floor":16,"turns":7},{"damage":11,"enemies":"3 Byrds","floor":18,"turns":2},{"damage":0,"enemies":"Shell Parasite","floor":21,"turns":2}],"seed_played":"-3256186675751338793","potions_obtained":[{"floor":4,"key":"Venom Potion"},{"floor":5,"key":"LiquidBronze"},{"floor":7,"key":"Elixir"},{"floor":8,"key":"Block Potion"},{"floor":12,"key":"Toxic Potion"},{"floor":12,"key":"Explosive Potion"},{"floor":18,"key":"SneckoOil"}],"is_trial":false,"path_per_floor":["M","?","?","M","M","R","M","M","T","M","R","?","M","M","R","B",null,"M","?","$","M"],"character_chosen":"THE_FIREFLY","items_purchased":["thefirefly:ChargedLaser","Matryoshka","thefirefly:LongRangeScanner","thefirefly:ChargedLaser","thefirefly:ArtillleryBeam"],"campfire_rested":2,"item_purchase_floors":[0,0,0,0,20],"current_hp_per_floor":[43,43,43,43,43,55,50,36,36,42,55,55,55,55,55,25,55,50,34,34,34,34],"gold":128,"neow_bonus":"","is_daily":false,"chose_seed":false,"campfire_upgraded":0,"win_rate":0.0,"timestamp":1609800464,"path_taken":["M","?","?","M","M","R","M","M","T","M","R","?","M","M","R","BOSS","M","?","$","?"],"items_purchased_type":["Card","Relic","Relic","Card","Card"],"build_version":"2020-12-22","purchased_purges":1,"victory":false,"max_hp_per_floor":[55,55,55,55,55,55,55,55,55,55,55,55,55,55,55,55,55,55,55,55,55,55],"card_choices":[{"not_picked":["thefirefly:Reposition","thefirefly:Rend"],"picked":"thefirefly:EvasiveManeuver","floor":1},{"not_picked":["thefirefly:Pacify","thefirefly:HyperspaceAssault"],"picked":"thefirefly:LaserBarrage","floor":4},{"not_picked":["thefirefly:ChargedLaser","thefirefly:Ruminate"],"picked":"thefirefly:LifeSupport","floor":5},{"not_picked":["thefirefly:FullProjection","thefirefly:StarCinder"],"picked":"thefirefly:Preload","floor":7},{"not_picked":["thefirefly:Flight","thefirefly:ShieldArray"],"picked":"thefirefly:ArtillleryBeam","floor":8},{"not_picked":["thefirefly:ShieldArray","thefirefly:InterceptingShot"],"picked":"thefirefly:Boost","floor":10},{"not_picked":["thefirefly:SearingEnigma","thefirefly:Pacify"],"picked":"thefirefly:EphemeronForm","floor":13},{"not_picked":["thefirefly:Reposition","thefirefly:EvasiveManeuver"],"picked":"thefirefly:PotentAmmunition","floor":14},{"not_picked":["thefirefly:AlphaStrike","thefirefly:HyperspaceAssault"],"picked":"thefirefly:Cosmogenesis","floor":16},{"not_picked":["thefirefly:Preload","thefirefly:ParadoxEngine"],"picked":"thefirefly:Rend","floor":18}],"player_experience":26579,"relics_obtained":[{"floor":9,"key":"infinitespire:CheckeredPen"},{"floor":9,"key":"theSenshi:FeatherClipsRelic"},{"floor":15,"key":"Bronze Scales"},{"floor":19,"key":"Necronomicon"}],"event_choices":[{"damage_healed":0,"gold_gain":0,"player_choice":"Paid Gold","damage_taken":0,"relics_obtained":["hubris:ToyBattleship"],"max_hp_gain":0,"max_hp_loss":0,"event_name":"WeMeetAgain","floor":3,"gold_loss":54},{"damage_healed":0,"gold_gain":0,"player_choice":"Got Potions","damage_taken":0,"max_hp_gain":0,"max_hp_loss":0,"event_name":"Lab","floor":12,"gold_loss":0},{"damage_healed":0,"gold_gain":0,"player_choice":"Obtained Book","damage_taken":16,"max_hp_gain":0,"max_hp_loss":0,"event_name":"Cursed Tome","floor":19,"gold_loss":0}],"is_beta":false,"boss_relics":[{"not_picked":["Runic Dome","hubris:TerracottaHorce"],"picked":"Snecko Eye"}],"items_purged_floors":[20],"is_endless":false,"potions_floor_spawned":[4,5,7,8,18],"killed_by":"Shell Parasite","ascension_level":0}}