{"host":"l84l8xigz5v5foa2","time":1609744891,"event":{"mods":["2.2 Compatiblity","AchievementEnabler","BaseMod","Better Note","Better Vampires","Card Filter","Colored Map","DeckTracker","Downfall","Gremlin Skip","Highlight Path","Keyboard Shortcuts","Minty Spire (QoL Compilation)","Permanent Neow","Quick Restart","Relic Filter","Relic Stats","StSLib","SuperFastMode","Transform Curses","Unknown Chances"],"gold_per_floor":[99,109,124,31,51,71,71,86,86,104,104,120,120,140,152,229,229,229,229,139,159,178,178,178,194,208,208,408,408,426,441,453,453,453,453],"floor_reached":33,"playtime":1501,"items_purged":["hexamod:Defend"],"score":494,"play_id":"95e7bab1-b45f-41e0-8729-c9ce737da5ab","local_time":"20210104162131","is_ascension_mode":true,"campfire_choices":[{"data":"hexamod:Float","floor":1.0,"key":"SMITH"},{"data":"hexamod:Rewind","floor":9.0,"key":"SMITH"},{"data":"hexamod:NecessarySacrifice","floor":11.0,"key":"SMITH"},{"data":"hexamod:FastForward","floor":13.0,"key":"SMITH"},{"data":"hexamod:ApocalypticArmor","floor":18.0,"key":"SMITH"},{"floor":23.0,"key":"RECALL"},{"data":"hexamod:NightmareStrike","floor":27.0,"key":"SMITH"},{"data":"hexamod:InspiringFlames","floor":29.0,"key":"SMITH"}],"circlet_count":0,"master_deck":["AscendersBane","hexamod:Strike","hexamod:Strike","hexamod:Strike","hexamod:Defend","hexamod:Defend","hexamod:Float+1","hexamod:Rewind+1","hexamod:SearingWound","hexamod:NecessarySacrifice+1","hexamod:SpectersWail","hexamod:FastForward+1","hexamod:StepThrough","hexamod:NightmareStrike+1","hexamod:InspiringFlames+1","hexamod:AdvancingGuard","hexamod:FirstSeal","hexamod:ApocalypticArmor+1","hexamod:InspiringFlames","hexamod:StepThrough","hexamod:ThermalTransfer+1","hexamod:FourthSeal","hexamod:ShieldOfDarkness","hexamod:CatchUp+1"],"relics":["hexamod:SpiritBrand","FossilizedHelix","Philosopher\u0027s Stone","Frozen Egg 2"],"acts_visited":["Exordium","TheCity"],"potions_floor_usage":[31,32],"damage_taken":[{"damage":0.0,"enemies":"Cultist","floor":2.0,"turns":3.0},{"damage":6.0,"enemies":"Jaw Worm","floor":3.0,"turns":3.0},{"damage":0.0,"enemies":"downfall:FleeingMerchant","floor":4.0,"turns":4.0},{"damage":0.0,"enemies":"Small Slimes","floor":5.0,"turns":4.0},{"damage":3.0,"enemies":"Red Slaver","floor":6.0,"turns":3.0},{"damage":0.0,"enemies":"2 Fungi Beasts","floor":8.0,"turns":2.0},{"damage":0.0,"enemies":"Gremlin Gang","floor":10.0,"turns":3.0},{"damage":0.0,"enemies":"Lots of Slimes","floor":12.0,"turns":3.0},{"damage":0.0,"enemies":"2 Fungi Beasts","floor":14.0,"turns":3.0},{"damage":0.0,"enemies":"Blue Slaver","floor":15.0,"turns":3.0},{"damage":39.0,"enemies":"downfall:Ironclad","floor":16.0,"turns":9.0},{"damage":0.0,"enemies":"downfall:FleeingMerchant","floor":20.0,"turns":5.0},{"damage":0.0,"enemies":"Chosen","floor":21.0,"turns":3.0},{"damage":50.0,"enemies":"Chosen and Byrds","floor":22.0,"turns":8.0},{"damage":4.0,"enemies":"Snake Plant","floor":25.0,"turns":4.0},{"damage":0.0,"enemies":"Cultist and Chosen","floor":26.0,"turns":8.0},{"damage":8.0,"enemies":"Shelled Parasite and Fungi","floor":30.0,"turns":5.0},{"damage":18,"enemies":"Snake Plant","floor":31,"turns":2},{"damage":0,"enemies":"Chosen and Byrds","floor":32,"turns":5},{"damage":21,"enemies":"downfall:Watcher","floor":33,"turns":4}],"seed_played":"-3603744004260137315","potions_obtained":[{"floor":6.0,"key":"EssenceOfSteel"},{"floor":8.0,"key":"champ:CounterPotion"},{"floor":16.0,"key":"PowerPotion"},{"floor":22.0,"key":"Swift Potion"},{"floor":25.0,"key":"Block Potion"},{"floor":26.0,"key":"AttackPotion"},{"floor":31,"key":"champ:CounterPotion"},{"floor":31,"key":"SteroidPotion"},{"floor":32,"key":"Swift Potion"}],"is_trial":false,"path_per_floor":["R","M","M","$","M","M","T","M","R","M","R","M","R","M","M","B",null,"R","?","$","M","M","R","T","M","M","R","?","R","M","M","M","B"],"character_chosen":"THE_SPIRIT","items_purchased":["hexamod:StepThrough"],"campfire_rested":0,"item_purchase_floors":[4],"current_hp_per_floor":[57,57,51,51,51,48,48,48,48,48,48,55,55,57,57,25,49,49,49,56,57,14,14,14,17,24,24,24,24,23,12,19,0,0,0],"gold":453,"neow_bonus":"TRANSFORM_TWO_CARDS","is_daily":false,"chose_seed":false,"campfire_upgraded":7,"win_rate":0.0,"timestamp":1609744891,"path_taken":["R","M","?","$","M","M","T","M","R","M","R","M","R","M","M","BOSS","R","?","$","M","M","R","T","M","M","R","?","R","?","M","M","BOSS"],"items_purchased_type":["Card"],"build_version":"2020-12-22","purchased_purges":1,"victory":false,"max_hp_per_floor":[57,57,57,57,57,57,57,57,57,57,57,57,57,57,57,57,57,57,57,57,57,57,57,57,57,57,57,57,57,57,57,57,57,57,57],"relic_stats":{"counters":[20,84],"obtain_stats":[{"Philosopher\u0027s Stone":17,"Frozen Egg 2":24,"hexamod:SpiritBrand":0,"FossilizedHelix":7},{"Philosopher\u0027s Stone":11,"Frozen Egg 2":14,"hexamod:SpiritBrand":0,"FossilizedHelix":5},{"Philosopher\u0027s Stone":40,"Frozen Egg 2":56,"hexamod:SpiritBrand":0,"FossilizedHelix":17}]},"card_choices":[{"not_picked":["hexamod:BacktrackSmack","hexamod:SwordOfDarkness"],"picked":"hexamod:NecessarySacrifice","floor":2.0},{"not_picked":["hexamod:SwordOfDarkness","hexamod:Haunt"],"picked":"hexamod:SpectersWail","floor":3.0},{"not_picked":["hexamod:RecurringNightmare","hexamod:RainOfEmbers"],"picked":"hexamod:FastForward","floor":4.0},{"not_picked":["hexamod:HeatShield","hexamod:Hexaguard"],"picked":"hexamod:NightmareStrike","floor":5.0},{"not_picked":["hexamod:HauntingEcho","hexamod:CrushingStance"],"picked":"hexamod:InspiringFlames","floor":6.0},{"not_picked":["hexamod:HauntingEcho","hexamod:SpectralSpark"],"picked":"hexamod:AdvancingGuard","floor":8.0},{"not_picked":["hexamod:FlamesFromBeyond","hexamod:CatchUp"],"picked":"hexamod:FirstSeal","floor":10.0},{"not_picked":["hexamod:RainOfEmbers","hexamod:GhostShield","hexamod:HeatShield"],"picked":"SKIP","floor":12.0},{"not_picked":["hexamod:RadiantFlame","hexamod:HeatCrush","hexamod:FastForward"],"picked":"SKIP","floor":14.0},{"not_picked":["hexamod:DynamicBlow","hexamod:GhostLash","hexamod:AdvancingGuard"],"picked":"SKIP","floor":15.0},{"not_picked":["hexamod:GhostflameInferno","hexamod:GiftsFromTheDead"],"picked":"hexamod:ApocalypticArmor","floor":16.0},{"not_picked":["hexamod:DynamicBlow","hexamod:NightmareStrike"],"picked":"hexamod:InspiringFlames","floor":20.0},{"not_picked":["hexamod:RainOfEmbers","hexamod:FastForward","hexamod:Firestarter"],"picked":"SKIP","floor":21.0},{"not_picked":["hexamod:GhostflameBarrier","hexamod:SpectersWail","hexamod:BacktrackSmack"],"picked":"SKIP","floor":22.0},{"not_picked":["hexamod:Again","hexamod:PhantomCloak+1"],"picked":"hexamod:StepThrough","floor":25.0},{"not_picked":["hexamod:NightmareGuise","hexamod:NightmareStrike+1"],"picked":"hexamod:ThermalTransfer+1","floor":26.0},{"not_picked":["hexamod:GhostflameBarrier","hexamod:NightmareStrike"],"picked":"hexamod:FourthSeal","floor":30.0},{"not_picked":["hexamod:BurningTouch","hexamod:AdvancingGuard"],"picked":"hexamod:ShieldOfDarkness","floor":31},{"not_picked":["hexamod:Hexaguard","hexamod:SkipABeat"],"picked":"hexamod:CatchUp+1","floor":32}],"player_experience":2837215,"relics_obtained":[{"floor":7.0,"key":"FossilizedHelix"},{"floor":24.0,"key":"Frozen Egg 2"}],"event_choices":[{"damage_healed":0.0,"max_hp_gain":0.0,"max_hp_loss":0.0,"gold_gain":200.0,"event_name":"Wheel of Change","player_choice":"Gold","floor":28.0,"gold_loss":0.0,"damage_taken":0.0}],"is_beta":false,"boss_relics":[{"not_picked":["Sozu","Ectoplasm"],"picked":"Philosopher\u0027s Stone"}],"items_purged_floors":[20],"is_endless":false,"potions_floor_spawned":[6,8,10,15,16,22,25,26,31],"killed_by":"downfall:Watcher","ascension_level":20}}