{"host":"5wznv0010959mrmz","time":1609722954,"event":{"mods":["BaseMod","Highlight Path","Minty Spire (QoL Compilation)"],"gold_per_floor":[116,116,87,107,107,133,58,58,58,84,94,120,120,70,70,143,143,159,159,170,7,7,0,0,47,110,134,146,158,185,216,228,240,240],"floor_reached":33,"playtime":1110,"items_purged":["Strike_G","Defend_G","Strike_G"],"score":542,"play_id":"77062d75-afd2-4a2d-bac5-5b4e7cd44004","local_time":"20210103191554","is_ascension_mode":true,"campfire_choices":[{"data":"Poisoned Stab","floor":13,"key":"SMITH"},{"floor":15,"key":"REST"},{"floor":32,"key":"REST"}],"circlet_count":0,"master_deck":["AscendersBane","Strike_G","Strike_G","Defend_G","Defend_G","Defend_G","Defend_G","Survivor","Neutralize","Poisoned Stab+1","Underhanded Strike","Sucker Punch+1","Endless Agony+1","Poisoned Stab+1","Glass Knife+1","Backflip","Writhe","Dagger Spray+1"],"relics":["Ring of the Snake","Toy Ornithopter","Happy Flower","Pocketwatch","Tiny Chest","Smiling Mask","SacredBark","Oddly Smooth Stone","Molten Egg 2","MawBank","Whetstone","Bag of Marbles","Gremlin Horn"],"acts_visited":["Exordium","TheCity"],"potions_floor_usage":[10,11,16,18,25,25,30,33],"damage_taken":[{"damage":3,"enemies":"Cultist","floor":1,"turns":4},{"damage":4,"enemies":"Small Slimes","floor":4,"turns":5},{"damage":35,"enemies":"Lagavulin","floor":6,"turns":9},{"damage":12,"enemies":"3 Sentries","floor":10,"turns":7},{"damage":0,"enemies":"2 Louse","floor":11,"turns":2},{"damage":26,"enemies":"Slime Boss","floor":16,"turns":11},{"damage":14,"enemies":"Shell Parasite","floor":18,"turns":5},{"damage":8,"enemies":"Chosen","floor":20,"turns":4},{"damage":11,"enemies":"Slavers","floor":25,"turns":6},{"damage":0,"enemies":"3 Cultists","floor":27,"turns":5},{"damage":21,"enemies":"Snecko","floor":30,"turns":4},{"damage":1,"enemies":"Centurion and Healer","floor":31,"turns":6},{"damage":52,"enemies":"Champ","floor":33,"turns":9}],"seed_played":"-601009721416719326","potions_obtained":[{"floor":4,"key":"Explosive Potion"},{"floor":10,"key":"EntropicBrew"},{"floor":16,"key":"BlessingOfTheForge"},{"floor":25,"key":"Swift Potion"},{"floor":31,"key":"LiquidBronze"}],"is_trial":false,"path_per_floor":["M","?","$","M","?","E","$","?","T","E","M","T","R","$","R","B",null,"M","T","M","$","T","?","?","E","T","M","T","?","M","M","R","B"],"character_chosen":"THE_SILENT","items_purchased":["Underhanded Strike","AttackPotion","SkillPotion"],"campfire_rested":2,"item_purchase_floors":[3,21,21],"current_hp_per_floor":[56,49,49,45,45,10,10,10,10,3,8,8,8,8,27,6,51,42,42,34,34,34,34,34,33,33,33,33,33,17,16,35,0,0],"gold":240,"neow_bonus":"RANDOM_COMMON_RELIC","is_daily":false,"chose_seed":false,"campfire_upgraded":1,"win_rate":0.0,"timestamp":1609722954,"path_taken":["M","?","$","M","?","E","$","?","T","E","?","?","R","?","R","BOSS","M","?","M","$","?","?","?","E","T","M","?","?","M","M","R","BOSS"],"items_purchased_type":["Card","Potion","Potion"],"build_version":"2020-12-22","purchased_purges":3,"victory":false,"max_hp_per_floor":[66,66,66,66,66,66,66,66,66,66,66,66,66,66,66,66,66,66,66,66,66,66,66,66,66,66,66,66,66,66,66,66,66,66],"card_choices":[{"not_picked":["Deadly Poison","Dodge and Roll"],"picked":"Poisoned Stab","floor":1},{"not_picked":["Cloak And Dagger","Choke"],"picked":"Sucker Punch","floor":4},{"not_picked":["Choke","Flying Knee"],"picked":"Endless Agony","floor":6},{"not_picked":["Quick Slash","Dagger Throw","Bullet Time"],"picked":"SKIP","floor":10},{"not_picked":["Acrobatics","Cloak And Dagger"],"picked":"Poisoned Stab","floor":11},{"not_picked":["Adrenaline","Unload"],"picked":"Glass Knife","floor":16},{"not_picked":["Poisoned Stab","Deflect"],"picked":"Backflip","floor":18},{"not_picked":["Deflect","Outmaneuver","Endless Agony"],"picked":"SKIP","floor":20},{"not_picked":["Blur","Well Laid Plans","A Thousand Cuts"],"picked":"SKIP","floor":25},{"not_picked":["Dagger Throw+1","Infinite Blades+1","Slice+1"],"picked":"SKIP","floor":27},{"not_picked":["Infinite Blades","Crippling Poison"],"picked":"Dagger Spray+1","floor":30},{"not_picked":["Bane+1","Caltrops","Blur"],"picked":"SKIP","floor":31}],"player_experience":389780,"relics_obtained":[{"floor":6,"key":"Happy Flower"},{"floor":9,"key":"Pocketwatch"},{"floor":10,"key":"Tiny Chest"},{"floor":12,"key":"Smiling Mask"},{"floor":19,"key":"Oddly Smooth Stone"},{"floor":22,"key":"Molten Egg 2"},{"floor":25,"key":"Whetstone"},{"floor":26,"key":"Bag of Marbles"},{"floor":28,"key":"Gremlin Horn"}],"event_choices":[{"cards_removed":["Strike_G"],"damage_healed":0,"gold_gain":0,"player_choice":"Card Removal","damage_taken":7,"max_hp_gain":0,"max_hp_loss":0,"event_name":"Golden Wing","floor":2,"gold_loss":0},{"damage_healed":0,"gold_gain":0,"player_choice":"Grow","damage_taken":0,"max_hp_gain":0,"max_hp_loss":0,"event_name":"Living Wall","floor":5,"gold_loss":0,"cards_upgraded":["Poisoned Stab"]},{"damage_healed":0,"gold_gain":0,"player_choice":"Forge","damage_taken":0,"max_hp_gain":0,"max_hp_loss":0,"event_name":"Accursed Blacksmith","floor":8,"gold_loss":0,"cards_upgraded":["Sucker Punch"]},{"damage_healed":0,"gold_gain":0,"player_choice":"Paid Fearfully","damage_taken":0,"max_hp_gain":0,"max_hp_loss":0,"event_name":"Masked Bandits","floor":23,"gold_loss":7},{"damage_healed":0,"gold_gain":0,"player_choice":"Opened","damage_taken":0,"relics_obtained":["MawBank"],"max_hp_gain":0,"max_hp_loss":0,"event_name":"The Mausoleum","floor":24,"gold_loss":0,"cards_obtained":["Writhe"]},{"damage_healed":0,"gold_gain":0,"player_choice":"0 cards matched","damage_taken":0,"max_hp_gain":0,"max_hp_loss":0,"event_name":"Match and Keep!","floor":29,"gold_loss":0,"cards_obtained":[]}],"is_beta":false,"boss_relics":[{"not_picked":["Calling Bell","Busted Crown"],"picked":"SacredBark"}],"items_purged_floors":[7,14,21],"is_endless":false,"potions_floor_spawned":[4,10,16,25,31],"killed_by":"Champ","ascension_level":20}}