{"host":"ox77rn1xcurm2t5a","time":1609785318,"event":{"mods":["2.2 Compatiblity","AchievementEnabler","Act Like it!","Aspiration","BaseMod","Best Route Mod","Better Match","Better Note","Better Sensory Stone","Block Reminder","Colored Map","Colored Powertips","Conjunction","Conspire","Custom Start","Energized Spire","GifTheSpireLib","Gold Saver","Gremlin Skip","Halation","Highlight Path","Hubris","Infinite Spire","Minty Spire (QoL Compilation)","Pale of the Ancients","Quick Restart","Replay The Spire","Reworked Bosses","ShortenTheSpire","Spire Exporter","StSLib","Stuff the Spire","Wandering Minibosses","vexMod"],"gold_per_floor":[355,72,72,72,172,172,182,210,210,243,243,278,278,289,289,394,394,405,405,422,422,422],"floor_reached":21,"playtime":778,"items_purged":["Strike_B"],"score":302,"play_id":"61a32650-2caa-455f-9748-09831af8535b","local_time":"20210104203518","is_ascension_mode":true,"campfire_choices":[{"floor":6.0,"key":"RECALL"},{"floor":11.0,"key":"REST"},{"data":"Static Discharge","floor":13.0,"key":"SMITH"},{"data":"Zap","floor":15.0,"key":"SMITH"}],"circlet_count":0,"master_deck":["AscendersBane","Strike_B","Strike_B","Strike_B","Defend_B","Defend_B","Defend_B","Defend_B","Zap+1","Dualcast","Chaos+1","Storm+1","Fusion+1","Barrage","Static Discharge+1","Echo Form","Streamline+1"],"relics":["Cracked Core","StuffTheSpire:MayFlowers","hubris:BallOfYels","Guide Book","infinitespire:CursedDice","Solar Panel","infinitespire:Beetle Shell","Inserter"],"acts_visited":["Exordium","TheCity"],"potions_floor_usage":[21],"damage_taken":[{"damage":3.0,"enemies":"Jaw Worm","floor":1.0,"turns":4.0},{"damage":0.0,"enemies":"Cultist","floor":7.0,"turns":3.0},{"damage":60.0,"enemies":"3 Sentries","floor":8.0,"turns":10.0},{"damage":9.0,"enemies":"Replay:BlueRogue","floor":10.0,"turns":4.0},{"damage":71.0,"enemies":"Gremlin Nob","floor":12.0,"turns":5.0},{"damage":9.0,"enemies":"2 Louse","floor":14.0,"turns":2.0},{"damage":56.0,"enemies":"Fading Forest","floor":16.0,"turns":11.0},{"damage":28,"enemies":"2 Thieves","floor":18,"turns":2},{"damage":40,"enemies":"3 Byrds","floor":20,"turns":5},{"damage":18,"enemies":"Snecko","floor":21,"turns":4}],"seed_played":"3353335222580605778","potions_obtained":[{"floor":8.0,"key":"DuplicationPotion"},{"floor":10.0,"key":"Fruit Juice"},{"floor":14.0,"key":"Regen Potion"},{"floor":20,"key":"SpeedPotion"}],"is_trial":false,"path_per_floor":["M","$","?","$","?","R","M","E","T","E","R","E","R","M","R","B",null,"M","?","M","M"],"character_chosen":"DEFECT","items_purchased":["StuffTheSpire:MayFlowers","hubris:BallOfYels","Chaos","Storm","Fusion","Barrage","Guide Book"],"campfire_rested":1,"item_purchase_floors":[2,2,2,2,2,2,2],"current_hp_per_floor":[65,65,65,65,65,65,65,11,11,7,31,37,37,32,32,22,66,46,46,17,0,0],"gold":422,"neow_bonus":"HUNDRED_GOLD","is_daily":false,"chose_seed":false,"campfire_upgraded":2,"win_rate":0.0,"timestamp":1609785318,"path_taken":["M","$","?","$","?","R","?","E","T","E","R","E","R","M","R","BOSS","M","?","M","M"],"items_purchased_type":["Relic","Relic","Card","Card","Card","Card","Relic"],"build_version":"2020-12-22","purchased_purges":1,"victory":false,"max_hp_per_floor":[75,75,75,75,75,75,75,75,75,80,80,80,80,80,80,80,80,80,80,80,80,80],"card_choices":[{"not_picked":["Tempest","Darkness","Time Bomb"],"picked":"SKIP","floor":1.0},{"not_picked":["Panic Button","StuffTheSpire:Plugnplay","Steam"],"picked":"SKIP","floor":7.0},{"not_picked":["StuffTheSpire:Plugnplay","Redo","StuffTheSpire:SnapShoot"],"picked":"SKIP","floor":8.0},{"not_picked":["ReplayTheSpireMod:System Scan","hubris:Prefetch","Undo"],"picked":"SKIP","floor":10.0},{"not_picked":["StuffTheSpire:LoadUp","StuffTheSpire:Plugnplay"],"picked":"Static Discharge","floor":12.0},{"not_picked":["Go for the Eyes","Barrage","Compile Driver"],"picked":"SKIP","floor":14.0},{"not_picked":["Machine Learning","Multi-Cast"],"picked":"Echo Form","floor":16.0},{"not_picked":["Cold Snap","ReplayTheSpireMod:GoodbyeWorld"],"picked":"Streamline+1","floor":18},{"not_picked":["Hologram","StuffTheSpire:Coldhearted","Compile Driver"],"picked":"SKIP","floor":20}],"player_experience":2892000,"relics_obtained":[{"floor":8.0,"key":"infinitespire:CursedDice"},{"floor":10.0,"key":"Solar Panel"},{"floor":12.0,"key":"infinitespire:Beetle Shell"}],"event_choices":[{"damage_healed":0.0,"max_hp_gain":0.0,"max_hp_loss":0.0,"gold_gain":0.0,"event_name":"Living Wall","player_choice":"Grow","floor":3.0,"gold_loss":0.0,"damage_taken":0.0,"cards_upgraded":["Fusion"]},{"damage_healed":0.0,"max_hp_gain":0.0,"max_hp_loss":0.0,"gold_gain":100.0,"event_name":"Golden Shrine","player_choice":"Pray","floor":5.0,"gold_loss":0.0,"damage_taken":0.0},{"damage_healed":0,"gold_gain":0,"player_choice":"Ignored","damage_taken":0,"max_hp_gain":0,"max_hp_loss":0,"event_name":"betterNote:BetterNote","floor":19,"gold_loss":0,"cards_obtained":["Strike_P"]}],"is_beta":false,"boss_relics":[{"not_picked":["halation:SmartPhone","energizedSpire:OldTV"],"picked":"Inserter"}],"items_purged_floors":[2],"is_endless":false,"potions_floor_spawned":[8,10,14,20],"killed_by":"Snecko","ascension_level":11}}