{"host":"8m3txu8mcyu46pv6","time":1609769621,"event":{"mods":["ATMod(°¢èªMod)","BaseMod","Minty Spire (QoL Compilation)","StSLib"],"gold_per_floor":[113,123,48,61,76,110,110,110,110,128,146,158,187,9,9,80,80,98,98,111,111,139,139,170,170,217,232,250,250,261,294,294,372,372,391,416,159,177,177,177,399,399,399,428,448,460,460,486,486,486,486,486,123,151,151],"floor_reached":56,"playtime":3557,"items_purged":["Strike_R","Strike_R","Strike_R"],"score":2137,"play_id":"cc373a37-159b-456e-a2a7-469477998696","local_time":"20210104221341","is_ascension_mode":true,"campfire_choices":[{"data":"AT_FamilyPortrait","floor":7.0,"key":"SMITH"},{"data":"AT_ShrugMaster","floor":15.0,"key":"SMITH"},{"data":"Body Slam","floor":23,"key":"SMITH"},{"data":"AT_DiedThrough","floor":25,"key":"SMITH"},{"data":"AT_BodySlamDance","floor":29,"key":"SMITH"},{"data":"Reaper","floor":32,"key":"SMITH"},{"data":"Entrench","floor":40,"key":"SMITH"},{"floor":42,"key":"RECALL"},{"data":"Seeing Red","floor":47,"key":"SMITH"},{"data":"Exhume","floor":49,"key":"SMITH"},{"data":"Power Through","floor":52,"key":"SMITH"}],"circlet_count":0,"master_deck":["AscendersBane","Strike_R","Defend_R","Defend_R","Defend_R","Defend_R","Bash","AT_FamilyPortrait+1","Second Wind+1","Body Slam+1","Seeing Red+1","Burning Pact+1","AT_BodySlamDance+1","AT_ShrugMaster+1","Reaper+1","AT_DiedThrough+1","Dark Embrace+1","Exhume+1","AT_EmpoweredMortalDraw+1","Entrench+1","Power Through+1"],"relics":["AT_ATBox","AT_TrinityForce","Potion Belt","Bag of Preparation","AT_SilvercatRing","Philosopher\u0027s Stone","Red Mask","Regal Pillow","Oddly Smooth Stone","AT_EbonyIvory","AT_MortalBlade","Pocketwatch","Orrery","Champion Belt","HornCleat","Incense Burner","Sundial","Bottled Lightning"],"acts_visited":["Exordium","TheCity","TheBeyond","TheEnding"],"potions_floor_usage":[18,18,18,18,24,31,55,55,55],"damage_taken":[{"damage":0.0,"enemies":"Cultist","floor":1.0,"turns":2.0},{"damage":0.0,"enemies":"Jaw Worm","floor":2.0,"turns":1.0},{"damage":1.0,"enemies":"2 Louse","floor":4.0,"turns":2.0},{"damage":12.0,"enemies":"Exordium Wildlife","floor":5.0,"turns":3.0},{"damage":38.0,"enemies":"3 Sentries","floor":6.0,"turns":9.0},{"damage":0.0,"enemies":"Blue Slaver","floor":10.0,"turns":2.0},{"damage":0.0,"enemies":"3 Louse","floor":11.0,"turns":3.0},{"damage":0.0,"enemies":"2 Fungi Beasts","floor":12.0,"turns":2.0},{"damage":4.0,"enemies":"Gremlin Nob","floor":13.0,"turns":3.0},{"damage":3.0,"enemies":"Slime Boss","floor":16.0,"turns":8.0},{"damage":5,"enemies":"3 Byrds","floor":18,"turns":3},{"damage":0,"enemies":"Spheric Guardian","floor":20,"turns":2},{"damage":17,"enemies":"Masked Bandits","floor":22,"turns":4},{"damage":7,"enemies":"Gremlin Leader","floor":24,"turns":3},{"damage":0,"enemies":"Shelled Parasite and Fungi","floor":27,"turns":2},{"damage":0,"enemies":"Cultist and Chosen","floor":28,"turns":4},{"damage":0,"enemies":"Snecko","floor":30,"turns":4},{"damage":5,"enemies":"Slavers","floor":31,"turns":4},{"damage":14,"enemies":"Champ","floor":33,"turns":4},{"damage":0,"enemies":"3 Darklings","floor":35,"turns":1},{"damage":0,"enemies":"Mind Bloom Boss Battle","floor":36,"turns":2},{"damage":0,"enemies":"3 Shapes","floor":38,"turns":1},{"damage":1,"enemies":"Nemesis","floor":44,"turns":4},{"damage":0,"enemies":"Spire Growth","floor":45,"turns":2},{"damage":0,"enemies":"Sphere and 2 Shapes","floor":46,"turns":1},{"damage":0,"enemies":"Giant Head","floor":48,"turns":3},{"damage":9,"enemies":"Donu and Deca","floor":50,"turns":4},{"damage":9,"enemies":"Shield and Spear","floor":54,"turns":2},{"damage":5,"enemies":"The Heart","floor":55,"turns":4}],"seed_played":"-3792052119107390772","potions_obtained":[{"floor":1.0,"key":"DistilledChaos"},{"floor":10.0,"key":"Block Potion"},{"floor":13.0,"key":"SkillPotion"},{"floor":16.0,"key":"GamblersBrew"},{"floor":20,"key":"PowerPotion"},{"floor":24,"key":"Dexterity Potion"},{"floor":30,"key":"Block Potion"},{"floor":35,"key":"Swift Potion"},{"floor":46,"key":"BloodPotion"}],"is_trial":false,"path_per_floor":["M","M","$","M","M","E","R","?","T","M","M","M","E","$","R","B",null,"M","$","M","T","?","R","E","R","T","M","M","R","M","E","R","B",null,"M","?","$","M","?","R","?","R","T","E","M","M","R","E","R","B",null,"R","$","E","B",null],"character_chosen":"IRONCLAD","items_purchased":["AT_ShrugMaster","EntropicBrew","Orrery","Sundial"],"campfire_rested":0,"item_purchase_floors":[14,14,37,53],"current_hp_per_floor":[68,68,68,67,55,17,17,17,17,17,17,17,13,13,13,17,61,66,66,66,66,58,58,51,51,51,61,75,75,75,75,75,61,72,72,72,72,72,71,71,71,71,71,70,70,70,70,70,70,61,69,69,69,60,69],"gold":151,"neow_bonus":"BOSS_RELIC","is_daily":false,"chose_seed":false,"campfire_upgraded":10,"win_rate":0.0,"timestamp":1609769621,"path_taken":["M","?","$","M","M","E","R","?","T","M","M","M","E","$","R","BOSS","M","?","?","?","?","R","E","R","T","M","M","R","M","E","R","BOSS","M","?","$","M","?","R","?","R","T","E","M","M","R","E","R","BOSS","R","$","E","BOSS"],"items_purchased_type":["Card","Potion","Relic","Relic"],"build_version":"2020-12-22","purchased_purges":3,"victory":true,"max_hp_per_floor":[75,75,75,75,75,75,75,75,75,75,75,75,75,75,75,75,75,75,75,75,75,75,75,75,75,75,75,75,75,75,75,75,75,75,75,75,75,75,71,71,71,71,71,71,71,71,71,71,71,71,71,71,71,71,71],"card_choices":[{"not_picked":["Dual Wield","Rupture","Cleave"],"picked":"SKIP","floor":1.0},{"not_picked":["True Grit","Pommel Strike"],"picked":"Second Wind","floor":2.0},{"not_picked":["Combust","Warcry"],"picked":"Body Slam","floor":4.0},{"not_picked":["Warcry","Inflame"],"picked":"Seeing Red","floor":5.0},{"not_picked":["Second Wind","Sever Soul"],"picked":"Burning Pact","floor":6.0},{"not_picked":["Dark Embrace","Intimidate","Havoc"],"picked":"SKIP","floor":10.0},{"not_picked":["Intimidate","Cleave","Thunderclap"],"picked":"SKIP","floor":11.0},{"not_picked":["Twin Strike","Sword Boomerang"],"picked":"AT_BodySlamDance","floor":12.0},{"not_picked":["AT_IchimonjiDouble","Whirlwind","Twin Strike"],"picked":"SKIP","floor":13.0},{"not_picked":["Corruption","Berserk"],"picked":"Reaper","floor":16.0},{"not_picked":["Second Wind+1","Twin Strike","Fire Breathing"],"picked":"SKIP","floor":18},{"not_picked":["Body Slam","Headbutt","Combust"],"picked":"SKIP","floor":20},{"not_picked":["True Grit","Whirlwind+1"],"picked":"AT_DiedThrough","floor":24},{"not_picked":["Cleave","Heavy Blade","Clothesline"],"picked":"SKIP","floor":27},{"not_picked":["Infernal Blade","AT_BodySlamDance","Armaments"],"picked":"SKIP","floor":28},{"not_picked":["Pommel Strike","Armaments","Headbutt"],"picked":"SKIP","floor":30},{"not_picked":["Body Slam","AT_BodySlamDance"],"picked":"Dark Embrace+1","floor":31},{"not_picked":["Brutality","Berserk"],"picked":"Exhume","floor":33},{"not_picked":["Flame Barrier","AT_BodySlamDance","AT_DrawKnifeCut"],"picked":"SKIP","floor":35},{"not_picked":["Headbutt","Shrug It Off"],"picked":"Entrench","floor":37},{"not_picked":["AT_BodySlamDance","AT_ShrugMaster","Shrug It Off+1"],"picked":"SKIP","floor":38},{"not_picked":["AT_BodySlamDance","AT_ShrugMaster","Shrug It Off+1"],"picked":"SKIP","floor":38},{"not_picked":["Perfected Strike+1","Brutality","Corruption"],"picked":"SKIP","floor":44},{"not_picked":["Body Slam","Combust"],"picked":"Power Through","floor":45},{"not_picked":["Rampage+1","Uppercut+1","Perfected Strike"],"picked":"SKIP","floor":46},{"not_picked":["AT_CaressingTears+1","Rage","Flex+1"],"picked":"SKIP","floor":48},{"not_picked":["Shrug It Off","Whirlwind+1","Warcry"],"picked":"SKIP","floor":54}],"player_experience":60334,"relics_obtained":[{"floor":6.0,"key":"Potion Belt"},{"floor":9.0,"key":"Bag of Preparation"},{"floor":13.0,"key":"AT_SilvercatRing"},{"floor":22,"key":"Red Mask"},{"floor":24,"key":"Regal Pillow"},{"floor":26,"key":"Oddly Smooth Stone"},{"floor":31,"key":"AT_EbonyIvory"},{"floor":36,"key":"Pocketwatch"},{"floor":43,"key":"Champion Belt"},{"floor":44,"key":"HornCleat"},{"floor":48,"key":"Incense Burner"},{"floor":54,"key":"Bottled Lightning"}],"event_choices":[{"cards_removed":["Strike_R"],"damage_healed":0.0,"max_hp_gain":0.0,"max_hp_loss":0.0,"gold_gain":0.0,"event_name":"Purifier","player_choice":"Purged","floor":8.0,"gold_loss":0.0,"damage_taken":0.0},{"damage_healed":0,"gold_gain":0,"player_choice":"Fought Bandits","damage_taken":0,"max_hp_gain":0,"max_hp_loss":0,"event_name":"Masked Bandits","floor":22,"gold_loss":0},{"damage_healed":0,"gold_gain":0,"player_choice":"Fight","damage_taken":0,"max_hp_gain":0,"max_hp_loss":0,"event_name":"MindBloom","floor":36,"gold_loss":0},{"damage_healed":0,"gold_gain":0,"player_choice":"Max HP","damage_taken":0,"max_hp_gain":0,"max_hp_loss":4,"event_name":"Winding Halls","floor":39,"gold_loss":0},{"damage_healed":0,"gold_gain":222,"player_choice":"Wore Mask","damage_taken":0,"max_hp_gain":0,"max_hp_loss":0,"event_name":"Tomb of Lord Red Mask","floor":41,"gold_loss":0}],"is_beta":false,"boss_relics":[{"not_picked":["SacredBark","Ectoplasm"],"picked":"Philosopher\u0027s Stone"},{"not_picked":["Runic Pyramid","Cursed Key"],"picked":"AT_MortalBlade"}],"items_purged_floors":[3,37,53],"is_endless":false,"potions_floor_spawned":[1,10,13,16,20,24,30,35,44,46],"ascension_level":15}}