{"host":"daa8jqyg4gqfaysm","time":1609784431,"event":{"mods":["BaseMod","Colored Powertips","Minty Spire (QoL Compilation)","StSLib"],"gold_per_floor":[119,137,212,112,127,127,144,169,196,206,206,231,231,241,241,315,315,334,334,14,26,26,53,53,66,92,118,118,138,138,168,168,242,242,252,265,282,282,307,341,341,341,365,44,62,95,95,110,110,110,110],"floor_reached":50,"playtime":2280,"items_purged":[],"score":1244,"play_id":"26ee9dcf-9b9a-4615-9084-7b43971df3e2","local_time":"20210105022031","is_ascension_mode":true,"campfire_choices":[{"floor":6,"key":"REST"},{"data":"Bouncing Flask","floor":11,"key":"SMITH"},{"data":"Deadly Poison","floor":15,"key":"SMITH"},{"floor":24,"key":"REST"},{"data":"Catalyst","floor":28,"key":"SMITH"},{"data":"A Thousand Cuts","floor":30,"key":"SMITH"},{"floor":32,"key":"REST"},{"floor":41,"key":"REST"},{"floor":49,"key":"REST"}],"circlet_count":0,"master_deck":["AscendersBane","Survivor+1","Neutralize","Quick Slash","Deadly Poison+1","Bouncing Flask+1","Dagger Throw","Footwork","PiercingWail+1","Leg Sweep","After Image","Deadly Poison+1","Adrenaline","Slice","Bullet Time","Venomology","Predator","Dodge and Roll","Venomology","Cloak And Dagger","Endless Agony","Adrenaline","Escape Plan","Footwork","Noxious Fumes","Predator+1","PiercingWail","Catalyst+1","A Thousand Cuts+1","Glass Knife","Dodge and Roll+1","PiercingWail+1","Corpse Explosion"],"relics":["Ring of the Snake","Oddly Smooth Stone","Blood Vial","Omamori","Lantern","Pandora\u0027s Box","TwistedFunnel","Lizard Tail","Pocketwatch","Matryoshka","Runic Dome","Turnip","Girya","Akabeko","Toy Ornithopter","War Paint","MealTicket"],"acts_visited":["Exordium","TheCity","TheBeyond"],"potions_floor_usage":[8,12,13,18,23,23,27,27,27,31,31,33,33,35,37,37,40,46,46,46,48,50,50,50,50],"damage_taken":[{"damage":6,"enemies":"Jaw Worm","floor":1,"turns":7},{"damage":1,"enemies":"2 Louse","floor":2,"turns":3},{"damage":0,"enemies":"Cultist","floor":5,"turns":4},{"damage":3,"enemies":"Blue Slaver","floor":7,"turns":4},{"damage":9,"enemies":"Lagavulin","floor":8,"turns":6},{"damage":2,"enemies":"Exordium Thugs","floor":10,"turns":4},{"damage":19,"enemies":"3 Sentries","floor":12,"turns":9},{"damage":1,"enemies":"Lots of Slimes","floor":13,"turns":2},{"damage":16,"enemies":"Exordium Wildlife","floor":14,"turns":5},{"damage":15,"enemies":"The Guardian","floor":16,"turns":10},{"damage":1,"enemies":"Chosen","floor":18,"turns":5},{"damage":0,"enemies":"Spheric Guardian","floor":21,"turns":2},{"damage":26,"enemies":"Slavers","floor":23,"turns":7},{"damage":9,"enemies":"Centurion and Healer","floor":25,"turns":7},{"damage":0,"enemies":"Book of Stabbing","floor":27,"turns":5},{"damage":0,"enemies":"3 Cultists","floor":29,"turns":4},{"damage":1,"enemies":"Gremlin Leader","floor":31,"turns":5},{"damage":29,"enemies":"Champ","floor":33,"turns":7},{"damage":16,"enemies":"Orb Walker","floor":35,"turns":3},{"damage":0,"enemies":"3 Shapes","floor":36,"turns":4},{"damage":9,"enemies":"Maw","floor":37,"turns":5},{"damage":8,"enemies":"Mind Bloom Boss Battle","floor":39,"turns":7},{"damage":51,"enemies":"Reptomancer","floor":40,"turns":6},{"damage":9,"enemies":"4 Shapes","floor":45,"turns":2},{"damage":30,"enemies":"Giant Head","floor":46,"turns":7},{"damage":0,"enemies":"3 Darklings","floor":48,"turns":4},{"damage":86,"enemies":"Awakened One","floor":50,"turns":8}],"seed_played":"-1688750748513536251","potions_obtained":[{"floor":2,"key":"DistilledChaos"},{"floor":8,"key":"SmokeBomb"},{"floor":10,"key":"EssenceOfSteel"},{"floor":16,"key":"SmokeBomb"},{"floor":21,"key":"LiquidMemories"},{"floor":27,"key":"SmokeBomb"},{"floor":40,"key":"FearPotion"},{"floor":46,"key":"Dexterity Potion"}],"is_trial":false,"path_per_floor":["M","M","?","?","M","R","M","E","T","M","R","E","M","M","R","B",null,"M","?","$","M","$","E","R","M","T","E","R","M","R","E","R","B",null,"M","M","M","?","?","E","R","?","T","$","M","E","?","M","R","B"],"character_chosen":"THE_SILENT","items_purchased":["TwistedFunnel","Escape Plan","Footwork","Corpse Explosion","War Paint"],"campfire_rested":5,"item_purchase_floors":[20,20,20,44,44],"current_hp_per_floor":[53,52,41,41,41,60,57,48,48,48,48,31,32,18,18,5,51,52,52,52,54,54,30,49,42,42,44,44,46,46,47,66,37,59,45,47,40,40,34,21,40,40,40,40,33,20,33,40,59,0,0],"gold":110,"neow_bonus":"THREE_CARDS","is_daily":false,"chose_seed":false,"campfire_upgraded":4,"win_rate":0.0,"timestamp":1609784431,"path_taken":["M","M","?","?","M","R","M","E","T","M","R","E","M","?","R","BOSS","M","?","?","M","$","E","R","M","T","E","R","M","R","E","R","BOSS","M","?","M","?","?","E","R","?","T","$","?","E","?","M","R","BOSS"],"items_purchased_type":["Relic","Card","Card","Card","Relic"],"build_version":"2020-12-22","purchased_purges":0,"victory":false,"max_hp_per_floor":[66,66,66,66,66,66,66,66,66,66,66,66,66,66,66,66,66,66,66,66,66,66,66,66,66,66,66,66,66,66,66,66,66,66,66,66,66,66,66,66,66,66,66,66,66,66,66,66,66,66,66],"card_choices":[{"not_picked":["Masterful Stab","Flechettes"],"picked":"Quick Slash","floor":0},{"not_picked":["Prepared","Backflip"],"picked":"Deadly Poison","floor":1},{"not_picked":["Prepared","PiercingWail"],"picked":"Bouncing Flask","floor":2},{"not_picked":["Acrobatics","Outmaneuver"],"picked":"Dagger Throw","floor":5},{"not_picked":["Tactician","Deadly Poison","Prepared"],"picked":"SKIP","floor":7},{"not_picked":["Venomology","Backflip"],"picked":"Footwork","floor":8},{"not_picked":["Outmaneuver","Dagger Throw"],"picked":"PiercingWail","floor":10},{"not_picked":["Blade Dance","Quick Slash","Acrobatics"],"picked":"SKIP","floor":12},{"not_picked":["Masterful Stab","Choke"],"picked":"Leg Sweep","floor":14},{"not_picked":["Grand Finale","Storm of Steel"],"picked":"After Image","floor":16},{"not_picked":["Sucker Punch+1","Footwork"],"picked":"Bane","floor":18},{"not_picked":["Skewer+1","Bane"],"picked":"Noxious Fumes","floor":21},{"not_picked":["Heel Hook","Slice"],"picked":"Predator+1","floor":23},{"not_picked":["Dodge and Roll","Prepared"],"picked":"PiercingWail","floor":25},{"not_picked":["Outmaneuver","Cloak And Dagger"],"picked":"Catalyst","floor":27},{"not_picked":["Dodge and Roll","Predator"],"picked":"A Thousand Cuts","floor":29},{"not_picked":["Prepared","PiercingWail","Bane"],"picked":"SKIP","floor":31},{"not_picked":["Tools of the Trade","Phantasmal Killer"],"picked":"Glass Knife","floor":33},{"not_picked":["Poisoned Stab","Dagger Throw","Dagger Spray"],"picked":"SKIP","floor":35},{"not_picked":["Prepared","Bane"],"picked":"Dodge and Roll+1","floor":36},{"not_picked":["Flying Knee","Underhanded Strike","Prepared"],"picked":"SKIP","floor":37},{"not_picked":["Backflip","Dagger Throw"],"picked":"PiercingWail+1","floor":40},{"not_picked":["Setup","Venomology","Backstab"],"picked":"SKIP","floor":45},{"not_picked":["Slice","Dagger Throw","Flying Knee"],"picked":"SKIP","floor":46},{"not_picked":["Underhanded Strike+1","Heel Hook","Infinite Blades"],"picked":"SKIP","floor":48}],"player_experience":778289,"relics_obtained":[{"floor":8,"key":"Blood Vial"},{"floor":9,"key":"Omamori"},{"floor":12,"key":"Lantern"},{"floor":23,"key":"Lizard Tail"},{"floor":27,"key":"Pocketwatch"},{"floor":31,"key":"Matryoshka"},{"floor":39,"key":"Turnip"},{"floor":40,"key":"Girya"},{"floor":43,"key":"Akabeko"},{"floor":43,"key":"Toy Ornithopter"},{"floor":46,"key":"MealTicket"}],"event_choices":[{"damage_healed":0,"gold_gain":75,"player_choice":"Gather Gold","damage_taken":11,"max_hp_gain":0,"max_hp_loss":0,"event_name":"World of Goop","floor":3,"gold_loss":0},{"damage_healed":0,"gold_gain":0,"player_choice":"Paid Gold","damage_taken":0,"relics_obtained":["Oddly Smooth Stone"],"max_hp_gain":0,"max_hp_loss":0,"event_name":"WeMeetAgain","floor":4,"gold_loss":100},{"damage_healed":0,"gold_gain":0,"player_choice":"Copied","damage_taken":0,"max_hp_gain":0,"max_hp_loss":0,"event_name":"Duplicator","floor":19,"gold_loss":0,"cards_obtained":["Adrenaline"]},{"cards_removed":["Bane"],"damage_healed":0,"gold_gain":0,"player_choice":"Removed Attack","damage_taken":0,"max_hp_gain":0,"max_hp_loss":0,"event_name":"Falling","floor":38,"gold_loss":0},{"damage_healed":0,"gold_gain":0,"player_choice":"Fight","damage_taken":0,"max_hp_gain":0,"max_hp_loss":0,"event_name":"MindBloom","floor":39,"gold_loss":0},{"damage_healed":0,"gold_gain":0,"player_choice":"Upgraded","damage_taken":0,"max_hp_gain":0,"max_hp_loss":0,"event_name":"Upgrade Shrine","floor":42,"gold_loss":0,"cards_upgraded":["PiercingWail"]},{"damage_healed":13,"gold_gain":0,"player_choice":"Writhe","damage_taken":0,"max_hp_gain":0,"max_hp_loss":0,"event_name":"Winding Halls","floor":47,"gold_loss":0,"cards_obtained":["Writhe"]}],"is_beta":false,"boss_relics":[{"not_picked":["Calling Bell","Ring of the Serpent"],"picked":"Pandora\u0027s Box"},{"not_picked":["Black Star","Empty Cage"],"picked":"Runic Dome"}],"items_purged_floors":[],"is_endless":false,"potions_floor_spawned":[2,8,10,16,21,27,31,36,40,45,46,48],"killed_by":"Awakened One","ascension_level":20}}