{"host":"ec09novo68szpe7d","time":1609789726,"event":{"mods":["AchievementEnabler","BaseMod","Bestiary","BetterRewards","Minty Spire (QoL Compilation)","StSLib"],"gold_per_floor":[111,111,162,180,355,386,386,411,435,435,451,478,496,511,511,606,606,626,626,636,650,318,318,345,345,345,379,279,292,302,85,85,185,185,198,248,258,272,122,122,142,169,181,193,205,42,57,9,9,9,9,9,9,42,42],"floor_reached":56,"playtime":4157,"items_purged":["Doubt","Strike_R","Strike_R","Strike_R","Strike_R+1"],"score":1794,"play_id":"b349d0d7-421e-4d58-9e7e-70e5ace3ac09","local_time":"20210104204846","is_ascension_mode":true,"campfire_choices":[{"data":"Bash","floor":7.0,"key":"SMITH"},{"data":"Entrench","floor":15.0,"key":"SMITH"},{"data":"Armaments","floor":23.0,"key":"SMITH"},{"floor":25.0,"key":"RECALL"},{"data":"Deep Breath","floor":32.0,"key":"SMITH"},{"floor":40.0,"key":"REST"},{"floor":44.0,"key":"REST"},{"floor":49.0,"key":"REST"},{"floor":52.0,"key":"REST"}],"circlet_count":0,"master_deck":["Defend_R","Defend_R","Defend_R","Defend_R","Bash+1","Entrench+1","Headbutt","Barricade+1","Power Through","Headbutt","Body Slam","Reaper","Shrug It Off","Armaments+1","Pommel Strike+1","Deep Breath+1","Fiend Fire","Battle Trance"],"relics":["Burning Blood","NeowsBlessing","Happy Flower","Singing Bowl","Oddly Smooth Stone","Art of War","Omamori","MealTicket","Velvet Choker","Matryoshka","Mercury Hourglass","Nunchaku","Paper Frog","Fusion Hammer","Bird Faced Urn","MawBank","Self Forming Clay","Darkstone Periapt","Red Skull"],"acts_visited":["TheCity","TheBeyond","TheEnding"],"potions_floor_usage":[55],"damage_taken":[{"damage":0.0,"enemies":"Jaw Worm","floor":1.0,"turns":1.0},{"damage":0.0,"enemies":"2 Louse","floor":4.0,"turns":1.0},{"damage":0.0,"enemies":"Lagavulin","floor":6.0,"turns":1.0},{"damage":40.0,"enemies":"3 Sentries","floor":8.0,"turns":12.0},{"damage":0.0,"enemies":"Cultist","floor":11.0,"turns":2.0},{"damage":15.0,"enemies":"Lagavulin","floor":12.0,"turns":12.0},{"damage":2.0,"enemies":"Blue Slaver","floor":13.0,"turns":5.0},{"damage":6.0,"enemies":"Exordium Wildlife","floor":14.0,"turns":4.0},{"damage":0.0,"enemies":"Slime Boss","floor":16.0,"turns":16.0},{"damage":6.0,"enemies":"Chosen","floor":18.0,"turns":6.0},{"damage":0.0,"enemies":"Spheric Guardian","floor":20.0,"turns":8.0},{"damage":0.0,"enemies":"3 Cultists","floor":21.0,"turns":7.0},{"damage":2.0,"enemies":"Gremlin Leader","floor":24.0,"turns":5.0},{"damage":23.0,"enemies":"Book of Stabbing","floor":27.0,"turns":10.0},{"damage":0.0,"enemies":"Centurion and Healer","floor":29.0,"turns":6.0},{"damage":12.0,"enemies":"Snake Plant","floor":30.0,"turns":5.0},{"damage":0.0,"enemies":"Automaton","floor":33.0,"turns":8.0},{"damage":0.0,"enemies":"3 Darklings","floor":35.0,"turns":8.0},{"damage":56.0,"enemies":"2 Orb Walkers","floor":36.0,"turns":9.0},{"damage":0.0,"enemies":"3 Shapes","floor":37.0,"turns":7.0},{"damage":18.0,"enemies":"Jaw Worm Horde","floor":38.0,"turns":5.0},{"damage":14.0,"enemies":"4 Shapes","floor":41.0,"turns":7.0},{"damage":17.0,"enemies":"Reptomancer","floor":42.0,"turns":9.0},{"damage":22.0,"enemies":"Maw","floor":47.0,"turns":6.0},{"damage":20.0,"enemies":"Awakened One","floor":50.0,"turns":11.0},{"damage":0.0,"enemies":"Shield and Spear","floor":54.0,"turns":6.0},{"damage":76,"enemies":"The Heart","floor":55,"turns":15}],"seed_played":"8258265374105722645","potions_obtained":[{"floor":6.0,"key":"Strength Potion"},{"floor":11.0,"key":"SkillPotion"},{"floor":12.0,"key":"GamblersBrew"},{"floor":14.0,"key":"Swift Potion"},{"floor":16.0,"key":"Dexterity Potion"},{"floor":20.0,"key":"Swift Potion"},{"floor":24.0,"key":"Energy Potion"},{"floor":30.0,"key":"Energy Potion"},{"floor":33.0,"key":"Strength Potion"},{"floor":35.0,"key":"SteroidPotion"},{"floor":42.0,"key":"GamblersBrew"},{"floor":47.0,"key":"BloodPotion"},{"floor":54.0,"key":"FearPotion"}],"is_trial":false,"path_per_floor":["M","?","T","M","?","E","R","E","T","?","M","E","M","M","R","B",null,"M","?","M","M","$","R","E","R","T","E","$","M","M","$","R","B",null,"M","?","M","M","$","R","M","E","T","R","?","$","M","$","R","B",null,"R","$","E","B",null],"character_chosen":"IRONCLAD","items_purchased":["Matryoshka","Deep Breath","Swift Potion"],"campfire_rested":4,"item_purchase_floors":[22,31,48],"current_hp_per_floor":[78,62,62,68,68,76,76,42,42,35,41,32,38,38,38,44,74,78,78,84,86,86,86,88,88,88,79,90,90,89,92,92,92,92,94,49,71,73,88,98,96,91,91,102,102,102,88,103,104,95,102,104,104,106,42],"gold":42,"neow_bonus":"THREE_ENEMY_KILL","is_daily":false,"chose_seed":false,"campfire_upgraded":4,"win_rate":0.0,"timestamp":1609789726,"path_taken":["M","?","?","?","?","E","R","E","T","?","M","E","M","M","R","BOSS","M","?","?","M","$","R","E","R","T","E","$","M","M","$","R","BOSS","M","?","M","M","$","R","M","E","T","R","?","$","M","?","R","BOSS","R","$","E","BOSS"],"items_purchased_type":["Relic","Card","Potion"],"build_version":"2020-12-22","purchased_purges":5,"victory":true,"max_hp_per_floor":[80,80,80,80,80,82,82,82,82,82,82,82,84,84,84,84,84,84,84,84,86,86,86,88,88,88,90,90,90,92,92,92,92,92,94,94,96,98,98,98,100,102,102,102,102,102,104,104,104,104,104,104,104,106,106],"card_choices":[{"not_picked":["Perfected Strike","Feel No Pain"],"picked":"Entrench","floor":1.0},{"not_picked":["Cleave","Anger"],"picked":"Headbutt","floor":4.0},{"not_picked":["Feel No Pain","Reckless Charge","Clash"],"picked":"Singing Bowl","floor":6.0},{"not_picked":["Cleave","Flex"],"picked":"Barricade","floor":8.0},{"not_picked":["Dropkick","Heavy Blade"],"picked":"Power Through","floor":11.0},{"not_picked":["Seeing Red","Limit Break"],"picked":"Headbutt","floor":12.0},{"not_picked":["Warcry","Sword Boomerang","Pommel Strike"],"picked":"Singing Bowl","floor":13.0},{"not_picked":["Anger","Rupture"],"picked":"Body Slam","floor":14.0},{"not_picked":["Double Tap","Corruption"],"picked":"Reaper","floor":16.0},{"not_picked":["Disarm","Heavy Blade"],"picked":"Shrug It Off","floor":18.0},{"not_picked":["Anger","Rage"],"picked":"Armaments","floor":20.0},{"not_picked":["Spot Weakness+1","Sword Boomerang+1","Iron Wave"],"picked":"Singing Bowl","floor":21.0},{"not_picked":["Iron Wave","Intimidate","Seeing Red"],"picked":"Singing Bowl","floor":24.0},{"not_picked":["Armaments","Heavy Blade","Evolve"],"picked":"Singing Bowl","floor":27.0},{"not_picked":["Whirlwind+1","Cleave"],"picked":"Pommel Strike+1","floor":29.0},{"not_picked":["Twin Strike","Disarm","Sword Boomerang+1"],"picked":"Singing Bowl","floor":30.0},{"not_picked":["Exhume","Feed"],"picked":"Fiend Fire","floor":33.0},{"not_picked":["Whirlwind+1","Havoc+1","Pommel Strike+1"],"picked":"Singing Bowl","floor":35.0},{"not_picked":["Warcry","Pommel Strike"],"picked":"Battle Trance","floor":36.0},{"not_picked":["Body Slam+1","Havoc","Armaments"],"picked":"Singing Bowl","floor":37.0},{"not_picked":["Seeing Red+1","Warcry+1","Reaper"],"picked":"Singing Bowl","floor":38.0},{"not_picked":["Seeing Red+1","Rupture","Flex"],"picked":"Singing Bowl","floor":41.0},{"not_picked":["Clash","Anger+1","Bloodletting"],"picked":"Singing Bowl","floor":42.0},{"not_picked":["Heavy Blade","Seeing Red+1","Disarm+1"],"picked":"Singing Bowl","floor":47.0},{"not_picked":["Immolate","Searing Blow+1","Bloodletting"],"picked":"Singing Bowl","floor":54.0}],"player_experience":247789,"relics_obtained":[{"floor":3.0,"key":"Happy Flower"},{"floor":6.0,"key":"Singing Bowl"},{"floor":8.0,"key":"Oddly Smooth Stone"},{"floor":9.0,"key":"Art of War"},{"floor":12.0,"key":"MealTicket"},{"floor":24.0,"key":"Mercury Hourglass"},{"floor":26.0,"key":"Nunchaku"},{"floor":27.0,"key":"Paper Frog"},{"floor":36.0,"key":"Bird Faced Urn"},{"floor":42.0,"key":"MawBank"},{"floor":43.0,"key":"Self Forming Clay"},{"floor":43.0,"key":"Darkstone Periapt"},{"floor":54.0,"key":"Red Skull"}],"event_choices":[{"damage_healed":0.0,"max_hp_gain":0.0,"max_hp_loss":0.0,"gold_gain":0.0,"event_name":"Shining Light","player_choice":"Entered Light","floor":2.0,"gold_loss":0.0,"damage_taken":16.0,"cards_upgraded":["Strike_R","Strike_R"]},{"damage_healed":0.0,"max_hp_gain":0.0,"max_hp_loss":0.0,"gold_gain":175.0,"event_name":"Liars Game","player_choice":"AGREE","floor":5.0,"gold_loss":0.0,"damage_taken":0.0,"cards_obtained":["Doubt"]},{"damage_healed":0.0,"max_hp_gain":0.0,"max_hp_loss":0.0,"gold_gain":0.0,"event_name":"Scrap Ooze","player_choice":"Success","floor":10.0,"gold_loss":0.0,"damage_taken":7.0,"relics_obtained":["Omamori"]},{"damage_healed":0.0,"max_hp_gain":0.0,"max_hp_loss":0.0,"gold_gain":0.0,"event_name":"Accursed Blacksmith","player_choice":"Forge","floor":19.0,"gold_loss":0.0,"damage_taken":0.0,"cards_upgraded":["Barricade"]},{"damage_healed":0.0,"max_hp_gain":0.0,"max_hp_loss":0.0,"gold_gain":0.0,"event_name":"Mysterious Sphere","player_choice":"Fight","floor":36.0,"gold_loss":0.0,"damage_taken":0.0},{"cards_removed":["Strike_R"],"damage_healed":0.0,"max_hp_gain":0.0,"max_hp_loss":0.0,"gold_gain":0.0,"event_name":"Falling","player_choice":"Removed Attack","floor":45.0,"gold_loss":0.0,"damage_taken":0.0}],"is_beta":false,"boss_relics":[{"not_picked":["Snecko Eye","Ectoplasm"],"picked":"Velvet Choker"},{"not_picked":["Black Blood","Mark of Pain"],"picked":"Fusion Hammer"}],"items_purged_floors":[22,28,31,39,46],"is_endless":false,"potions_floor_spawned":[6,11,12,14,16,20,24,30,33,35,42,47,54],"ascension_level":8}}