{"host":"da4a6z8aof69aasy","time":1609795111,"event":{"mods":["AchievementEnabler","BaseMod","Block Reminder","Colored Powertips","DeckTracker","Highlight Path","Minty Spire (QoL Compilation)","Permanent Neow","Relic Stats","StSLib"],"gold_per_floor":[109,79,97,108,126,126,158,176,176,176,193,213,213,241,241,315,315,330,330,342,356,372,407,424,455,455,455,490,490,405,405,405,482,482,492,517,533,408,408,437,487,517,564,170,170,190,190,205,205,205,205,205,11,42,42],"floor_reached":56,"playtime":11125,"items_purged":["Rage","Strike_R","Limit Break"],"score":2029,"play_id":"46cf317a-557d-4323-b4cf-81b4e68286a3","local_time":"20210104231831","is_ascension_mode":true,"campfire_choices":[{"data":"Whirlwind","floor":6.0,"key":"SMITH"},{"data":"Shockwave","floor":10.0,"key":"SMITH"},{"data":"Shrug It Off","floor":15.0,"key":"SMITH"},{"floor":27.0,"key":"REST"},{"floor":32.0,"key":"REST"},{"floor":45,"key":"RECALL"},{"floor":47,"key":"REST"},{"floor":49,"key":"REST"},{"floor":52,"key":"REST"}],"circlet_count":0,"master_deck":["AscendersBane","Strike_R","Strike_R","Defend_R","Defend_R","Defend_R","Bash","Shockwave+1","Dark Embrace","Whirlwind+1","Perfected Strike","Shrug It Off+1","Reaper","Pommel Strike+1","Reaper","Reaper","Power Through","Armaments+1","Reaper","Disarm","Shrug It Off","Burning Pact","Exhume","Uppercut"],"relics":["Snecko Eye","Centennial Puzzle","Pen Nib","Fusion Hammer","Nloth\u0027s Gift","Darkstone Periapt","Regal Pillow","PreservedInsect","Sundial","Meat on the Bone","Nilry\u0027s Codex","SlaversCollar","Magic Flower","Akabeko","Gambling Chip","Anchor","Happy Flower","Oddly Smooth Stone"],"acts_visited":["Exordium","TheCity","TheBeyond","TheEnding"],"potions_floor_usage":[55,55],"damage_taken":[{"damage":3.0,"enemies":"Small Slimes","floor":1.0,"turns":4.0},{"damage":0.0,"enemies":"Cultist","floor":3.0,"turns":3.0},{"damage":3.0,"enemies":"2 Louse","floor":4.0,"turns":3.0},{"damage":0.0,"enemies":"Lots of Slimes","floor":5.0,"turns":1.0},{"damage":5.0,"enemies":"Gremlin Nob","floor":7.0,"turns":3.0},{"damage":0.0,"enemies":"Gremlin Gang","floor":8.0,"turns":1.0},{"damage":1.0,"enemies":"Looter","floor":11.0,"turns":2.0},{"damage":1.0,"enemies":"2 Fungi Beasts","floor":12.0,"turns":2.0},{"damage":0.0,"enemies":"3 Sentries","floor":14.0,"turns":2.0},{"damage":23.0,"enemies":"The Guardian","floor":16.0,"turns":10.0},{"damage":7.0,"enemies":"Shell Parasite","floor":18.0,"turns":2.0},{"damage":11.0,"enemies":"Spheric Guardian","floor":20.0,"turns":4.0},{"damage":0.0,"enemies":"Snecko","floor":21.0,"turns":3.0},{"damage":0.0,"enemies":"3 Cultists","floor":22.0,"turns":2.0},{"damage":18.0,"enemies":"Slavers","floor":23.0,"turns":4.0},{"damage":10.0,"enemies":"Snake Plant","floor":24.0,"turns":4.0},{"damage":18.0,"enemies":"Book of Stabbing","floor":25.0,"turns":4.0},{"damage":4.0,"enemies":"Slavers","floor":28.0,"turns":2.0},{"damage":47.0,"enemies":"Automaton","floor":33.0,"turns":12.0},{"damage":18.0,"enemies":"3 Darklings","floor":35.0,"turns":5.0},{"damage":0,"enemies":"Mind Bloom Boss Battle","floor":36,"turns":4},{"damage":7,"enemies":"Orb Walker","floor":37,"turns":4},{"damage":4,"enemies":"Giant Head","floor":40,"turns":5},{"damage":15,"enemies":"Nemesis","floor":42,"turns":5},{"damage":3,"enemies":"4 Shapes","floor":46,"turns":4},{"damage":14,"enemies":"Spire Growth","floor":48,"turns":3},{"damage":16,"enemies":"Awakened One","floor":50,"turns":18},{"damage":14,"enemies":"Shield and Spear","floor":54,"turns":3},{"damage":57,"enemies":"The Heart","floor":55,"turns":10}],"seed_played":"5149341030500459939","potions_obtained":[{"floor":2.0,"key":"FairyPotion"},{"floor":2.0,"key":"EssenceOfSteel"},{"floor":3.0,"key":"BloodPotion"},{"floor":4.0,"key":"DistilledChaos"},{"floor":12.0,"key":"Strength Potion"},{"floor":14.0,"key":"Weak Potion"},{"floor":28.0,"key":"LiquidBronze"}],"is_trial":false,"path_per_floor":["M","?","M","M","M","R","E","M","T","R","M","M","?","E","R","B",null,"M","?","M","M","M","E","M","E","T","R","E","?","?","?","R","B",null,"M","?","M","$","?","E","?","E","T","$","R","M","R","M","R","B",null,"R","$","E","B",null],"character_chosen":"IRONCLAD","items_purchased":["Shrug It Off","Anchor","Happy Flower","Exhume"],"campfire_rested":5,"item_purchase_floors":[38,44,44,53],"current_hp_per_floor":[65,65,65,75,75,75,70,70,70,70,69,68,68,73,73,50,69,62,62,57,69,69,65,59,57,57,75,73,73,73,52,75,49,69,75,75,75,75,71,71,71,71,71,71,71,71,71,71,71,71,71,71,71,69,50],"gold":42,"neow_bonus":"BOSS_RELIC","is_daily":false,"chose_seed":false,"campfire_upgraded":3,"win_rate":0.0,"timestamp":1609795111,"path_taken":["M","?","?","M","M","R","E","M","T","R","M","M","?","E","R","BOSS","M","?","M","M","?","E","?","E","T","R","E","?","?","?","R","BOSS","M","?","M","$","?","E","?","E","T","$","R","M","R","?","R","BOSS","R","$","E","BOSS"],"items_purchased_type":["Card","Relic","Relic","Card"],"build_version":"2020-12-22","purchased_purges":3,"victory":true,"max_hp_per_floor":[75,75,75,75,75,75,75,75,75,75,75,75,75,75,75,75,75,75,75,75,75,75,75,75,75,75,75,75,75,75,75,75,75,75,75,75,75,75,71,71,71,71,71,71,71,71,71,71,71,71,71,71,71,71,71],"relic_stats":{"Darkstone Periapt":0,"Regal Pillow":1,"Happy Flower":[12],"counters":[29,129],"Magic Flower":[20],"Pen Nib":[23],"PreservedInsect":299,"Centennial Puzzle":[57],"Sundial":[24],"Gambling Chip":[20],"Snecko Eye":[293,250,255,247],"Nloth\u0027s Gift":1,"obtain_stats":[{"Darkstone Periapt":23,"Regal Pillow":25,"Happy Flower":44,"Nilry\u0027s Codex":31,"Magic Flower":36,"Oddly Smooth Stone":54,"Pen Nib":14,"PreservedInsect":26,"Burning Blood":0,"Akabeko":40,"SlaversCollar":34,"Centennial Puzzle":7,"Anchor":44,"Sundial":28,"Gambling Chip":42,"Snecko Eye":0,"Fusion Hammer":17,"Nloth\u0027s Gift":19,"Toy Ornithopter":9,"Meat on the Bone":30},{"Darkstone Periapt":15,"Regal Pillow":17,"Happy Flower":24,"Nilry\u0027s Codex":18,"Magic Flower":21,"Oddly Smooth Stone":28,"Pen Nib":9,"PreservedInsect":17,"Burning Blood":0,"Akabeko":23,"SlaversCollar":19,"Centennial Puzzle":5,"Anchor":24,"Sundial":18,"Gambling Chip":24,"Snecko Eye":0,"Fusion Hammer":10,"Nloth\u0027s Gift":11,"Toy Ornithopter":6,"Meat on the Bone":18},{"Darkstone Periapt":46,"Regal Pillow":54,"Happy Flower":91,"Nilry\u0027s Codex":56,"Magic Flower":77,"Oddly Smooth Stone":119,"Pen Nib":21,"PreservedInsect":54,"Burning Blood":0,"Akabeko":86,"SlaversCollar":68,"Centennial Puzzle":14,"Anchor":91,"Sundial":56,"Gambling Chip":91,"Snecko Eye":0,"Fusion Hammer":31,"Nloth\u0027s Gift":33,"Toy Ornithopter":15,"Meat on the Bone":56}],"Meat on the Bone":0},"card_choices":[{"not_picked":["Body Slam","Whirlwind"],"picked":"Shockwave","floor":1.0},{"not_picked":["Sword Boomerang","Iron Wave"],"picked":"Dark Embrace","floor":3.0},{"not_picked":["Power Through","Headbutt"],"picked":"Whirlwind","floor":4.0},{"not_picked":["Rage","Clash"],"picked":"Perfected Strike","floor":5.0},{"not_picked":["Clothesline","Warcry","Berserk"],"picked":"SKIP","floor":7.0},{"not_picked":["Twin Strike","Thunderclap","Heavy Blade"],"picked":"SKIP","floor":8.0},{"not_picked":["Anger","Entrench","Twin Strike"],"picked":"SKIP","floor":11.0},{"not_picked":["Seeing Red","Thunderclap","Havoc"],"picked":"SKIP","floor":12.0},{"not_picked":["Havoc","Pummel"],"picked":"Shrug It Off","floor":14.0},{"not_picked":["Immolate","Impervious"],"picked":"Reaper","floor":16.0},{"not_picked":["Sentinel","Body Slam","Twin Strike"],"picked":"SKIP","floor":18.0},{"not_picked":["Whirlwind+1","Clothesline","Second Wind"],"picked":"SKIP","floor":20.0},{"not_picked":["Rage","Heavy Blade","Body Slam"],"picked":"SKIP","floor":21.0},{"not_picked":["Metallicize+1","Anger"],"picked":"Pommel Strike+1","floor":22.0},{"not_picked":["Iron Wave","Intimidate"],"picked":"Reaper","floor":23.0},{"not_picked":["Dropkick","Hemokinesis"],"picked":"Reaper","floor":24.0},{"not_picked":["Warcry","Rampage"],"picked":"Power Through","floor":25.0},{"not_picked":["Iron Wave","Warcry"],"picked":"Armaments+1","floor":28.0},{"not_picked":["Berserk","Double Tap"],"picked":"Reaper","floor":33.0},{"not_picked":["Metallicize","Evolve","Blood for Blood"],"picked":"SKIP","floor":35.0},{"not_picked":["Flex","Sword Boomerang"],"picked":"Disarm","floor":36},{"not_picked":["Twin Strike","Sword Boomerang","Clash+1"],"picked":"SKIP","floor":37},{"not_picked":["Battle Trance","Armaments","Body Slam"],"picked":"SKIP","floor":40},{"not_picked":["Power Through","Entrench+1","Blood for Blood"],"picked":"SKIP","floor":42},{"not_picked":["Armaments","Cleave","Pommel Strike"],"picked":"SKIP","floor":46},{"not_picked":["Infernal Blade","Second Wind"],"picked":"Burning Pact","floor":48},{"not_picked":["Twin Strike+1","Blood for Blood"],"picked":"Uppercut","floor":54}],"player_experience":1977682,"relics_obtained":[{"floor":7.0,"key":"Centennial Puzzle"},{"floor":9.0,"key":"Toy Ornithopter"},{"floor":14.0,"key":"Pen Nib"},{"floor":23.0,"key":"Darkstone Periapt"},{"floor":25.0,"key":"Regal Pillow"},{"floor":26.0,"key":"PreservedInsect"},{"floor":28.0,"key":"Sundial"},{"floor":31.0,"key":"Nilry\u0027s Codex"},{"floor":36,"key":"Magic Flower"},{"floor":40,"key":"Akabeko"},{"floor":42,"key":"Gambling Chip"},{"floor":54,"key":"Oddly Smooth Stone"}],"event_choices":[{"damage_healed":0.0,"max_hp_gain":0.0,"max_hp_loss":0.0,"gold_gain":0.0,"event_name":"The Woman in Blue","player_choice":"Bought 2 Potions","floor":2.0,"gold_loss":0.0,"damage_taken":0.0},{"cards_removed":["Strike_R"],"damage_healed":0.0,"max_hp_gain":0.0,"max_hp_loss":0.0,"gold_gain":0.0,"event_name":"Living Wall","player_choice":"Forget","floor":13.0,"gold_loss":0.0,"damage_taken":0.0},{"damage_healed":0.0,"max_hp_gain":0.0,"max_hp_loss":0.0,"gold_gain":0.0,"event_name":"N\u0027loth","player_choice":"Traded Relic","floor":19.0,"relics_lost":["Toy Ornithopter"],"gold_loss":0.0,"damage_taken":0.0,"relics_obtained":["Nloth\u0027s Gift"]},{"damage_healed":0.0,"max_hp_gain":0.0,"max_hp_loss":0.0,"gold_gain":0.0,"cards_transformed":["Strike_R","Defend_R"],"event_name":"Drug Dealer","player_choice":"Became Test Subject","floor":29.0,"gold_loss":0.0,"damage_taken":0.0,"cards_obtained":["Rage","Limit Break"]},{"damage_healed":0.0,"max_hp_gain":0.0,"max_hp_loss":0.0,"gold_gain":0.0,"event_name":"Addict","player_choice":"Obtained Relic","floor":30.0,"gold_loss":85.0,"damage_taken":0.0,"relics_obtained":["Meat on the Bone"]},{"damage_healed":0.0,"max_hp_gain":0.0,"max_hp_loss":0.0,"gold_gain":0.0,"event_name":"Cursed Tome","player_choice":"Obtained Book","floor":31.0,"gold_loss":0.0,"damage_taken":21.0},{"damage_healed":0,"gold_gain":0,"player_choice":"Fight","damage_taken":0,"max_hp_gain":0,"max_hp_loss":0,"event_name":"MindBloom","floor":36,"gold_loss":0},{"damage_healed":0,"gold_gain":0,"player_choice":"Max HP","damage_taken":0,"max_hp_gain":0,"max_hp_loss":4,"event_name":"Winding Halls","floor":39,"gold_loss":0},{"damage_healed":0,"gold_gain":50,"player_choice":"Pray","damage_taken":0,"max_hp_gain":0,"max_hp_loss":0,"event_name":"Golden Shrine","floor":41,"gold_loss":0}],"is_beta":false,"boss_relics":[{"not_picked":["Tiny House","Runic Dome"],"picked":"Fusion Hammer"},{"not_picked":["Busted Crown","Runic Cube"],"picked":"SlaversCollar"}],"items_purged_floors":[38,44,53],"is_endless":false,"potions_floor_spawned":[3,4,8,12,14,22,24,28,35,48,54],"ascension_level":15}}