{"host":"gkh5j5k5w4qf7k7n","time":1609762210,"event":{"mods":["2.2 Compatiblity","AchievementEnabler","BaseMod","Colored Map","Colored Powertips","Downfall","GifTheSpireLib","Keyboard Shortcuts","Minty Spire (QoL Compilation)","Quick Restart","StSLib","SuperFastMode","¡¼?Úª?ø«¡½REMEMod"],"gold_per_floor":[0,20,39,39,139,152,199,199,28,40,56,3,16,166,183,183,183,183],"floor_reached":16,"playtime":1247,"items_purged":["champ:StanceDance"],"score":94,"play_id":"91fa09ce-e443-4c2e-a55c-1640d3eb7395","local_time":"20210104211010","is_ascension_mode":false,"campfire_choices":[{"data":"champ:Devastate","floor":1,"key":"SMITH"},{"floor":8,"key":"REST"}],"circlet_count":0,"master_deck":["champ:Strike","champ:Strike","champ:Strike","champ:Defend","champ:Defend","champ:Defend","champ:Taunt","REME_BattleFury+1","champ:Devastate+1","champ:EnragedBash","champ:BerserkerStyle","champ:AdrenalArmor","champ:BerserkersShout","champ:PerfectedStrike"],"relics":["champ:ChampionCrown","REME_ComplimentaryCards","Omamori","Membership Card"],"acts_visited":["Exordium"],"potions_floor_usage":[5,13,16],"damage_taken":[{"damage":5,"enemies":"2 Louse","floor":2,"turns":3},{"damage":10,"enemies":"Small Slimes","floor":3,"turns":3},{"damage":74,"enemies":"downfall:Heads","floor":5,"turns":6},{"damage":5,"enemies":"Cultist","floor":6,"turns":3},{"damage":11,"enemies":"downfall:FleeingMerchant","floor":9,"turns":4},{"damage":13,"enemies":"Blue Slaver","floor":10,"turns":2},{"damage":23,"enemies":"Gremlin Gang","floor":11,"turns":5},{"damage":18,"enemies":"downfall:FleeingMerchant","floor":12,"turns":4},{"damage":10,"enemies":"Exordium Thugs","floor":13,"turns":2},{"damage":15,"enemies":"Large Slime","floor":15,"turns":5},{"damage":6,"enemies":"downfall:Defect","floor":16,"turns":3}],"seed_played":"8138131381250854661","potions_obtained":[{"floor":2,"key":"champ:CounterPotion"},{"floor":6,"key":"PowerPotion"},{"floor":13,"key":"CultistPotion"}],"is_trial":false,"path_per_floor":["R","M","M","?","?","M","T","R","$","M","M","$","M","?","M","B"],"character_chosen":"THE_CHAMP","items_purchased":["Membership Card"],"campfire_rested":1,"item_purchase_floors":[9],"current_hp_per_floor":[90,85,80,80,19,18,18,45,45,38,31,26,16,16,3,0,0,0],"gold":183,"neow_bonus":"RANDOM_COLORLESS_2","is_daily":false,"chose_seed":false,"campfire_upgraded":1,"win_rate":0.0,"timestamp":1609762210,"path_taken":["R","M","M","?","?","M","T","R","$","M","M","$","M","?","M","BOSS"],"items_purchased_type":["Relic"],"build_version":"2020-12-22","purchased_purges":1,"victory":false,"max_hp_per_floor":[90,90,90,90,90,90,90,90,90,90,90,90,90,90,90,90,90,90],"card_choices":[{"not_picked":["Metamorphosis","Panache"],"picked":"REME_BattleFury","floor":0},{"not_picked":["champ:Encircle","champ:RapidStrikes","champ:Duel"],"picked":"SKIP","floor":2},{"not_picked":["champ:TornadoPunch","champ:FlashCut"],"picked":"champ:StanceDance","floor":3},{"not_picked":["champ:StanceDance","champ:FlashCut"],"picked":"champ:BerserkerStyle","floor":5},{"not_picked":["champ:GladiatorsShout","champ:StanceDance","champ:CrookedStrike"],"picked":"SKIP","floor":6},{"not_picked":["champ:EnGarde","champ:Backstep"],"picked":"champ:AdrenalArmor","floor":9},{"not_picked":["champ:EnGarde","champ:BringItOn"],"picked":"champ:BerserkersShout","floor":10},{"not_picked":["champ:AdrenalArmor","champ:StrikeOfGenius","champ:CrookedStrike"],"picked":"SKIP","floor":11},{"not_picked":["champ:DeathBlow","champ:AdrenalArmor"],"picked":"champ:PerfectedStrike","floor":12},{"not_picked":["champ:Circumvent","champ:FalseCounter","champ:HeartStrike"],"picked":"SKIP","floor":13},{"not_picked":["champ:HeartStrike","champ:Encircle","champ:Circumvent"],"picked":"SKIP","floor":15}],"player_experience":735490,"relics_obtained":[{"floor":7,"key":"Omamori"}],"event_choices":[],"is_beta":false,"boss_relics":[],"items_purged_floors":[12],"is_endless":false,"potions_floor_spawned":[2,6,13],"killed_by":"downfall:Defect","ascension_level":0}}