{"host":"a4s27ghlnr83kbqz","time":1609767370,"event":{"mods":["AchievementEnabler","BaseMod","Colored Map","Minty Spire (QoL Compilation)","Permanent Neow","SuperFastMode"],"gold_per_floor":[214,214,232,2,2,2,15,15,15,30,82,82,126,145,145,270,270,286,236,249,161,175,175,209,209,209,209,252,286,286,311,311,436,436,449,151,171,80,95,95,95,21,21,21,44,44,377,599,599,599],"floor_reached":51,"playtime":1601,"items_purged":["Strike_G","Strike_G","Strike_G","Defend_G"],"score":1022,"play_id":"f4e6046b-4ed3-4260-ad59-e093ee48b5a4","local_time":"20210104213610","is_ascension_mode":true,"campfire_choices":[{"data":"Skewer","floor":6,"key":"SMITH"},{"data":"Dagger Spray","floor":8,"key":"SMITH"},{"data":"Adrenaline","floor":12,"key":"SMITH"},{"floor":15,"key":"REST"},{"floor":23,"key":"REST"},{"floor":25,"key":"REST"},{"data":"Adrenaline","floor":27,"key":"SMITH"},{"data":"Footwork","floor":32,"key":"SMITH"},{"floor":40,"key":"REST"},{"data":"After Image","floor":44,"key":"SMITH"},{"data":"Tactician","floor":46,"key":"SMITH"},{"data":"Wraith Form v2","floor":49,"key":"SMITH"}],"circlet_count":0,"master_deck":["AscendersBane","Defend_G","Defend_G","Defend_G","Survivor","Neutralize","Dagger Spray+1","Skewer+1","Adrenaline+1","Leg Sweep","Poisoned Stab","PiercingWail","Wraith Form v2+1","CurseOfTheBell","Dodge and Roll+1","Caltrops+1","Blur","Adrenaline+1","Footwork","Footwork+1","After Image+1","Crippling Poison","Well Laid Plans+1","Dodge and Roll+1","Heel Hook","A Thousand Cuts+1","Parasite","Tactician+1"],"relics":["Ring of the Snake","Membership Card","Bronze Scales","Regal Pillow","Smiling Mask","Calling Bell","Pen Nib","Paper Crane","Calipers","Ornamental Fan","Pocketwatch","Toy Ornithopter","Red Mask","Empty Cage","Happy Flower","Frozen Egg 2","Ninja Scroll"],"acts_visited":["Exordium","TheCity","TheBeyond"],"potions_floor_usage":[24,28,28,29,33,39],"damage_taken":[{"damage":0,"enemies":"Jaw Worm","floor":1,"turns":5},{"damage":0,"enemies":"Small Slimes","floor":3,"turns":2},{"damage":0,"enemies":"2 Louse","floor":7,"turns":2},{"damage":5,"enemies":"Exordium Thugs","floor":10,"turns":4},{"damage":39,"enemies":"Lagavulin","floor":13,"turns":6},{"damage":7,"enemies":"Large Slime","floor":14,"turns":5},{"damage":42,"enemies":"The Guardian","floor":16,"turns":15},{"damage":19,"enemies":"Shell Parasite","floor":18,"turns":7},{"damage":4,"enemies":"3 Byrds","floor":20,"turns":4},{"damage":2,"enemies":"Snecko","floor":22,"turns":6},{"damage":38,"enemies":"Book of Stabbing","floor":24,"turns":6},{"damage":25,"enemies":"Gremlin Leader","floor":28,"turns":6},{"damage":1,"enemies":"Masked Bandits","floor":29,"turns":2},{"damage":6,"enemies":"Centurion and Healer","floor":31,"turns":8},{"damage":44,"enemies":"Collector","floor":33,"turns":13},{"damage":27,"enemies":"3 Darklings","floor":35,"turns":12},{"damage":0,"enemies":"3 Shapes","floor":37,"turns":4},{"damage":15,"enemies":"Transient","floor":39,"turns":5},{"damage":0,"enemies":"Writhing Mass","floor":45,"turns":8},{"damage":14,"enemies":"Awakened One","floor":50,"turns":27}],"seed_played":"-8906601570419317683","potions_obtained":[{"floor":7,"key":"GamblersBrew"},{"floor":14,"key":"FairyPotion"},{"floor":16,"key":"Fire Potion"},{"floor":24,"key":"Regen Potion"},{"floor":28,"key":"SteroidPotion"},{"floor":31,"key":"GhostInAJar"},{"floor":35,"key":"Poison Potion"}],"is_trial":false,"path_per_floor":["M","?","M","$","?","R","M","R","T","M","T","R","E","M","R","B",null,"M","$","M","$","M","R","E","R","T","R","E","?","?","M","R","B",null,"M","$","M","$","M","R","?","$","T","R","M","R","?","?","R","B",null],"character_chosen":"THE_SILENT","items_purchased":["Adrenaline","Membership Card","Blur","Happy Flower","Crippling Poison","Frozen Egg 2","Well Laid Plans+1","A Thousand Cuts+1"],"campfire_rested":4,"item_purchase_floors":[4,4,21,36,36,36,38,42],"current_hp_per_floor":[63,63,63,63,68,68,68,68,68,63,63,63,24,17,53,11,55,36,36,32,32,30,66,28,64,64,64,54,58,58,52,52,13,56,29,29,29,29,19,55,55,55,55,55,55,55,55,55,55,41],"gold":599,"neow_bonus":"HUNDRED_GOLD","is_daily":false,"chose_seed":false,"campfire_upgraded":8,"win_rate":0.0,"timestamp":1609767370,"path_taken":["M","?","M","$","?","R","M","R","T","M","?","R","E","M","R","BOSS","M","$","M","$","M","R","E","R","T","R","E","?","?","M","R","BOSS","M","$","M","$","M","R","?","?","T","R","M","R","?","?","R","BOSS"],"items_purchased_type":["Card","Relic","Card","Relic","Card","Relic","Card","Card"],"build_version":"2020-12-22","purchased_purges":4,"victory":true,"max_hp_per_floor":[70,65,65,65,70,70,70,70,70,70,70,70,70,70,70,70,70,70,70,70,70,70,70,70,70,70,70,70,70,70,70,70,70,70,70,70,70,70,70,70,70,70,70,70,70,70,70,70,70,70],"card_choices":[{"not_picked":["PiercingWail","Underhanded Strike"],"picked":"Dagger Spray","floor":1},{"not_picked":["Deflect","Escape Plan"],"picked":"Skewer","floor":3},{"not_picked":["Riddle With Holes","Slice"],"picked":"Leg Sweep","floor":7},{"not_picked":["Flying Knee","Tactician"],"picked":"Poisoned Stab","floor":10},{"not_picked":["Dagger Spray","Accuracy","Doppelganger"],"picked":"SKIP","floor":13},{"not_picked":["Masterful Stab","Escape Plan"],"picked":"PiercingWail","floor":14},{"not_picked":["Tools of the Trade","Malaise"],"picked":"Wraith Form v2","floor":16},{"not_picked":["Heel Hook+1","Endless Agony"],"picked":"Dodge and Roll+1","floor":18},{"not_picked":["Slice","Sucker Punch"],"picked":"Caltrops+1","floor":20},{"not_picked":["Flechettes","Malaise","Prepared"],"picked":"SKIP","floor":22},{"not_picked":["Skewer","Poisoned Stab"],"picked":"Adrenaline","floor":24},{"not_picked":["Reflex","Flying Knee+1"],"picked":"Footwork","floor":28},{"not_picked":["Prepared","Dagger Spray"],"picked":"Footwork","floor":29},{"not_picked":["Doppelganger","Finisher","Flying Knee"],"picked":"SKIP","floor":31},{"not_picked":["Storm of Steel","Venomology"],"picked":"After Image","floor":33},{"not_picked":["Expertise+1","PiercingWail","Dagger Throw"],"picked":"SKIP","floor":35},{"not_picked":["Deadly Poison","Flying Knee","Prepared"],"picked":"SKIP","floor":37},{"not_picked":["Heel Hook+1","Sucker Punch+1"],"picked":"Dodge and Roll+1","floor":39},{"not_picked":["Poisoned Stab+1","Sucker Punch"],"picked":"Tactician","floor":45}],"player_experience":1083896,"relics_obtained":[{"floor":9,"key":"Bronze Scales"},{"floor":11,"key":"Regal Pillow"},{"floor":13,"key":"Smiling Mask"},{"floor":17,"key":"Pen Nib"},{"floor":17,"key":"Paper Crane"},{"floor":17,"key":"Calipers"},{"floor":24,"key":"Ornamental Fan"},{"floor":26,"key":"Pocketwatch"},{"floor":28,"key":"Toy Ornithopter"},{"floor":29,"key":"Red Mask"},{"floor":43,"key":"Ninja Scroll"}],"event_choices":[{"damage_healed":0,"gold_gain":0,"player_choice":"Lose Max HP","damage_taken":0,"relics_obtained":["Golden Idol"],"max_hp_gain":0,"max_hp_loss":5,"event_name":"Golden Idol","floor":2,"gold_loss":0},{"damage_healed":0,"gold_gain":0,"player_choice":"Donut","damage_taken":0,"max_hp_gain":5,"max_hp_loss":0,"event_name":"Big Fish","floor":5,"gold_loss":0},{"damage_healed":0,"gold_gain":0,"player_choice":"Fought Bandits","damage_taken":0,"max_hp_gain":0,"max_hp_loss":0,"event_name":"Masked Bandits","floor":29,"gold_loss":0},{"damage_healed":0,"gold_gain":0,"player_choice":"Ignored","damage_taken":0,"max_hp_gain":0,"max_hp_loss":0,"event_name":"Vampires","floor":30,"gold_loss":0},{"damage_healed":0,"gold_gain":0,"cards_transformed":["Defend_G"],"player_choice":"Transformed","damage_taken":0,"max_hp_gain":0,"max_hp_loss":0,"event_name":"Transmorgrifier","floor":41,"gold_loss":0,"cards_obtained":["Heel Hook"]},{"damage_healed":0,"gold_gain":333,"player_choice":"Gave Idol","damage_taken":0,"max_hp_gain":0,"max_hp_loss":0,"event_name":"The Moai Head","floor":47,"relics_lost":["Golden Idol"],"gold_loss":0},{"damage_healed":0,"gold_gain":222,"player_choice":"Wore Mask","damage_taken":0,"max_hp_gain":0,"max_hp_loss":0,"event_name":"Tomb of Lord Red Mask","floor":48,"gold_loss":0}],"is_beta":false,"boss_relics":[{"not_picked":["Fusion Hammer","Ectoplasm"],"picked":"Calling Bell"},{"not_picked":["SlaversCollar","SacredBark"],"picked":"Empty Cage"}],"items_purged_floors":[19,21,36,38],"is_endless":false,"potions_floor_spawned":[7,14,16,18,22,24,28,31,35],"ascension_level":10}}