{"host":"ji1fk25fd1ga4ji1","time":1609801207,"event":{"mods":["2.2 Compatiblity","BaseMod","Colored Map","DeckTracker","Minty Spire (QoL Compilation)","Permanent Neow","Quick Restart","StSLib","SuperFastMode"],"gold_per_floor":[15,32,46,57,75,75,106,106,106,31,48,48,48,48,48,152,152,170,170,269,287,97,128,142,154,154,173,173,206,7,19,19,119,119,137,187,187,200,75,75,75,105,105,105,115,125,125,125,125,125],"floor_reached":51,"playtime":1307,"items_purged":["Strike_R","Strike_R","Defend_R"],"score":827,"play_id":"51a44552-e4aa-44a8-8a27-e1952d9c2dee","local_time":"20210105080007","is_ascension_mode":true,"campfire_choices":[{"data":"Feed","floor":6.0,"key":"SMITH"},{"data":"Berserk","floor":8.0,"key":"SMITH"},{"data":"Double Tap","floor":13.0,"key":"SMITH"},{"data":"Pommel Strike","floor":15.0,"key":"SMITH"},{"floor":28.0,"key":"REST"},{"floor":32.0,"key":"REST"},{"floor":40.0,"key":"REST"},{"data":"Defend_R","floor":49,"key":"PURGE"}],"circlet_count":0,"master_deck":["Defend_R","Bash","Feed+1","Cleave","Shrug It Off","Pommel Strike+1","Berserk+1","Ghostly Armor","Double Tap+1","Fiend Fire","Rampage+1","Wild Strike+1","Rupture+1","Feel No Pain+1","Combust","Shrug It Off","Apotheosis","Heavy Blade","Brutality","True Grit+1"],"relics":["Burning Blood","Shuriken","StoneCalendar","Astrolabe","Ornamental Fan","White Beast Statue","Peace Pipe","Mark of Pain","Unceasing Top","Vajra","Boot","Mercury Hourglass","Question Card"],"acts_visited":["TheCity","TheBeyond"],"potions_floor_usage":[45,50,50],"damage_taken":[{"damage":1.0,"enemies":"Cultist","floor":1.0,"turns":4.0},{"damage":0.0,"enemies":"Small Slimes","floor":2.0,"turns":3.0},{"damage":3.0,"enemies":"Jaw Worm","floor":3.0,"turns":5.0},{"damage":0.0,"enemies":"Exordium Wildlife","floor":4.0,"turns":5.0},{"damage":14.0,"enemies":"Gremlin Gang","floor":5.0,"turns":7.0},{"damage":36.0,"enemies":"3 Sentries","floor":7.0,"turns":7.0},{"damage":0.0,"enemies":"2 Fungi Beasts","floor":11.0,"turns":4.0},{"damage":20.0,"enemies":"Slime Boss","floor":16.0,"turns":4.0},{"damage":18.0,"enemies":"Spheric Guardian","floor":18.0,"turns":5.0},{"damage":12.0,"enemies":"Shell Parasite","floor":21.0,"turns":5.0},{"damage":88.0,"enemies":"Slavers","floor":23.0,"turns":6.0},{"damage":16.0,"enemies":"Snake Plant","floor":24.0,"turns":5.0},{"damage":21.0,"enemies":"Centurion and Healer","floor":25.0,"turns":5.0},{"damage":6.0,"enemies":"Snecko","floor":27.0,"turns":4.0},{"damage":55.0,"enemies":"Book of Stabbing","floor":29.0,"turns":7.0},{"damage":22.0,"enemies":"Snake Plant","floor":31.0,"turns":3.0},{"damage":44.0,"enemies":"Automaton","floor":33.0,"turns":9.0},{"damage":30.0,"enemies":"3 Darklings","floor":35.0,"turns":5.0},{"damage":19.0,"enemies":"Mind Bloom Boss Battle","floor":36.0,"turns":6.0},{"damage":13.0,"enemies":"3 Shapes","floor":38.0,"turns":6.0},{"damage":71.0,"enemies":"Nemesis","floor":42.0,"turns":6.0},{"damage":16,"enemies":"Sphere and 2 Shapes","floor":45,"turns":5},{"damage":34,"enemies":"Writhing Mass","floor":46,"turns":6},{"damage":74,"enemies":"Donu and Deca","floor":50,"turns":7}],"seed_played":"7387238132298163558","potions_obtained":[{"floor":2.0,"key":"AttackPotion"},{"floor":3.0,"key":"Regen Potion"},{"floor":11.0,"key":"Ancient Potion"},{"floor":16.0,"key":"LiquidMemories"},{"floor":24.0,"key":"BloodPotion"},{"floor":27.0,"key":"DuplicationPotion"},{"floor":29.0,"key":"Fire Potion"},{"floor":31.0,"key":"DistilledChaos"},{"floor":33.0,"key":"Swift Potion"},{"floor":35.0,"key":"Dexterity Potion"},{"floor":36.0,"key":"ColorlessPotion"},{"floor":38.0,"key":"Dexterity Potion"},{"floor":42.0,"key":"SpeedPotion"},{"floor":45,"key":"BloodPotion"},{"floor":46,"key":"BlessingOfTheForge"}],"is_trial":false,"path_per_floor":["M","M","M","M","M","R","E","R","T","$","M","?","R","$","R","B",null,"M","?","?","M","$","E","M","M","T","M","R","E","$","M","R","B",null,"M","?","T","M","$","R","$","E","T","?","M","M","$","?","R","B",null],"character_chosen":"IRONCLAD","items_purchased":["Apotheosis","FairyPotion"],"campfire_rested":3,"item_purchase_floors":[22,30],"current_hp_per_floor":[83,86,89,92,87,87,61,61,61,61,71,64,64,64,64,54,107,99,99,99,93,93,30,43,32,32,32,67,18,18,41,76,38,119,95,86,86,83,83,121,121,56,56,56,71,43,43,111,111,43],"gold":125,"neow_bonus":"THREE_RARE_CARDS","is_daily":false,"chose_seed":false,"campfire_upgraded":4,"win_rate":0.0,"timestamp":1609801207,"path_taken":["M","M","M","M","M","R","E","R","T","$","M","?","R","$","R","BOSS","M","?","?","?","$","E","M","M","T","M","R","E","$","?","R","BOSS","M","?","?","?","$","R","$","E","T","?","M","M","?","?","R","BOSS"],"items_purchased_type":["Card","Potion"],"build_version":"2020-12-22","purchased_purges":3,"victory":true,"max_hp_per_floor":[83,86,89,92,95,95,99,99,99,99,103,103,103,103,103,107,107,111,111,111,111,111,115,115,119,119,119,119,119,119,119,119,119,119,119,123,123,127,127,127,127,127,127,127,127,127,127,111,111,111],"card_choices":[{"not_picked":["Barricade","Brutality"],"picked":"Feed","floor":0.0},{"not_picked":["Clash","Dual Wield"],"picked":"Cleave","floor":1.0},{"not_picked":["Clash","True Grit"],"picked":"Shrug It Off","floor":2.0},{"not_picked":["Metallicize","Shrug It Off"],"picked":"Pommel Strike","floor":3.0},{"not_picked":["Wild Strike","Anger"],"picked":"Berserk","floor":4.0},{"not_picked":["Warcry","Reckless Charge"],"picked":"Ghostly Armor","floor":5.0},{"not_picked":["Flex","Armaments","Perfected Strike"],"picked":"SKIP","floor":7.0},{"not_picked":["Twin Strike","Headbutt"],"picked":"Double Tap","floor":11.0},{"not_picked":["Demon Form","Brutality"],"picked":"Fiend Fire","floor":16.0},{"not_picked":["Uppercut","Iron Wave"],"picked":"Feel No Pain+1","floor":18.0},{"not_picked":["True Grit","Warcry+1"],"picked":"Shrug It Off","floor":21.0},{"not_picked":["Clash","Inflame+1","Sentinel"],"picked":"SKIP","floor":23.0},{"not_picked":["Pommel Strike","Blood for Blood","Clothesline+1"],"picked":"SKIP","floor":24.0},{"not_picked":["Armaments+1","Clothesline","Wild Strike+1"],"picked":"SKIP","floor":25.0},{"not_picked":["Infernal Blade","Blood for Blood+1"],"picked":"Heavy Blade","floor":27.0},{"not_picked":["Fiend Fire","Entrench","Anger"],"picked":"SKIP","floor":29.0},{"not_picked":["Sword Boomerang","Heavy Blade+1","Thunderclap"],"picked":"SKIP","floor":31.0},{"not_picked":["Feed","Barricade"],"picked":"Brutality","floor":33.0},{"not_picked":["Dual Wield+1","Inflame","True Grit"],"picked":"SKIP","floor":35.0},{"not_picked":["Sever Soul","Rage+1"],"picked":"True Grit+1","floor":38.0},{"not_picked":["Wild Strike+1","Havoc+1","Burning Pact"],"picked":"SKIP","floor":42.0},{"not_picked":["Thunderclap","Rage+1","Blood for Blood+1","Clash+1"],"picked":"SKIP","floor":45},{"not_picked":["Burning Pact","Infernal Blade","Carnage+1","Ghostly Armor"],"picked":"SKIP","floor":46}],"player_experience":1239129,"relics_obtained":[{"floor":7.0,"key":"Shuriken"},{"floor":9.0,"key":"StoneCalendar"},{"floor":23.0,"key":"Ornamental Fan"},{"floor":26.0,"key":"White Beast Statue"},{"floor":29.0,"key":"Peace Pipe"},{"floor":36.0,"key":"Unceasing Top"},{"floor":37.0,"key":"Vajra"},{"floor":42.0,"key":"Boot"},{"floor":43.0,"key":"Mercury Hourglass"}],"event_choices":[{"cards_removed":["Strike_R"],"damage_healed":0.0,"max_hp_gain":0.0,"max_hp_loss":0.0,"gold_gain":0.0,"event_name":"Golden Wing","player_choice":"Card Removal","floor":12.0,"gold_loss":0.0,"damage_taken":7.0},{"damage_healed":0.0,"max_hp_gain":0.0,"max_hp_loss":0.0,"gold_gain":0.0,"event_name":"The Library","player_choice":"Read","floor":19.0,"gold_loss":0.0,"damage_taken":0.0,"cards_obtained":["Combust"]},{"damage_healed":0.0,"max_hp_gain":0.0,"max_hp_loss":0.0,"gold_gain":99.0,"event_name":"Nest","player_choice":"Stole From Cult","floor":20.0,"gold_loss":0.0,"damage_taken":0.0},{"damage_healed":0.0,"max_hp_gain":0.0,"max_hp_loss":0.0,"gold_gain":0.0,"event_name":"MindBloom","player_choice":"Fight","floor":36.0,"gold_loss":0.0,"damage_taken":0.0},{"damage_healed":0.0,"max_hp_gain":0.0,"max_hp_loss":0.0,"gold_gain":0.0,"event_name":"WeMeetAgain","player_choice":"Gave Potion","floor":44.0,"gold_loss":0.0,"damage_taken":0.0,"relics_obtained":["Question Card"]},{"damage_healed":111,"gold_gain":0,"player_choice":"Heal","damage_taken":0,"max_hp_gain":0,"max_hp_loss":16,"event_name":"The Moai Head","floor":48,"gold_loss":0}],"is_beta":false,"boss_relics":[{"not_picked":["Runic Pyramid","Snecko Eye"],"picked":"Astrolabe"},{"not_picked":["Calling Bell","Sozu"],"picked":"Mark of Pain"}],"items_purged_floors":[10,30,39],"is_endless":false,"potions_floor_spawned":[2,3,11,16,18,24,27,29,31,33,35,36,38,42,45,46],"ascension_level":1}}