{"host":"56ghxnzsglgdq727","time":1609803782,"event":{"mods":["AchievementEnabler","BaseMod","Downfall","Minty Spire (QoL Compilation)","StSLib"],"gold_per_floor":[99,99,99,549,549,549,599,47,71,105,105,105,105,105],"floor_reached":12,"playtime":491,"items_purged":["Slimebound:Icky"],"score":72,"play_id":"4fd65ea8-6573-40e3-872e-8567e09374c9","local_time":"20210104184302","is_ascension_mode":false,"campfire_choices":[{"data":"hexamod:Sear","floor":1,"key":"SMITH"}],"circlet_count":0,"master_deck":["hexamod:Strike","hexamod:Strike","hexamod:Strike","hexamod:Strike","hexamod:Defend","hexamod:Defend","hexamod:Defend","hexamod:Defend","hexamod:Sear+1","hexamod:Float","hexamod:RainOfEmbers","hexamod:EtherealExpedition","Slimebound:Icky","Slimebound:Icky","hexamod:SecondSeal","hexamod:SearingWound","Dramatic Entrance+1","hexamod:ExtraCrispy"],"relics":["hexamod:SpiritBrand","downfall:HeartsMalice","Kunai","Tiny Chest","ClockworkSouvenir","Ancient Tea Set","HornCleat"],"acts_visited":["Exordium"],"potions_floor_usage":[10],"damage_taken":[{"damage":0,"enemies":"Cultist","floor":2,"turns":1},{"damage":0,"enemies":"Jaw Worm","floor":3,"turns":1},{"damage":0,"enemies":"Small Slimes","floor":6,"turns":1},{"damage":0,"enemies":"downfall:FleeingMerchant","floor":8,"turns":4},{"damage":10,"enemies":"Exordium Wildlife","floor":9,"turns":4},{"damage":20,"enemies":"Lagavulin","floor":10,"turns":6},{"damage":29,"enemies":"3 Sentries","floor":12,"turns":8}],"seed_played":"-9150325851261992179","potions_obtained":[{"floor":9,"key":"SpeedPotion"},{"floor":10,"key":"SteroidPotion"}],"is_trial":false,"path_per_floor":["R","M","M","?","?","M","T","$","M","E","?","E"],"character_chosen":"THE_SPIRIT","items_purchased":["ClockworkSouvenir","Dramatic Entrance","Ancient Tea Set","hexamod:EctoCoolerPotion"],"campfire_rested":0,"item_purchase_floors":[8,8,8,8],"current_hp_per_floor":[70,70,70,70,63,63,63,63,53,33,33,4,4,4],"gold":105,"neow_bonus":"THREE_ENEMY_KILL","is_daily":false,"chose_seed":false,"campfire_upgraded":1,"win_rate":0.0,"timestamp":1609803782,"path_taken":["R","M","M","?","?","M","T","$","M","E","?","E"],"items_purchased_type":["Relic","Card","Relic","Potion"],"build_version":"2020-12-22","purchased_purges":1,"victory":false,"max_hp_per_floor":[70,70,70,70,70,70,70,70,70,70,70,70,70,70],"card_choices":[{"not_picked":["hexamod:InspiringFlames","hexamod:HeatCrush"],"picked":"hexamod:RainOfEmbers","floor":2},{"not_picked":["hexamod:Firestarter","hexamod:InspiringFlames"],"picked":"hexamod:EtherealExpedition","floor":3},{"not_picked":["hexamod:FastForward","hexamod:RainOfEmbers"],"picked":"hexamod:SecondSeal","floor":6},{"not_picked":["hexamod:ThermalTransfer","hexamod:SpectersWail"],"picked":"hexamod:SearingWound","floor":8},{"not_picked":["hexamod:SkipABeat","hexamod:Rewind"],"picked":"hexamod:ExtraCrispy","floor":9},{"not_picked":["hexamod:HeatShield","hexamod:GhostOfSpireFuture","hexamod:ShieldOfDarkness"],"picked":"SKIP","floor":10}],"player_experience":140682,"relics_obtained":[{"floor":7,"key":"Tiny Chest"},{"floor":10,"key":"HornCleat"}],"event_choices":[{"damage_healed":0,"gold_gain":0,"player_choice":"Success","damage_taken":7,"relics_obtained":["Kunai"],"max_hp_gain":0,"max_hp_loss":0,"event_name":"Scrap Ooze","floor":5,"gold_loss":0},{"damage_healed":0,"gold_gain":0,"player_choice":"Upgraded","damage_taken":0,"max_hp_gain":0,"max_hp_loss":0,"event_name":"Upgrade Shrine","floor":11,"gold_loss":0,"cards_upgraded":["Dramatic Entrance"]}],"is_beta":false,"boss_relics":[],"items_purged_floors":[8],"is_endless":false,"potions_floor_spawned":[9,10],"killed_by":"3 Sentries","ascension_level":0}}