{"host":"2i1pijcp2h7bc3zy","time":1609735363,"event":{"mods":["2.2 Compatiblity","Abigail Mod","Aspiration","Bartender","BaseMod","Beaked The Cultist","BetterRewards","CapriCore","Colored Map","Defuse TimeMaze Blight","Friendly Minions","Gold Saver","Hubris","Infinite Spire","Koishi","Magitek Elite","Minty Spire (QoL Compilation)","Permanent Neow","Random Character Button","Relic Filter","Relic Sorter","Remilia??????","Reorder Act Four","Replay The Spire","Shade Mod","Shop Mod","StSLib","The Administrix","The Immortal","The Necromancer","The Senshi","The Servant 0.9.4","The Witch","TheSwordswoman","????"],"gold_per_floor":[1021,1036,1054,1054,1069,1094,1094,1122,1122,1147,1165,1165,1181,1195,1195,1268,1268,1280,1280,1155,1175,1194,1194,1211,1244,1325,1359,1370,1405,1405,1421,1421,1495,1495,1512,1527,1527,1538,1551,1551,1551],"floor_reached":40,"playtime":2496,"items_purged":["AbbyMod:Ab_Strike","AbbyMod:Ab_Strike","AbbyMod:Ab_Strike"],"score":1448,"play_id":"b3b0778c-8282-4294-92d4-404ffd3b89c0","local_time":"20210103214243","is_ascension_mode":true,"campfire_choices":[{"floor":7,"key":"REST"},{"data":"AbbyMod:ConsumeFlesh","floor":7,"key":"SMITH"},{"floor":12,"key":"REST"},{"data":"AbbyMod:PapaProtection","floor":12,"key":"SMITH"},{"data":"AbbyMod:SanityCheck","floor":15,"key":"SMITH"},{"data":"AbbyMod:ForeheadBeam","floor":23,"key":"SMITH"},{"floor":32,"key":"REST"},{"data":"AbbyMod:VoidWhispers","floor":32,"key":"SMITH"}],"circlet_count":0,"master_deck":["AscendersBane","AbbyMod:Ab_Strike+1","AbbyMod:Ab_Defend","AbbyMod:Ab_Defend","AbbyMod:Ab_Defend+1","AbbyMod:FleetingSanity","AbbyMod:ForeheadBeam+1","AbbyMod:ConsumeFlesh+1","AbbyMod:PapaProtection+1","AbbyMod:SanityCheck+1","AbbyMod:VoidWhispers+1","AbbyMod:PrayerOfFaith","AbbyMod:Dabigail+1"],"relics":["AbbyMod:Salem_Diary","ClockworkSouvenir","MerchantsRug","Replay:Baseball","hubris:BundleOfHerbs","Matryoshka","Medical Kit","infinitespire:Magic Flask","infinitespire:Golems Mask","hubris:OldNail","Turnip","Mummified Hand","Mango","aspiration:TomeofQuesting","Replay:Multitool","infinitespire:Beetle Shell","hubris:Potato","hubris:Reverence","Black Star","Tintinnabulum","Boot","Anchor","PreservedInsect","AbbyMod:CosmoBattery","Strawberry","MutagenicStrength","beaked:SacredDeck"],"acts_visited":["Exordium","TheCity","TheBeyond"],"potions_floor_usage":[38],"damage_taken":[{"damage":3,"enemies":"Small Slimes","floor":1,"turns":3},{"damage":0,"enemies":"Cultist","floor":2,"turns":5},{"damage":0,"enemies":"2 Louse","floor":3,"turns":3},{"damage":1,"enemies":"Large Slime","floor":5,"turns":5},{"damage":2,"enemies":"Lagavulin","floor":6,"turns":6},{"damage":30,"enemies":"3 Sentries","floor":8,"turns":7},{"damage":1,"enemies":"Gremlin Nob","floor":10,"turns":4},{"damage":3,"enemies":"Blue Slaver","floor":11,"turns":4},{"damage":0,"enemies":"3 Louse","floor":13,"turns":4},{"damage":0,"enemies":"Exordium Thugs","floor":14,"turns":4},{"damage":15,"enemies":"The Guardian","floor":16,"turns":10},{"damage":0,"enemies":"Spheric Guardian","floor":18,"turns":6},{"damage":9,"enemies":"3 Byrds","floor":21,"turns":6},{"damage":10,"enemies":"Snake Plant","floor":22,"turns":4},{"damage":3,"enemies":"Centurion and Healer","floor":24,"turns":7},{"damage":0,"enemies":"Gremlin Leader","floor":25,"turns":9},{"damage":41,"enemies":"Book of Stabbing","floor":27,"turns":7},{"damage":0,"enemies":"Shelled Parasite and Fungi","floor":28,"turns":5},{"damage":0,"enemies":"Replay:Snechameleon","floor":29,"turns":8},{"damage":0,"enemies":"Chosen and Byrds","floor":31,"turns":7},{"damage":3,"enemies":"Champ","floor":33,"turns":12},{"damage":45,"enemies":"3 Darklings","floor":35,"turns":4},{"damage":0,"enemies":"Orb Walker","floor":36,"turns":4},{"damage":16,"enemies":"Sphere and 2 Shapes","floor":38,"turns":6},{"damage":15,"enemies":"Transient","floor":39,"turns":6},{"damage":48,"enemies":"Reptomancer","floor":40,"turns":2}],"seed_played":"8267601200838072932","potions_obtained":[{"floor":1,"key":"SteroidPotion"},{"floor":8,"key":"Energy Potion"},{"floor":38,"key":"Milkshake"}],"is_trial":false,"path_per_floor":["M","M","M","?","M","E","R","E","T","E","M","R","M","M","R","B",null,"M","?","$","M","M","R","M","E","T","E","M","E","?","M","R","B",null,"M","M","?","M","M","E"],"character_chosen":"Ab_Foreigner","items_purchased":["ClockworkSouvenir","AbbyMod:ConsumeFlesh","AbbyMod:PapaProtection","MerchantsRug","Replay:Baseball","Matryoshka","Medical Kit","hubris:OldNail","Mummified Hand","aspiration:TomeofQuesting","PowerPotion"],"campfire_rested":3,"item_purchase_floors":[0,0,0,0,0,0,0,0,0,0,0],"current_hp_per_floor":[59,60,61,40,40,43,65,37,37,38,37,61,63,65,65,56,82,84,84,84,77,69,69,68,70,71,33,36,46,47,50,85,85,110,68,71,72,59,47,0,0],"gold":1551,"neow_bonus":"","is_daily":false,"chose_seed":false,"campfire_upgraded":5,"win_rate":0.0,"timestamp":1609735363,"path_taken":["M","M","M","?","M","E","R","E","T","E","M","R","M","M","R","BOSS","M","?","?","M","?","R","?","E","T","E","M","E","?","M","R","BOSS","M","M","?","M","M","E"],"items_purchased_type":["Relic","Card","Card","Relic","Relic","Relic","Relic","Relic","Relic","Relic","Potion"],"build_version":"2020-12-22","purchased_purges":3,"victory":false,"max_hp_per_floor":[67,68,69,69,70,75,75,77,77,79,81,81,83,85,85,91,91,93,93,93,95,97,97,99,101,101,103,105,114,114,116,116,118,118,120,122,122,124,126,126,126],"card_choices":[{"not_picked":["AbbyMod:AttoSecond","AbbyMod:LossOfSanity"],"picked":"AbbyMod:CommandSpell","floor":1},{"not_picked":["AbbyMod:AlignStars","AbbyMod:MeltBrain","AbbyMod:Memocide"],"picked":"SKIP","floor":2},{"not_picked":["AbbyMod:Memocide","AbbyMod:AceInTheHole"],"picked":"AbbyMod:SanityCheck","floor":3},{"not_picked":["AbbyMod:AlignStars","AbbyMod:PantyShot"],"picked":"AbbyMod:SweetPancakes","floor":5},{"not_picked":["AbbyMod:RecklessSlam","AbbyMod:Keyblade","AbbyMod:AceInTheHole"],"picked":"SKIP","floor":6},{"not_picked":["AbbyMod:Ab_SwirlOfMadness","AbbyMod:LargeTentacle","AbbyMod:LossOfSanity"],"picked":"SKIP","floor":8},{"not_picked":["AbbyMod:ExposeNavel","AbbyMod:Ab_DarkestPact","AbbyMod:TentacleSwarm"],"picked":"SKIP","floor":10},{"not_picked":["AbbyMod:WitchTrial","AbbyMod:HolidayWishes","AbbyMod:ImpossibleGeometry"],"picked":"SKIP","floor":11},{"not_picked":["AbbyMod:TentacleSwarm","AbbyMod:PowerGamer","AbbyMod:PapaProtection"],"picked":"SKIP","floor":13},{"not_picked":["AbbyMod:SuperMuscular","AbbyMod:Keyblade"],"picked":"AbbyMod:SweetPancakes","floor":14},{"not_picked":["AbbyMod:LossOfSanity+1","AbbyMod:HeroCreationA","AbbyMod:EyesOfMadness"],"picked":"SKIP","floor":18},{"not_picked":["AbbyMod:ChocoKey+1","AbbyMod:SanityCheck","AbbyMod:LossOfSanity"],"picked":"SKIP","floor":21},{"not_picked":["AbbyMod:SavingThrow","AbbyMod:TentacleSwarm+1","AbbyMod:Ab_FiveStars+1"],"picked":"SKIP","floor":22},{"not_picked":["AbbyMod:SavingThrow","AbbyMod:WormHole","AbbyMod:VoidPriest"],"picked":"SKIP","floor":24},{"not_picked":["AbbyMod:ImpossibleGeometry","AbbyMod:Keyblade+1","AbbyMod:ChocoKey"],"picked":"SKIP","floor":25},{"not_picked":["AbbyMod:CloneArmy","AbbyMod:AceInTheHole"],"picked":"AbbyMod:VoidWhispers","floor":27},{"not_picked":["AbbyMod:Keyblade","AbbyMod:PowerGamer","AbbyMod:LargeTentacle"],"picked":"SKIP","floor":28},{"not_picked":["AbbyMod:Meteo","AbbyMod:MysteryKey"],"picked":"AbbyMod:CommandSpell+1","floor":29},{"not_picked":["AbbyMod:ExposedCore","AbbyMod:WitchTrial+1","AbbyMod:PowerGamer+1"],"picked":"SKIP","floor":31},{"not_picked":["AbbyMod:LifeSentence+1","AbbyMod:Takeuchi+1","AbbyMod:MeltBrain"],"picked":"SKIP","floor":35},{"not_picked":["AbbyMod:HeroCreationA","AbbyMod:FarAwayFriend+1","AbbyMod:PapaProtection"],"picked":"SKIP","floor":36},{"not_picked":["AbbyMod:TentacleSwarm","AbbyMod:SweetPancakes+1"],"picked":"AbbyMod:Dabigail+1","floor":38},{"not_picked":["AbbyMod:AdultWords","AbbyMod:Ab_SwirlOfMadness","AbbyMod:TentacleSwarm"],"picked":"SKIP","floor":39}],"player_experience":1714170,"relics_obtained":[{"floor":6,"key":"Replay:Multitool"},{"floor":8,"key":"infinitespire:Beetle Shell"},{"floor":9,"key":"hubris:Potato"},{"floor":10,"key":"hubris:Reverence"},{"floor":25,"key":"Tintinnabulum"},{"floor":25,"key":"Boot"},{"floor":27,"key":"Anchor"},{"floor":27,"key":"PreservedInsect"},{"floor":29,"key":"AbbyMod:CosmoBattery"},{"floor":29,"key":"Strawberry"}],"event_choices":[{"damage_healed":0,"gold_gain":0,"player_choice":"Entered Light","damage_taken":21,"max_hp_gain":0,"max_hp_loss":0,"event_name":"Shining Light","floor":4,"gold_loss":0,"cards_upgraded":["AbbyMod:Ab_Defend","AbbyMod:Ab_Strike"]},{"damage_healed":0,"gold_gain":0,"player_choice":"1 cards matched","damage_taken":0,"max_hp_gain":0,"max_hp_loss":0,"event_name":"Match and Keep!","floor":19,"gold_loss":0,"cards_obtained":["AbbyMod:CommandSpell"]},{"damage_healed":0,"gold_gain":0,"player_choice":"Inject Mutagens","damage_taken":0,"relics_obtained":["MutagenicStrength"],"max_hp_gain":0,"max_hp_loss":0,"event_name":"Drug Dealer","floor":30,"gold_loss":0},{"damage_healed":0,"gold_gain":0,"player_choice":"Memory 1","damage_taken":0,"max_hp_gain":0,"max_hp_loss":0,"event_name":"SensoryStone","floor":37,"gold_loss":0}],"is_beta":false,"boss_relics":[{"not_picked":["Replay:Ancient Bell","aspiration:PoetsPen"],"picked":"Black Star"},{"not_picked":["aspiration:WatcherSkillbook","theSenshi:MoonKaleidoScopeRelic"],"picked":"beaked:SacredDeck"}],"items_purged_floors":[0,0,20],"is_endless":false,"potions_floor_spawned":[1,3,8,11,13,16,18,25,31,33,36,38],"killed_by":"Reptomancer","ascension_level":20}}