{"host":"ev90652pwodlruol","time":1609765732,"event":{"mods":["ATMod(°¢èªMod)","AchievementEnabler","Act Like it!","Aspiration","BaseMod","Bestiary","Conspire","Gensokyo","Hubris","Koishi","Marisa£¨ìFÓê¡¡Ä§ÀíÉ³£©","Minty Spire (QoL Compilation)","Replay The Spire","StSLib","vexMod"],"gold_per_floor":[112,126,136,147,147,147,174,174,174,174,199,199,199,215,215,311,311,323,342,380,410,425,425,453,453,453,463,14,14,14,32,32,134,134,147,147,147,157,157,190,115,146,173,185,185,218,218,235,235,235,235,235,41,76,76,76],"floor_reached":55,"playtime":2838,"items_purged":["Strike_G"],"score":950,"play_id":"b5b32966-97a1-4a50-bc94-dc947a88bdb8","local_time":"20210104210852","is_ascension_mode":true,"campfire_choices":[{"data":"AT_FamilyPortrait","floor":10.0,"key":"SMITH"},{"data":"Dagger Spray","floor":12.0,"key":"SMITH"},{"floor":15.0,"key":"RECALL"},{"data":"Cloak And Dagger","floor":23.0,"key":"SMITH"},{"data":"Cloak And Dagger","floor":25.0,"key":"SMITH"},{"data":"AT_Desolate","floor":30.0,"key":"SMITH"},{"data":"Dagger Spray","floor":32.0,"key":"SMITH"},{"data":"ReplayTheSpireMod:Speed Training","floor":45.0,"key":"SMITH"},{"data":"Quick Slash","floor":47.0,"key":"SMITH"},{"data":"ReplayTheSpireMod:Speed Training","floor":49.0,"key":"SMITH"},{"data":"Hidden Blade","floor":52.0,"key":"SMITH"}],"circlet_count":0,"master_deck":["Strike_G","Strike_G","Strike_G","Defend_G","Defend_G","Defend_G","Defend_G","Survivor","Neutralize","AT_FamilyPortrait+1","Dagger Spray+1","Outmaneuver","PiercingWail","ReplayTheSpireMod:Speed Training+1","Dash","Quick Slash+1","Cloak And Dagger+1","Flying Knee+1","AT_Desolate+1","Cloak And Dagger+1","Ghostly","Ghostly","Ghostly","Ghostly","Ghostly","Dagger Spray+1","Blade Dance+1","Adrenaline","Cloak And Dagger+1","Cloak And Dagger+1","Escape Plan","ReplayTheSpireMod:Speed Training+1","Hidden Blade+1","AT_FamilyPortrait","Blade Dance+1"],"relics":["Ring of the Snake","AT_ATBox","aspiration:ArtOfWarUpgrade","Gambling Chip","aspiration:FetidBarrel","Snack Pack","WristBlade","Prayer Wheel","aspiration:AnachronicSnailShell","Red Mask","AT_DeathDance","Mummified Hand","Garlic","hubris:SlimyHat","conspire:SpecialSausage","ReplayTheSpireMod:Ring of Exchange","ReplayTheSpireMod:Ring of Collecting","aspiration:HatOfInfinitePower","hubris:TinFlute","Ring of Panic","hubris:GlazedTorus","Pear"],"acts_visited":["Exordium","TheCity","TheBeyond","TheEnding"],"potions_floor_usage":[55],"damage_taken":[{"damage":0.0,"enemies":"Cultist","floor":1.0,"turns":4.0},{"damage":0.0,"enemies":"conspire:RoseBush","floor":2.0,"turns":5.0},{"damage":0.0,"enemies":"Small Slimes","floor":3.0,"turns":3.0},{"damage":0.0,"enemies":"Red Slaver","floor":4.0,"turns":3.0},{"damage":7.0,"enemies":"Replay:BlueRogue","floor":7.0,"turns":6.0},{"damage":8.0,"enemies":"Lagavulin","floor":11.0,"turns":6.0},{"damage":0.0,"enemies":"Blue Slaver","floor":14.0,"turns":3.0},{"damage":34.0,"enemies":"Fading Forest","floor":16.0,"turns":11.0},{"damage":4.0,"enemies":"conspire:FuzzyDice","floor":18.0,"turns":8.0},{"damage":1.0,"enemies":"Shell Parasite","floor":19.0,"turns":6.0},{"damage":2.0,"enemies":"Masked Bandits","floor":21.0,"turns":3.0},{"damage":7.0,"enemies":"conspire:HollyBat","floor":22.0,"turns":4.0},{"damage":20.0,"enemies":"Gremlin Leader","floor":24.0,"turns":8.0},{"damage":7.0,"enemies":"Snecko","floor":27.0,"turns":5.0},{"damage":0.0,"enemies":"Centurion and Healer","floor":31.0,"turns":6.0},{"damage":22.0,"enemies":"conspire:MysteriousRune","floor":33.0,"turns":9.0},{"damage":4.0,"enemies":"3 Darklings","floor":35.0,"turns":4.0},{"damage":1.0,"enemies":"3 Shapes","floor":38.0,"turns":2.0},{"damage":12.0,"enemies":"Nemesis","floor":40.0,"turns":5.0},{"damage":0.0,"enemies":"Reptomancer","floor":42.0,"turns":6.0},{"damage":0.0,"enemies":"Transient","floor":44.0,"turns":5.0},{"damage":0.0,"enemies":"Giant Head","floor":46.0,"turns":5.0},{"damage":0.0,"enemies":"Sphere and 2 Shapes","floor":48.0,"turns":4.0},{"damage":0.0,"enemies":"conspire:OrnateMirror","floor":50.0,"turns":7.0},{"damage":1.0,"enemies":"Shield and Spear","floor":54.0,"turns":4.0},{"damage":55,"enemies":"The Heart","floor":55,"turns":4}],"seed_played":"-3189539043647018779","potions_obtained":[{"floor":1.0,"key":"Swift Potion"},{"floor":2.0,"key":"Fire Potion"},{"floor":11.0,"key":"AttackPotion"},{"floor":13.0,"key":"Poison Potion"},{"floor":13.0,"key":"BlessingOfTheForge"},{"floor":16.0,"key":"ColorlessPotion"},{"floor":22.0,"key":"Venom Potion"},{"floor":31.0,"key":"Adrenaline Potion"},{"floor":33.0,"key":"Reflective Coating"},{"floor":42.0,"key":"CunningPotion"},{"floor":44.0,"key":"CunningPotion"},{"floor":54.0,"key":"Explosive Potion"}],"is_trial":false,"path_per_floor":["M","M","M","M","?","R","E","R","T","R","E","R","?","M","R","B",null,"M","M","?","?","M","R","E","R","T","M","$","?","R","M","R","B",null,"M","?","?","M","?","E","$","E","T","M","R","E","R","M","R","B",null,"R","$","E","B"],"character_chosen":"THE_SILENT","items_purchased":["Garlic","hubris:SlimyHat","Explosive Potion","AT_FamilyPortrait"],"campfire_rested":0,"item_purchase_floors":[28,28,28,53],"current_hp_per_floor":[77,77,77,77,59,59,52,52,52,52,44,44,44,44,44,31,77,75,77,47,51,46,46,36,36,36,31,31,31,31,33,33,21,38,34,34,34,37,37,28,28,36,36,38,38,38,38,38,38,38,38,38,38,47,0,0],"gold":76,"neow_bonus":"TEN_PERCENT_HP_BONUS","is_daily":false,"chose_seed":false,"campfire_upgraded":10,"win_rate":0.0,"timestamp":1609765732,"path_taken":["M","M","?","M","?","R","E","R","T","R","E","R","?","M","R","BOSS","M","M","?","?","M","R","E","R","T","M","$","?","R","?","R","BOSS","M","?","?","M","?","E","$","E","T","?","R","E","R","M","R","BOSS","R","$","E","BOSS"],"items_purchased_type":["Relic","Relic","Potion","Card"],"build_version":"2020-12-22","purchased_purges":1,"victory":false,"max_hp_per_floor":[77,77,77,77,77,77,77,77,77,77,77,77,77,77,77,77,77,77,77,77,77,77,77,77,77,77,77,77,38,38,38,38,38,38,38,38,38,38,38,38,38,38,38,38,38,38,38,38,38,38,38,38,38,48,48,48],"card_choices":[{"not_picked":["Poisoned Stab","Outmaneuver"],"picked":"Dagger Spray","floor":1.0},{"not_picked":["Bane","Riddle With Holes"],"picked":"Outmaneuver","floor":2.0},{"not_picked":["Slice","Deadly Poison"],"picked":"PiercingWail","floor":3.0},{"not_picked":["Concentrate","Blade Dance","PiercingWail"],"picked":"SKIP","floor":4.0},{"not_picked":["AT_TwilightShroud","Fluid Movement"],"picked":"ReplayTheSpireMod:Speed Training","floor":7.0},{"not_picked":["Expertise","Tools of the Trade"],"picked":"Dash","floor":11.0},{"not_picked":["Sucker Punch","conspire:PoisonWeapons"],"picked":"Quick Slash","floor":14.0},{"not_picked":["Quick Slash","hubris:Sniper"],"picked":"Cloak And Dagger","floor":18.0},{"not_picked":["Fluid Movement+1","Backflip","Replay:Poison Smokescreen+1"],"picked":"SKIP","floor":18.0},{"not_picked":["AT_TinkerSharpsword","AT_WindFlip"],"picked":"Flying Knee+1","floor":19.0},{"not_picked":["ReplayTheSpireMod:Shiv Toss+1","Flechettes"],"picked":"AT_Desolate","floor":19.0},{"not_picked":["Outmaneuver","Slice"],"picked":"Cloak And Dagger","floor":22.0},{"not_picked":["Underhanded Strike+1","Deflect","Acrobatics"],"picked":"SKIP","floor":22.0},{"not_picked":["Heel Hook+1","Catalyst","Deflect"],"picked":"SKIP","floor":24.0},{"not_picked":["hubris:TrickCloak","PiercingWail+1","Blur+1"],"picked":"SKIP","floor":27.0},{"not_picked":["Underhanded Strike","ReplayTheSpireMod:Exploit Weakness","Deadly Poison"],"picked":"SKIP","floor":27.0},{"not_picked":["Dash","Grand Finale"],"picked":"Dagger Spray","floor":31.0},{"not_picked":["Prepared","Poisoned Stab"],"picked":"Blade Dance+1","floor":31.0},{"not_picked":["Poison Darts","Doppelganger"],"picked":"Adrenaline","floor":33.0},{"not_picked":["Backflip+1","All Out Attack+1"],"picked":"Cloak And Dagger+1","floor":35.0},{"not_picked":["hubris:SlightOfHand+1","Noxious Fumes+1","Eviscerate+1"],"picked":"SKIP","floor":35.0},{"not_picked":["Dodge and Roll+1","Draining Mist"],"picked":"Cloak And Dagger+1","floor":38.0},{"not_picked":["Poisoned Stab+1","Grand Finale","ReplayTheSpireMod:The Works+1"],"picked":"SKIP","floor":38.0},{"not_picked":["Flechettes","AT_Desolate+1","Outmaneuver"],"picked":"SKIP","floor":40.0},{"not_picked":["Deadly Poison","Backstab"],"picked":"ReplayTheSpireMod:Speed Training","floor":42.0},{"not_picked":["conspire:PoisonWeapons+1","ReplayTheSpireMod:The Works"],"picked":"Hidden Blade","floor":44.0},{"not_picked":["Unload","Underhanded Strike","Slice"],"picked":"SKIP","floor":44.0},{"not_picked":["Deflect","Calculated Gamble","Distraction+1"],"picked":"SKIP","floor":46.0},{"not_picked":["Deadly Poison","Reflex+1","Flying Knee"],"picked":"SKIP","floor":48.0},{"not_picked":["Underhanded Strike+1","PiercingWail+1","Deadly Poison"],"picked":"SKIP","floor":48.0},{"not_picked":["AT_WindFlip","Wraith Form v2"],"picked":"Blade Dance+1","floor":54.0}],"player_experience":251995,"relics_obtained":[{"floor":7.0,"key":"Gambling Chip"},{"floor":9.0,"key":"aspiration:FetidBarrel"},{"floor":11.0,"key":"Snack Pack"},{"floor":20.0,"key":"aspiration:AnachronicSnailShell"},{"floor":21.0,"key":"Red Mask"},{"floor":24.0,"key":"AT_DeathDance"},{"floor":26.0,"key":"Mummified Hand"},{"floor":36.0,"key":"ReplayTheSpireMod:Ring of Exchange"},{"floor":36.0,"key":"ReplayTheSpireMod:Ring of Collecting"},{"floor":40.0,"key":"aspiration:HatOfInfinitePower"},{"floor":42.0,"key":"hubris:TinFlute"},{"floor":43.0,"key":"Ring of Panic"},{"floor":46.0,"key":"hubris:GlazedTorus"},{"floor":54.0,"key":"Pear"}],"event_choices":[{"damage_healed":0.0,"max_hp_gain":0.0,"max_hp_loss":0.0,"gold_gain":0.0,"event_name":"Scrap Ooze","player_choice":"Success","floor":5.0,"gold_loss":0.0,"damage_taken":18.0,"relics_obtained":["Art of War"]},{"damage_healed":0.0,"max_hp_gain":0.0,"max_hp_loss":0.0,"gold_gain":0.0,"event_name":"Lab","player_choice":"Got Potions","floor":13.0,"gold_loss":0.0,"damage_taken":0.0},{"damage_healed":0.0,"max_hp_gain":0.0,"max_hp_loss":0.0,"gold_gain":0.0,"event_name":"Masked Bandits","player_choice":"Fought Bandits","floor":21.0,"gold_loss":0.0,"damage_taken":0.0},{"damage_healed":0.0,"max_hp_gain":0.0,"max_hp_loss":39.0,"gold_gain":0.0,"event_name":"Ghosts","player_choice":"Became a Ghost","floor":29.0,"gold_loss":0.0,"damage_taken":0.0,"cards_obtained":["Ghostly","Ghostly","Ghostly","Ghostly","Ghostly"]},{"cards_removed":["Strike_G"],"damage_healed":0.0,"max_hp_gain":0.0,"max_hp_loss":0.0,"gold_gain":0.0,"event_name":"Falling","player_choice":"Removed Attack","floor":37.0,"gold_loss":0.0,"damage_taken":0.0},{"damage_healed":0.0,"max_hp_gain":0.0,"max_hp_loss":0.0,"gold_gain":0.0,"cards_transformed":["Defend_G"],"event_name":"Transmorgrifier","player_choice":"Transformed","floor":39.0,"gold_loss":0.0,"damage_taken":0.0,"cards_obtained":["Escape Plan"]}],"is_beta":false,"boss_relics":[{"not_picked":["aspiration:IroncladSkillbook","Astrolabe"],"picked":"WristBlade"},{"not_picked":["conspire:SlowCooker","ChewingGum"],"picked":"conspire:SpecialSausage"}],"items_purged_floors":[41],"is_endless":false,"potions_floor_spawned":[1,2,11,14,16,22,31,33,42,44,46,54],"killed_by":"The Heart","ascension_level":1}}