{"host":"t3am9egsh7oyry6t","time":1609739389,"event":{"mods":["AchievementEnabler","BaseMod","Colored Powertips","Googly Eyes","Minty Spire (QoL Compilation)","Relic Stats","StSLib","Synergy Search"],"gold_per_floor":[119,129,129,145,157,157,183,60,60,60,87,102,136,147,147,223,223,240,86,104,116,116,145,145,159,236,250,277,277,277,72,72,149,149,162,15,15,29,47,47,374,6,6,6,21,21,54,66,66,66],"floor_reached":51,"playtime":2894,"items_purged":["Seeing Red"],"score":1316,"play_id":"4923b7fd-54ec-4297-b866-a3c9b69a7ead","local_time":"20210103214949","is_ascension_mode":true,"campfire_choices":[{"data":"Bash","floor":6,"key":"SMITH"},{"data":"Fire Breathing","floor":10,"key":"SMITH"},{"data":"Armaments","floor":15,"key":"SMITH"},{"floor":24,"key":"REST"},{"floor":30,"key":"REST"},{"floor":32,"key":"REST"},{"floor":40,"key":"REST"},{"data":"Spot Weakness","floor":44,"key":"SMITH"},{"floor":49,"key":"REST"}],"circlet_count":0,"master_deck":["AscendersBane","Strike_R","Strike_R","Strike_R","Strike_R","Strike_R","Defend_R","Defend_R","Defend_R","Defend_R","Bash+1","Perfected Strike","Armaments+1","Spot Weakness+1","Fire Breathing+1","Twin Strike+1","Heavy Blade+1","Feed+1","Iron Wave+1","Rage","Thunderclap+1","Headbutt+1","Warcry+1","CurseOfTheBell","Metallicize+1","Wild Strike+1","Shrug It Off+1","Sword Boomerang+1","Blind+1","Metallicize+1"],"relics":["Busted Crown","Meat on the Bone","Bottled Lightning","Orichalcum","Molten Egg 2","Strawberry","SlaversCollar","Frozen Egg 2","Singing Bowl","Du-Vu Doll","Nilry\u0027s Codex","Toolbox","Calling Bell","Pen Nib","Toxic Egg 2","CaptainsWheel","Centennial Puzzle","Old Coin","Nunchaku","HandDrill","Dead Branch","Potion Belt"],"acts_visited":["Exordium","TheCity","TheBeyond"],"potions_floor_usage":[13,16,27,28,33,33,50],"damage_taken":[{"damage":6,"enemies":"Cultist","floor":1,"turns":4},{"damage":7,"enemies":"Jaw Worm","floor":2,"turns":3},{"damage":5,"enemies":"Small Slimes","floor":4,"turns":3},{"damage":3,"enemies":"Blue Slaver","floor":5,"turns":3},{"damage":25,"enemies":"Lagavulin","floor":7,"turns":5},{"damage":22,"enemies":"Gremlin Nob","floor":11,"turns":4},{"damage":7,"enemies":"Exordium Wildlife","floor":12,"turns":3},{"damage":17,"enemies":"Lagavulin","floor":13,"turns":5},{"damage":10,"enemies":"3 Louse","floor":14,"turns":3},{"damage":12,"enemies":"The Guardian","floor":16,"turns":9},{"damage":6,"enemies":"Chosen","floor":18,"turns":3},{"damage":13,"enemies":"3 Byrds","floor":20,"turns":5},{"damage":16,"enemies":"Centurion and Healer","floor":21,"turns":8},{"damage":43,"enemies":"Book of Stabbing","floor":23,"turns":5},{"damage":34,"enemies":"Snake Plant","floor":25,"turns":6},{"damage":30,"enemies":"Snecko","floor":27,"turns":5},{"damage":24,"enemies":"Gremlin Leader","floor":28,"turns":4},{"damage":97,"enemies":"Collector","floor":33,"turns":8},{"damage":6,"enemies":"Orb Walker","floor":35,"turns":4},{"damage":5,"enemies":"3 Shapes","floor":38,"turns":2},{"damage":71,"enemies":"Maw","floor":39,"turns":9},{"damage":0,"enemies":"Nemesis","floor":41,"turns":3},{"damage":25,"enemies":"Spire Growth","floor":45,"turns":5},{"damage":3,"enemies":"Giant Head","floor":47,"turns":3},{"damage":17,"enemies":"3 Darklings","floor":48,"turns":3},{"damage":39,"enemies":"Donu and Deca","floor":50,"turns":6}],"seed_played":"2956314011282196137","potions_obtained":[{"floor":5,"key":"SmokeBomb"},{"floor":7,"key":"DuplicationPotion"},{"floor":23,"key":"SkillPotion"},{"floor":27,"key":"SkillPotion"},{"floor":28,"key":"Weak Potion"},{"floor":41,"key":"SpeedPotion"},{"floor":45,"key":"Weak Potion"},{"floor":48,"key":"Block Potion"}],"is_trial":false,"path_per_floor":["M","M","T","M","M","R","E","$","T","R","E","M","E","M","R","B",null,"M","$","M","M","?","E","R","M","T","M","E","?","R","$","R","B",null,"M","$","?","M","M","R","E","$","T","R","M","?","E","M","R","B",null],"character_chosen":"IRONCLAD","items_purchased":["Fire Breathing","Dexterity Potion","Iron Wave+1","FairyPotion","Toolbox","BloodPotion","Centennial Puzzle","Nunchaku","HandDrill"],"campfire_rested":5,"item_purchase_floors":[8,8,19,19,31,31,36,42,42],"current_hp_per_floor":[66,59,59,54,51,51,38,38,38,38,28,33,35,37,37,37,75,73,73,60,48,48,17,45,23,23,44,34,18,48,48,78,15,81,75,75,75,72,13,43,55,55,55,55,42,42,51,48,78,51],"gold":66,"neow_bonus":"BOSS_RELIC","is_daily":false,"chose_seed":false,"campfire_upgraded":4,"win_rate":0.0,"timestamp":1609739389,"path_taken":["M","M","?","M","M","R","E","$","T","R","E","M","E","M","R","BOSS","M","$","?","M","?","E","R","M","T","M","E","?","R","?","R","BOSS","M","$","?","M","M","R","E","$","T","R","M","?","E","M","R","BOSS"],"items_purchased_type":["Card","Potion","Card","Potion","Relic","Potion","Relic","Relic","Relic"],"build_version":"2020-12-22","purchased_purges":1,"victory":true,"max_hp_per_floor":[80,80,80,80,80,80,80,80,80,80,80,80,87,87,87,87,87,91,91,91,95,95,95,95,95,95,99,101,101,101,101,101,103,103,103,103,98,100,100,100,100,100,100,100,100,100,100,102,102,102],"relic_stats":{"Centennial Puzzle":[18],"Nunchaku":[3],"Busted Crown":54,"Singing Bowl":8,"counters":[26,121],"Dead Branch":[23],"Pen Nib":[6],"HandDrill":[10],"Orichalcum":[162],"obtain_stats":[{"Potion Belt":47,"Singing Bowl":26,"Nilry\u0027s Codex":29,"Dead Branch":43,"Pen Nib":34,"Orichalcum":9,"Frozen Egg 2":23,"Burning Blood":0,"Old Coin":41,"Du-Vu Doll":28,"Calling Bell":34,"SlaversCollar":17,"CaptainsWheel":34,"Centennial Puzzle":36,"Nunchaku":42,"Busted Crown":0,"Strawberry":13,"Toolbox":31,"Molten Egg 2":11,"HandDrill":42,"Bottled Lightning":7,"Toxic Egg 2":34,"Meat on the Bone":3},{"Potion Belt":24,"Singing Bowl":15,"Nilry\u0027s Codex":17,"Dead Branch":22,"Pen Nib":18,"Orichalcum":5,"Frozen Egg 2":14,"Burning Blood":0,"Old Coin":22,"Du-Vu Doll":17,"Calling Bell":18,"SlaversCollar":10,"CaptainsWheel":18,"Centennial Puzzle":19,"Nunchaku":22,"Busted Crown":0,"Strawberry":8,"Toolbox":17,"Molten Egg 2":6,"HandDrill":22,"Bottled Lightning":5,"Toxic Egg 2":18,"Meat on the Bone":2},{"Potion Belt":112,"Singing Bowl":69,"Nilry\u0027s Codex":78,"Dead Branch":104,"Pen Nib":86,"Orichalcum":18,"Frozen Egg 2":63,"Burning Blood":0,"Old Coin":104,"Du-Vu Doll":78,"Calling Bell":86,"SlaversCollar":42,"CaptainsWheel":86,"Centennial Puzzle":90,"Nunchaku":104,"Busted Crown":0,"Strawberry":30,"Toolbox":78,"Molten Egg 2":22,"HandDrill":104,"Bottled Lightning":18,"Toxic Egg 2":86,"Meat on the Bone":7}],"Meat on the Bone":204},"card_choices":[{"not_picked":["Havoc"],"picked":"SKIP","floor":1},{"not_picked":[],"picked":"Perfected Strike","floor":2},{"not_picked":[],"picked":"Armaments","floor":4},{"not_picked":["Body Slam"],"picked":"SKIP","floor":5},{"not_picked":[],"picked":"Spot Weakness","floor":7},{"not_picked":[],"picked":"Twin Strike+1","floor":11},{"not_picked":["Clash+1"],"picked":"SKIP","floor":12},{"not_picked":[],"picked":"Heavy Blade+1","floor":13},{"not_picked":[],"picked":"Seeing Red","floor":14},{"not_picked":[],"picked":"Feed+1","floor":16},{"not_picked":["Flex"],"picked":"SKIP","floor":18},{"not_picked":["Searing Blow+1"],"picked":"SKIP","floor":20},{"not_picked":[],"picked":"Rage","floor":21},{"not_picked":[],"picked":"Thunderclap+1","floor":23},{"not_picked":[],"picked":"Headbutt+1","floor":25},{"not_picked":[],"picked":"Warcry+1","floor":27},{"not_picked":["Ghostly Armor"],"picked":"Singing Bowl","floor":28},{"not_picked":["Double Tap"],"picked":"Singing Bowl","floor":33},{"not_picked":[],"picked":"Metallicize+1","floor":35},{"not_picked":["Anger+1"],"picked":"Singing Bowl","floor":38},{"not_picked":[],"picked":"Wild Strike+1","floor":39},{"not_picked":[],"picked":"Shrug It Off+1","floor":41},{"not_picked":[],"picked":"Sword Boomerang+1","floor":45},{"not_picked":[],"picked":"Blind+1","floor":46},{"not_picked":[],"picked":"Metallicize+1","floor":47},{"not_picked":["Flex+1"],"picked":"Singing Bowl","floor":48}],"player_experience":481598,"relics_obtained":[{"floor":3,"key":"Meat on the Bone"},{"floor":7,"key":"Bottled Lightning"},{"floor":9,"key":"Orichalcum"},{"floor":11,"key":"Molten Egg 2"},{"floor":13,"key":"Strawberry"},{"floor":23,"key":"Frozen Egg 2"},{"floor":26,"key":"Singing Bowl"},{"floor":28,"key":"Du-Vu Doll"},{"floor":29,"key":"Nilry\u0027s Codex"},{"floor":34,"key":"Pen Nib"},{"floor":34,"key":"Toxic Egg 2"},{"floor":34,"key":"CaptainsWheel"},{"floor":41,"key":"Old Coin"},{"floor":43,"key":"Dead Branch"},{"floor":47,"key":"Potion Belt"}],"event_choices":[{"damage_healed":0,"gold_gain":0,"player_choice":"Ignored","damage_taken":0,"max_hp_gain":0,"max_hp_loss":0,"event_name":"Ghosts","floor":22,"gold_loss":0},{"damage_healed":0,"gold_gain":0,"player_choice":"Obtained Book","damage_taken":16,"max_hp_gain":0,"max_hp_loss":0,"event_name":"Cursed Tome","floor":29,"gold_loss":0},{"damage_healed":0,"gold_gain":0,"player_choice":"Max HP","damage_taken":0,"max_hp_gain":0,"max_hp_loss":5,"event_name":"Winding Halls","floor":37,"gold_loss":0},{"damage_healed":0,"gold_gain":0,"player_choice":"Memory 1","damage_taken":0,"max_hp_gain":0,"max_hp_loss":0,"event_name":"SensoryStone","floor":46,"gold_loss":0}],"is_beta":false,"boss_relics":[{"not_picked":["Runic Dome","Empty Cage"],"picked":"SlaversCollar"},{"not_picked":["Fusion Hammer","Philosopher\u0027s Stone"],"picked":"Calling Bell"}],"items_purged_floors":[42],"is_endless":false,"potions_floor_spawned":[5,7,11,23,25,27,28,41,45,48],"ascension_level":13}}