{"host":"02uosbn8hju1jzqf","time":1609800532,"event":{"mods":["ATMod(??Mod)","Act Like it!","Arknights The Spire","BaseMod","Colored Powertips","Defective Defect","GifTheSpireLib","Koishi","Marisa????????","Minty Spire (QoL Compilation)","Reimu??????","Remilia??????","StSLib","The Awakened One except there are too many feathers","The Bug Knight","The Poker Player","The Servant 0.9.4","Yakumo Yukari mod","everything is the same but u backflip on backflip","??????REMEMod"],"gold_per_floor":[113,42,53,53,53,53,69,69,93,93,103,103,103,121,121,224,224,243,243,243,243,262,292,292,177,177,177,227,245,265,298,298,398,398,413,413,433,446,466,492,508,543,568,568,162,190,190,208,208,208,208,208,208,241,241],"floor_reached":56,"playtime":6080,"items_purged":["ats:Defend","Iron Wave"],"score":1267,"play_id":"771dbadf-cc42-4d70-aa66-02261acd4f7b","local_time":"20210104144852","is_ascension_mode":false,"campfire_choices":[{"floor":6.0,"key":"RECALL"},{"data":"ats:Healing Strengthening","floor":8.0,"key":"SMITH"},{"data":"ats:Emotion Absorption","floor":10.0,"key":"SMITH"},{"data":"ats:Composite Medical Shells","floor":15.0,"key":"SMITH"},{"data":"ats:Disruption Kick","floor":24,"key":"SMITH"},{"data":"ats:Counter Healing Mode","floor":32,"key":"SMITH"},{"data":"ats:Shell Defense","floor":47,"key":"SMITH"},{"data":"ats:Shell Defense","floor":49,"key":"SMITH"},{"data":"ats:Charging Defense","floor":52,"key":"SMITH"}],"circlet_count":0,"master_deck":["ats:Armor Crushing Shot","ats:Defend","ats:Defend","ats:Defend","ats:Emotion Absorption+1","ats:Sword Rain","ats:Shell Defense+1","ats:Healing Strengthening+1","ats:Composite Medical Shells+1","ats:Part Time Job","ats:Disruption Kick+1","ats:Very Hot Blade+1","ats:Volcano+1","ats:Calcification+1","ats:Part Time Job","Necronomicurse","ats:Charging Defense+1","ats:Counter Healing Mode+1","ats:Shell Defense+1","ats:Wolf Pack","ats:Healing Strengthening+1","ats:Shell Defense+1","ats:Charging Defense+1","ats:Apocalypse"],"relics":["ats:Sanity","REME_ComplimentaryCards","AT_ATBox","NeowsBlessing","Astrolabe","Necronomicon","AT_ForceNature","AT_DeathDance","ats:Originium","Pear","Lizard Tail","Sundial","REME_ChargedStone","AT_BellowingDragoncrestRing","Bottled Flame","Oddly Smooth Stone","Ice Cream","Calipers"],"acts_visited":["Exordium","TheCity","TheBeyond","TheEnding"],"potions_floor_usage":[28,40,55,55],"damage_taken":[{"damage":0.0,"enemies":"2 Louse","floor":1.0,"turns":1.0},{"damage":0.0,"enemies":"Jaw Worm","floor":3.0,"turns":1.0},{"damage":0.0,"enemies":"Small Slimes","floor":7.0,"turns":1.0},{"damage":11.0,"enemies":"2 Fungi Beasts","floor":11.0,"turns":5.0},{"damage":2.0,"enemies":"Red Slaver","floor":14.0,"turns":6.0},{"damage":143.0,"enemies":"The Guardian","floor":16.0,"turns":26.0},{"damage":21,"enemies":"Shell Parasite","floor":18,"turns":11},{"damage":32,"enemies":"Spheric Guardian","floor":22,"turns":6},{"damage":27,"enemies":"HollowMod:Nosk","floor":23,"turns":11},{"damage":41,"enemies":"Snake Plant","floor":28,"turns":7},{"damage":32,"enemies":"Chosen and Byrds","floor":29,"turns":12},{"damage":26,"enemies":"Centurion and Healer","floor":30,"turns":6},{"damage":38,"enemies":"Slavers","floor":31,"turns":5},{"damage":0,"enemies":"Automaton","floor":33,"turns":17},{"damage":13,"enemies":"3 Shapes","floor":35,"turns":3},{"damage":20,"enemies":"3 Darklings","floor":37,"turns":4},{"damage":11,"enemies":"Jaw Worm Horde","floor":38,"turns":6},{"damage":31,"enemies":"Spire Growth","floor":39,"turns":8},{"damage":67,"enemies":"Reptomancer","floor":40,"turns":9},{"damage":26,"enemies":"3 Darklings","floor":41,"turns":4},{"damage":31,"enemies":"Nemesis","floor":42,"turns":9},{"damage":18,"enemies":"Reptomancer","floor":46,"turns":6},{"damage":2,"enemies":"Sphere and 2 Shapes","floor":48,"turns":4},{"damage":14,"enemies":"Time Eater","floor":50,"turns":15},{"damage":61,"enemies":"Shield and Spear","floor":54,"turns":9},{"damage":126,"enemies":"The Heart","floor":55,"turns":17}],"seed_played":"-316628156097144326","potions_obtained":[{"floor":1.0,"key":"Energy Potion"},{"floor":16.0,"key":"REME_GoldPotion"},{"floor":18,"key":"PowerPotion"},{"floor":33,"key":"SteroidPotion"},{"floor":38,"key":"Dexterity Potion"},{"floor":40,"key":"Regen Potion"},{"floor":42,"key":"PowerPotion"},{"floor":48,"key":"Swift Potion"}],"is_trial":false,"path_per_floor":["M","$","M","?","?","R","M","R","T","R","M","?","$","M","R","B",null,"M","$","?","T","M","E","R","$","T","T","M","M","M","E","R","B",null,"M","?","M","M","M","E","M","E","T","?","$","E","R","M","R","B",null,"R","$","E","B",null],"character_chosen":"DOCTOR_CLASS","items_purchased":["ats:Healing Strengthening","ats:Counter Healing Mode","Ice Cream"],"campfire_rested":0,"item_purchase_floors":[2,25,45],"current_hp_per_floor":[72,72,72,72,65,65,65,65,65,65,64,69,69,76,76,26,77,77,77,61,61,59,71,71,71,81,81,75,87,87,74,74,87,87,81,81,84,87,87,85,87,77,77,77,77,87,87,87,87,87,87,87,87,87,38],"gold":241,"neow_bonus":"THREE_ENEMY_KILL","is_daily":false,"chose_seed":false,"campfire_upgraded":8,"win_rate":0.0,"timestamp":1609800532,"path_taken":["M","$","M","?","?","R","M","R","T","R","M","?","$","M","R","BOSS","M","$","?","?","M","E","R","$","T","?","?","M","M","E","R","BOSS","M","?","?","M","M","E","M","E","T","?","?","E","R","M","R","BOSS","R","$","E","BOSS"],"items_purchased_type":["Card","Card","Relic"],"build_version":"2020-12-22","purchased_purges":2,"victory":true,"max_hp_per_floor":[72,72,72,72,72,72,72,72,72,72,72,77,77,77,77,77,77,77,77,77,77,77,77,77,77,87,87,87,87,87,87,87,87,87,87,87,87,87,87,87,87,87,87,87,87,87,87,87,87,87,87,87,87,87,87],"card_choices":[{"not_picked":["ats:Explosion Area Strengthen","ats:Childhood Dance"],"picked":"ats:Shell Defense","floor":1.0},{"not_picked":["ats:Explosion Area Strengthen","ats:Cat Scratch","ats:Assault Order"],"picked":"SKIP","floor":3.0},{"not_picked":["ats:Encircling Forest","ats:Blood Oath","ats:Ignite"],"picked":"SKIP","floor":7.0},{"not_picked":["ats:Leaping Hammer","ats:Cat Scratch"],"picked":"ats:Composite Medical Shells","floor":11.0},{"not_picked":["ats:Blood Oath","ats:Hammer On"],"picked":"ats:Part Time Job","floor":14.0},{"not_picked":["ats:Dogmatic Field","ats:Roar Of Ursus"],"picked":"ats:Disruption Kick","floor":16.0},{"not_picked":["ats:Part Time Job","ats:Assault Order","ats:Childhood Dance"],"picked":"SKIP","floor":18},{"not_picked":["ats:Assault Order","ats:Childhood Dance"],"picked":"ats:Part Time Job","floor":18},{"not_picked":["ats:Explosion Area Strengthen","ats:Revitalization","ats:Very Hot Blade"],"picked":"SKIP","floor":22},{"not_picked":["ats:Soul Absorption","ats:Flame Of Heaven"],"picked":"ats:Charging Defense","floor":23},{"not_picked":["ats:Assault Order+1","ats:Leaping Hammer","ats:Collapsing Strike"],"picked":"SKIP","floor":28},{"not_picked":["ats:Rapid Magazine","ats:Hammer On+1","ats:Revitalization"],"picked":"SKIP","floor":29},{"not_picked":["ats:Guardian Obelisk+1","ats:Burning Ground"],"picked":"ats:Shell Defense","floor":30},{"not_picked":["ats:Childhood Dance","ats:Flexible Camouflage","ats:Shadow Assault"],"picked":"SKIP","floor":31},{"not_picked":["ats:Shadow Assault","ats:Rat Pack"],"picked":"ats:Wolf Pack","floor":33},{"not_picked":["ats:Consecutive Shot Auto","ats:Apocalypse"],"picked":"ats:Healing Strengthening+1","floor":35},{"not_picked":["ats:Hammer On","ats:Revitalization","ats:Shadow Raid+1"],"picked":"SKIP","floor":37},{"not_picked":["ats:Guardian Obelisk+1","ats:Overload+1","ats:Curse Doll"],"picked":"SKIP","floor":38},{"not_picked":["ats:Powerful Strike","ats:Childhood Dance+1","ats:Neurotoxin+1"],"picked":"SKIP","floor":39},{"not_picked":["ats:Ignite+1","ats:Poison Spread","ats:Powerful Strike+1"],"picked":"SKIP","floor":40},{"not_picked":["ats:Ignite+1","ats:Childhood Dance+1"],"picked":"ats:Disruption Kick","floor":41},{"not_picked":["ats:Shadow Raid","ats:Burning Ground+1"],"picked":"ats:Shell Defense+1","floor":42},{"not_picked":["ats:Hook Shot","ats:Mental Burst+1"],"picked":"ats:Charging Defense+1","floor":46},{"not_picked":["ats:Magnetic Hammer+1","ats:Flexible Camouflage+1"],"picked":"ats:Apocalypse","floor":48},{"not_picked":["ats:Childhood Dance","ats:Roar Of Ursus","ats:Overload+1"],"picked":"SKIP","floor":54}],"player_experience":129563,"relics_obtained":[{"floor":20,"key":"Necronomicon"},{"floor":21,"key":"AT_ForceNature"},{"floor":23,"key":"AT_DeathDance"},{"floor":23,"key":"ats:Originium"},{"floor":26,"key":"Pear"},{"floor":27,"key":"Lizard Tail"},{"floor":31,"key":"ats:Originium"},{"floor":31,"key":"Sundial"},{"floor":40,"key":"ats:Originium"},{"floor":40,"key":"AT_BellowingDragoncrestRing"},{"floor":42,"key":"Bottled Flame"},{"floor":43,"key":"Oddly Smooth Stone"},{"floor":46,"key":"Calipers"}],"event_choices":[{"damage_healed":0.0,"max_hp_gain":0.0,"max_hp_loss":0.0,"gold_gain":0.0,"event_name":"Golden Idol","player_choice":"Ignored","floor":4.0,"gold_loss":0.0,"damage_taken":0.0},{"cards_removed":["ats:Strike G"],"damage_healed":0.0,"max_hp_gain":0.0,"max_hp_loss":0.0,"gold_gain":0.0,"event_name":"Golden Wing","player_choice":"Card Removal","floor":5.0,"gold_loss":0.0,"damage_taken":7.0},{"damage_healed":0.0,"max_hp_gain":5.0,"max_hp_loss":0.0,"gold_gain":0.0,"event_name":"Big Fish","player_choice":"Donut","floor":12.0,"gold_loss":0.0,"damage_taken":0.0},{"damage_healed":0,"gold_gain":0,"player_choice":"Obtained Book","damage_taken":16,"max_hp_gain":0,"max_hp_loss":0,"event_name":"Cursed Tome","floor":20,"gold_loss":0},{"damage_healed":0,"gold_gain":0,"player_choice":"Ignored","damage_taken":0,"max_hp_gain":0,"max_hp_loss":0,"event_name":"SecretPortal","floor":36,"gold_loss":0},{"cards_removed":["ats:Disruption Kick"],"damage_healed":0,"gold_gain":0,"player_choice":"Took Card","damage_taken":0,"max_hp_gain":0,"max_hp_loss":0,"event_name":"NoteForYourself","floor":44,"gold_loss":0,"cards_obtained":["Iron Wave"]}],"is_beta":false,"boss_relics":[{"not_picked":["Snecko Eye","Cursed Key"],"picked":"Astrolabe"},{"not_picked":["Velvet Choker","Calling Bell"],"picked":"REME_ChargedStone"}],"items_purged_floors":[25,45],"is_endless":false,"potions_floor_spawned":[1,16,18,33,38,39,40,42,48],"ascension_level":0}}