{"host":"5trcja4hacd149zc","time":1609718830,"event":{"mods":["BaseMod","Colored Map","GifTheSpireLib","Minty Spire (QoL Compilation)","Relic Stats","StSLib"],"gold_per_floor":[116,38,52,68,68,68,68,94,94,106,106,106],"floor_reached":11,"playtime":352,"items_purged":[],"score":146,"play_id":"0489181d-d2a7-4754-b714-45da6e4c8970","local_time":"20210103180710","is_ascension_mode":true,"campfire_choices":[{"floor":6,"key":"REST"}],"circlet_count":0,"master_deck":["AscendersBane","Strike_B","Strike_B","Strike_B+1","Strike_B","Defend_B+1","Defend_B","Defend_B","Defend_B","Zap","Dualcast","Chill","Static Discharge","Compile Driver","Conserve Battery","Undo","Creative AI"],"relics":["Cracked Core","GremlinMask","Calipers","HornCleat"],"acts_visited":["Exordium"],"potions_floor_usage":[8],"damage_taken":[{"damage":7,"enemies":"Jaw Worm","floor":1,"turns":4},{"damage":3,"enemies":"2 Louse","floor":3,"turns":3},{"damage":0,"enemies":"Cultist","floor":4,"turns":3},{"damage":19,"enemies":"Lagavulin","floor":8,"turns":6},{"damage":18,"enemies":"Lots of Slimes","floor":10,"turns":7},{"damage":16,"enemies":"3 Sentries","floor":11,"turns":6}],"seed_played":"6487472780592370207","potions_obtained":[{"floor":1,"key":"EssenceOfSteel"}],"is_trial":false,"path_per_floor":["M","$","M","M","?","R","?","E","T","M","E"],"character_chosen":"DEFECT","items_purchased":["Static Discharge"],"campfire_rested":1,"item_purchase_floors":[2],"current_hp_per_floor":[53,53,50,50,24,49,49,30,30,12,0,0],"gold":106,"neow_bonus":"TWENTY_PERCENT_HP_BONUS","is_daily":false,"chose_seed":false,"campfire_upgraded":0,"win_rate":0.0,"timestamp":1609718830,"path_taken":["M","$","M","M","?","R","?","E","T","M","E"],"items_purchased_type":["Card"],"build_version":"2020-12-22","purchased_purges":0,"victory":false,"max_hp_per_floor":[85,85,85,85,85,85,85,85,85,85,85,85],"relic_stats":{"counters":[6,29],"obtain_stats":[{"Calipers":8,"HornCleat":9,"GremlinMask":7,"Cracked Core":0},{"Calipers":4,"HornCleat":4,"GremlinMask":3,"Cracked Core":0},{"Calipers":16,"HornCleat":16,"GremlinMask":10,"Cracked Core":0}]},"card_choices":[{"not_picked":["Force Field","Heatsinks"],"picked":"Chill","floor":1},{"not_picked":["Coolheaded","Conserve Battery"],"picked":"Compile Driver","floor":3},{"not_picked":["Compile Driver","Leap"],"picked":"Conserve Battery","floor":4},{"not_picked":["Scrape","Coolheaded"],"picked":"Undo","floor":8},{"not_picked":["Melter","Conserve Battery"],"picked":"Creative AI","floor":10}],"player_experience":760891,"relics_obtained":[{"floor":8,"key":"Calipers"},{"floor":9,"key":"HornCleat"}],"event_choices":[{"damage_healed":0,"gold_gain":0,"player_choice":"Entered Light","damage_taken":26,"max_hp_gain":0,"max_hp_loss":0,"event_name":"Shining Light","floor":5,"gold_loss":0,"cards_upgraded":["Defend_B","Strike_B"]},{"damage_healed":0,"gold_gain":0,"player_choice":"Trade","damage_taken":0,"relics_obtained":["GremlinMask"],"max_hp_gain":0,"max_hp_loss":0,"event_name":"FaceTrader","floor":7,"gold_loss":0}],"is_beta":false,"boss_relics":[],"items_purged_floors":[],"is_endless":false,"potions_floor_spawned":[1],"killed_by":"3 Sentries","ascension_level":20}}