{"host":"90gf4undrvb8ctko","time":1609799298,"event":{"mods":["2.2 Compatiblity","BaseMod","Better Altar","Better Match","Better Note","Better Sensory Stone","Better Skull","Better Third Choice","BetterRewards","Card Forge","Downfall","Hermit","Hubris","Infinite Spire","Minty Spire (QoL Compilation)","Relic Filter","Replay The Spire","Robot Space Explorer","Somnambulant","StSLib","The Blackbeard","The Forsaken","The IronCluck","The Jungle","TheVacant","slay the spire mod where everything is the same but ironclad has a cowboy hat"],"gold_per_floor":[119,137,150,150,150,168,206,220,220,261,80,124,163,214,214,390,390,440,440,505,505,505,505,59,112,112,193,294,294,294,294,330,178,178,363,363,412,412,412,412,477,568,613,681,681,681,681,581,581,690,690,750],"floor_reached":53,"playtime":3103,"items_purged":[],"score":944,"play_id":"7c54f111-349f-4988-ba34-54d6822b3a4b","local_time":"20210104172818","is_ascension_mode":false,"campfire_choices":[{"floor":15,"key":"RECALL"}],"circlet_count":0,"master_deck":["RobotSpaceExplorer:Strike+1","RobotSpaceExplorer:Defend+1","RobotSpaceExplorer:Defend+1","RobotSpaceExplorer:Defend+1","RobotSpaceExplorer:Defend+1","RobotSpaceExplorer:Scan+1","RobotSpaceExplorer:MiniLasers+1","RobotSpaceExplorer:PowerCollector+1","RobotSpaceExplorer:LaserBurst+1","RobotSpaceExplorer:MiniDrones+1","RobotSpaceExplorer:DroneSwarm+1","RobotSpaceExplorer:Smokescreen+1","RobotSpaceExplorer:GearShield+1","RobotSpaceExplorer:MiniDrones+1","RobotSpaceExplorer:Smokescreen+1","RobotSpaceExplorer:PowerGlove+1","expansioncontent:DecasProtection+1","RobotSpaceExplorer:DoubleFind+1","RobotSpaceExplorer:TrailblazerForm+1","RobotSpaceExplorer:ShovelStrike+1","RobotSpaceExplorer:ScrapMissile+1","RobotSpaceExplorer:TurboDodge+1","RobotSpaceExplorer:BigMissile+1","RobotSpaceExplorer:LaserBurst+1","RobotSpaceExplorer:DoubleFind+1","RobotSpaceExplorer:ScrapMissile+1","Madness+1","RobotSpaceExplorer:Smokescreen+1","RobotSpaceExplorer:DualCore+1"],"relics":["RobotSpaceExplorer:RoboCore","Hammer of Thor","Seething Fire","Anvil of the Gods","Golden Idol","Mirror","infinitespire:Golems Mask","hubris:OldNail","BargainBundle","Replay:Bandana","Fusion Hammer","Coffee Dripper","hubris:BundleOfHerbs","Nunchaku","infinitespire:Satchel","DollysMirror","Ring of Chaos","hubris:ToyBattleship","Bottled Lightning","RobotSpaceExplorer:BottledGravity","Calipers"],"acts_visited":["Exordium","Exordium","TheBeyond"],"potions_floor_usage":[52,52],"damage_taken":[{"damage":0,"enemies":"2 Louse","floor":1,"turns":2},{"damage":0,"enemies":"Jaw Worm","floor":2,"turns":3},{"damage":4,"enemies":"Small Slimes","floor":3,"turns":3},{"damage":5,"enemies":"3 Louse","floor":6,"turns":3},{"damage":1,"enemies":"Replay:BlueRogue","floor":7,"turns":5},{"damage":3,"enemies":"2 Fungi Beasts","floor":8,"turns":2},{"damage":5,"enemies":"3 Sentries","floor":10,"turns":4},{"damage":6,"enemies":"Exordium Wildlife","floor":12,"turns":3},{"damage":12,"enemies":"Large Slime","floor":13,"turns":4},{"damage":0,"enemies":"Looter","floor":14,"turns":4},{"damage":0,"enemies":"Slime Boss","floor":16,"turns":5},{"damage":2,"enemies":"theJungle:MUSHROOMGANG","floor":18,"turns":4},{"damage":9,"enemies":"theJungle:Flameango_and_Byrd","floor":20,"turns":4},{"damage":0,"enemies":"theJungle:2_Snecko_Cultists","floor":25,"turns":3},{"damage":0,"enemies":"theJungle:JungleHuntersEncounter","floor":27,"turns":5},{"damage":0,"enemies":"theJungle:MamaSnecko","floor":28,"turns":5},{"damage":4,"enemies":"theJungle:Snecko_Cultist_And_Trap","floor":32,"turns":4},{"damage":0,"enemies":"theJungle:FunGuy","floor":35,"turns":6},{"damage":4,"enemies":"3 Shapes","floor":37,"turns":3},{"damage":4,"enemies":"Orb Walker","floor":41,"turns":3},{"damage":5,"enemies":"Reptomancer","floor":42,"turns":5},{"damage":2,"enemies":"Jaw Worm Horde","floor":43,"turns":5},{"damage":22,"enemies":"3 Darklings","floor":44,"turns":4},{"damage":0,"enemies":"2 Orb Walkers","floor":50,"turns":3},{"damage":0,"enemies":"infinitespire:MassOfShapes","floor":52,"turns":4}],"seed_played":"-4519619293832084474","potions_obtained":[{"floor":3,"key":"champ:CounterPotion"},{"floor":6,"key":"Strength Potion"},{"floor":7,"key":"ColorlessPotion"},{"floor":20,"key":"infinitespire:BlackPotion"}],"is_trial":false,"path_per_floor":["M","M","M","?","?","M","E","M","T","E","$","M","M","M","R","B",null,"M","?","M","?","AVR","R","$","M","T","M","E","R","PTL","PTL","M","$","R","B",null,"M","?","?","?","M","E","M","M","T","R","$","NS","R","?","R","B",null],"character_chosen":"RobotSpaceExplorer","items_purchased":["BargainBundle","Replay:Bandana","AttackPotion","Fire Potion","RobotSpaceExplorer:MiniDrones","RobotSpaceExplorer:Smokescreen","RobotSpaceExplorer:PowerGlove","expansioncontent:DecasProtection","hubris:BundleOfHerbs","Nunchaku","DollysMirror"],"campfire_rested":0,"item_purchase_floors":[11,11,11,11,11,11,11,11,24,24,33],"current_hp_per_floor":[82,82,78,58,58,53,52,49,49,44,44,38,26,26,26,26,82,80,80,71,71,71,71,71,71,71,71,71,71,71,71,67,67,67,67,82,78,78,62,65,61,74,78,59,59,59,59,59,59,59,84,84],"gold":750,"neow_bonus":"TEN_PERCENT_HP_BONUS","is_daily":false,"chose_seed":false,"campfire_upgraded":0,"win_rate":0.0,"timestamp":1609799298,"path_taken":["M","M","M","?","?","M","E","M","T","E","$","M","M","M","R","BOSS","M","?","M","?","AVR","R","$","M","T","M","E","R","PTL","PTL","M","$","R","BOSS","M","?","?","?","M","E","?","M","T","R","$","NS","R","?","R","BOSS"],"items_purchased_type":["Relic","Relic","Potion","Potion","Card","Card","Card","Card","Relic","Relic","Relic"],"build_version":"2020-12-22","purchased_purges":0,"victory":true,"max_hp_per_floor":[82,82,82,82,82,82,82,82,82,82,82,82,82,82,82,82,82,82,82,82,82,82,82,82,82,82,82,82,82,82,82,82,82,82,82,82,82,82,82,85,85,85,85,85,85,85,85,85,85,85,85,85],"card_choices":[{"not_picked":["RobotSpaceExplorer:GlueShot","RobotSpaceExplorer:MiniDrones"],"picked":"RobotSpaceExplorer:PowerCollector","floor":1},{"not_picked":["RobotSpaceExplorer:SlimeMissile","RobotSpaceExplorer:SurgingShield"],"picked":"RobotSpaceExplorer:LaserBurst","floor":2},{"not_picked":["RobotSpaceExplorer:ExhaustFan","RobotSpaceExplorer:DoubleBlock","RobotSpaceExplorer:Probe"],"picked":"SKIP","floor":3},{"not_picked":["RobotSpaceExplorer:SurgingShield","RobotSpaceExplorer:GlueShot"],"picked":"RobotSpaceExplorer:MiniDrones","floor":6},{"not_picked":["RobotSpaceExplorer:SurgingStrike","RobotSpaceExplorer:DualCore"],"picked":"RobotSpaceExplorer:DroneSwarm","floor":7},{"not_picked":["RobotSpaceExplorer:ScrapMissile","RobotSpaceExplorer:Probe"],"picked":"RobotSpaceExplorer:Smokescreen","floor":8},{"not_picked":["RobotSpaceExplorer:Reload","RobotSpaceExplorer:SurgingStrike"],"picked":"RobotSpaceExplorer:GearShield","floor":10},{"not_picked":["RobotSpaceExplorer:FrostMissile","RobotSpaceExplorer:FranticSearch","RobotSpaceExplorer:SurgingStrike"],"picked":"SKIP","floor":12},{"not_picked":["RobotSpaceExplorer:StunGrenade","RobotSpaceExplorer:PlasmaMissile","RobotSpaceExplorer:SwiftStep"],"picked":"SKIP","floor":13},{"not_picked":["RobotSpaceExplorer:Comet","RobotSpaceExplorer:ScrapMissile"],"picked":"RobotSpaceExplorer:DoubleFind","floor":14},{"not_picked":["RobotSpaceExplorer:Asteroid","RobotSpaceExplorer:Explosion"],"picked":"RobotSpaceExplorer:TrailblazerForm","floor":16},{"not_picked":["RobotSpaceExplorer:ImprovisedAttack+1","RobotSpaceExplorer:SlimeMissile+1"],"picked":"RobotSpaceExplorer:ShovelStrike","floor":18},{"not_picked":["RobotSpaceExplorer:MetalStrike+1","RobotSpaceExplorer:StarDust"],"picked":"RobotSpaceExplorer:ScrapMissile+1","floor":20},{"not_picked":["RobotSpaceExplorer:MetalStrike","RobotSpaceExplorer:Probe"],"picked":"RobotSpaceExplorer:TurboDodge","floor":25},{"not_picked":["RobotSpaceExplorer:SurgingStrike+1","RobotSpaceExplorer:FrostMissile"],"picked":"RobotSpaceExplorer:BigMissile","floor":27},{"not_picked":["RobotSpaceExplorer:GlueShot","RobotSpaceExplorer:Jetpack+1"],"picked":"RobotSpaceExplorer:LaserBurst","floor":28},{"not_picked":["RobotSpaceExplorer:Blaster","RobotSpaceExplorer:MakeshiftVolley+1","RobotSpaceExplorer:Ammunition"],"picked":"SKIP","floor":32},{"not_picked":["RobotSpaceExplorer:ShockKick","RobotSpaceExplorer:FranticSearch+1"],"picked":"RobotSpaceExplorer:ScrapMissile+1","floor":37},{"not_picked":["RobotSpaceExplorer:Counterblock","RobotSpaceExplorer:MiniDrones"],"picked":"RobotSpaceExplorer:Smokescreen+1","floor":41},{"not_picked":["RobotSpaceExplorer:Asteroid","RobotSpaceExplorer:Multitool"],"picked":"RobotSpaceExplorer:Exploration","floor":42},{"not_picked":["RobotSpaceExplorer:SurgingShield+1","RobotSpaceExplorer:SlimeMissile","RobotSpaceExplorer:Probe"],"picked":"SKIP","floor":43},{"not_picked":["RobotSpaceExplorer:ScrapToss","RobotSpaceExplorer:ImprovisedAttack"],"picked":"RobotSpaceExplorer:DualCore","floor":44}],"player_experience":439525,"relics_obtained":[{"floor":7,"key":"Mirror"},{"floor":9,"key":"infinitespire:Golems Mask"},{"floor":10,"key":"hubris:OldNail"},{"floor":28,"key":"infinitespire:Satchel"},{"floor":42,"key":"hubris:ToyBattleship"},{"floor":43,"key":"Bottled Lightning"},{"floor":45,"key":"RobotSpaceExplorer:BottledGravity"},{"floor":50,"key":"Calipers"}],"event_choices":[{"damage_healed":0,"gold_gain":0,"player_choice":"Take Damage","damage_taken":20,"relics_obtained":["Golden Idol"],"max_hp_gain":0,"max_hp_loss":0,"event_name":"Golden Idol","floor":4,"gold_loss":0},{"damage_healed":58,"gold_gain":0,"player_choice":"Leave","damage_taken":0,"max_hp_gain":0,"max_hp_loss":82,"event_name":"betterThird:BetterShining","floor":5,"gold_loss":0},{"damage_healed":0,"gold_gain":0,"player_choice":"Ignored","damage_taken":0,"max_hp_gain":0,"max_hp_loss":0,"event_name":"Accursed Blacksmith","floor":19,"gold_loss":0},{"cards_removed":["RobotSpaceExplorer:Strike"],"damage_healed":0,"gold_gain":0,"player_choice":"Purged","damage_taken":0,"max_hp_gain":0,"max_hp_loss":0,"event_name":"Purifier","floor":21,"gold_loss":0},{"damage_healed":0,"gold_gain":3,"player_choice":"2","damage_taken":0,"max_hp_gain":0,"max_hp_loss":16,"event_name":"betterStone:BetterStone","floor":39,"gold_loss":0},{"damage_healed":0,"gold_gain":0,"player_choice":"Fight","damage_taken":0,"max_hp_gain":0,"max_hp_loss":0,"event_name":"Mysterious Sphere","floor":50,"gold_loss":0}],"is_beta":false,"boss_relics":[{"not_picked":["Busted Crown","infinitespire:Cupcake"],"picked":"Fusion Hammer"},{"not_picked":["hubris:ScarierMask","Replay:Ancient Bell"],"picked":"Ring of Chaos"}],"items_purged_floors":[],"is_endless":false,"potions_floor_spawned":[3,6,7,16,20,25,35,42,44,50],"ascension_level":0}}