{"host":"1tkoe3l8wf0xx8if","time":1609772308,"event":{"mods":["AchievementEnabler","BaseMod","Colored Map","Minty Spire (QoL Compilation)","Quick Restart","StSLib","SuperFastMode"],"gold_per_floor":[113,125,50,61,80,80,115,115,164,114,125,143,143,143,143,246,246,262,262,262,64,74,74,102,117,117,117,132,157,82,82,82],"floor_reached":31,"playtime":730,"items_purged":["Strike_B","Recycle"],"score":358,"play_id":"ff71a226-44d1-496e-ac70-f98ebc90d312","local_time":"20210104235828","is_ascension_mode":true,"campfire_choices":[{"data":"Zap","floor":6.0,"key":"SMITH"},{"data":"Beam Cell","floor":8.0,"key":"SMITH"},{"data":"Gash","floor":13.0,"key":"SMITH"},{"data":"Go for the Eyes","floor":15.0,"key":"SMITH"},{"data":"RitualDagger","floor":23.0,"key":"SMITH"},{"floor":27.0,"key":"REST"}],"circlet_count":0,"master_deck":["Zap+1","Dualcast","Gash+1","Conserve Battery","Gash","Beam Cell+1","Go for the Eyes+1","Gash","All For One","Conserve Battery","Leap","Electrodynamics","RitualDagger+1","Hologram+1","Hologram"],"relics":["Cracked Core","NeowsBlessing","Eternal Feather","Toy Ornithopter","Pandora\u0027s Box","Membership Card","DataDisk","HornCleat","Bottled Tornado"],"acts_visited":["Exordium","TheCity"],"potions_floor_usage":[],"damage_taken":[{"damage":0.0,"enemies":"Cultist","floor":1.0,"turns":1.0},{"damage":0.0,"enemies":"Jaw Worm","floor":2.0,"turns":1.0},{"damage":0.0,"enemies":"2 Louse","floor":4.0,"turns":1.0},{"damage":0.0,"enemies":"Large Slime","floor":5.0,"turns":5.0},{"damage":41.0,"enemies":"Gremlin Nob","floor":7.0,"turns":5.0},{"damage":0.0,"enemies":"2 Fungi Beasts","floor":11.0,"turns":3.0},{"damage":9.0,"enemies":"Exordium Wildlife","floor":12.0,"turns":3.0},{"damage":13.0,"enemies":"The Guardian","floor":16.0,"turns":7.0},{"damage":15.0,"enemies":"2 Thieves","floor":18.0,"turns":2.0},{"damage":6.0,"enemies":"3 Byrds","floor":22.0,"turns":2.0},{"damage":9.0,"enemies":"Book of Stabbing","floor":24.0,"turns":3.0},{"damage":29.0,"enemies":"Sentry and Sphere","floor":25.0,"turns":4.0},{"damage":9,"enemies":"Chosen and Byrds","floor":28,"turns":3},{"damage":17,"enemies":"Gremlin Leader","floor":29,"turns":4},{"damage":16,"enemies":"Centurion and Healer","floor":31,"turns":1}],"seed_played":"-1167773842404624959","potions_obtained":[{"floor":4.0,"key":"SpeedPotion"},{"floor":7.0,"key":"EssenceOfDarkness"},{"floor":16.0,"key":"Explosive Potion"},{"floor":25.0,"key":"Explosive Potion"}],"is_trial":false,"path_per_floor":["M","M","$","M","M","R","E","R","T","?","M","M","R","?","R","B",null,"M","?","?","$","M","R","E","M","T","R","M","E","?","M"],"character_chosen":"DEFECT","items_purchased":["Membership Card"],"campfire_rested":1,"item_purchase_floors":[21],"current_hp_per_floor":[68,68,68,68,68,68,27,33,33,33,33,24,30,23,29,21,62,52,52,46,46,40,49,40,11,11,42,33,16,16,0,0],"gold":82,"neow_bonus":"THREE_ENEMY_KILL","is_daily":false,"chose_seed":false,"campfire_upgraded":5,"win_rate":0.0,"timestamp":1609772308,"path_taken":["M","M","$","M","M","R","E","R","T","?","M","M","R","?","R","BOSS","M","?","?","$","M","R","E","M","T","R","M","E","?","M"],"items_purchased_type":["Relic"],"build_version":"2020-12-22","purchased_purges":2,"victory":false,"max_hp_per_floor":[75,75,75,75,75,75,75,75,75,75,75,75,75,75,75,75,75,75,75,75,75,75,75,75,75,75,75,75,75,75,75,75],"card_choices":[{"not_picked":["Leap","Rebound"],"picked":"Gash","floor":1.0},{"not_picked":["Steam Power","Streamline"],"picked":"Conserve Battery","floor":2.0},{"not_picked":["Rebound","Buffer"],"picked":"Gash","floor":4.0},{"not_picked":["Tempest","Redo","Turbo"],"picked":"SKIP","floor":5.0},{"not_picked":["Consume","Steam"],"picked":"Beam Cell","floor":7.0},{"not_picked":["Cold Snap","Stack"],"picked":"Go for the Eyes","floor":11.0},{"not_picked":["Force Field","Hologram"],"picked":"Gash","floor":12.0},{"not_picked":["Buffer","Rainbow"],"picked":"All For One","floor":16.0},{"not_picked":["Streamline","Turbo","Ball Lightning+1"],"picked":"SKIP","floor":18.0},{"not_picked":["Reprogram","Hello World"],"picked":"Hologram+1","floor":22.0},{"not_picked":["Rebound","Redo"],"picked":"Hologram","floor":24.0},{"not_picked":["Turbo","Stack","Go for the Eyes"],"picked":"SKIP","floor":25.0},{"not_picked":["Force Field","Consume","Redo"],"picked":"SKIP","floor":28},{"not_picked":["Thunder Strike","Creative AI","Turbo"],"picked":"SKIP","floor":29}],"player_experience":328604,"relics_obtained":[{"floor":7.0,"key":"Eternal Feather"},{"floor":9.0,"key":"Toy Ornithopter"},{"floor":24.0,"key":"DataDisk"},{"floor":26.0,"key":"HornCleat"},{"floor":29,"key":"Bottled Tornado"}],"event_choices":[{"cards_removed":["Strike_B"],"damage_healed":0.0,"max_hp_gain":0.0,"max_hp_loss":0.0,"gold_gain":0.0,"event_name":"The Cleric","player_choice":"Card Removal","floor":10.0,"gold_loss":50.0,"damage_taken":0.0},{"cards_removed":["Strike_B"],"damage_healed":0.0,"max_hp_gain":0.0,"max_hp_loss":0.0,"gold_gain":0.0,"event_name":"Golden Wing","player_choice":"Card Removal","floor":14.0,"gold_loss":0.0,"damage_taken":7.0},{"damage_healed":0.0,"max_hp_gain":0.0,"max_hp_loss":0.0,"gold_gain":0.0,"event_name":"Cursed Tome","player_choice":"Ignored","floor":19.0,"gold_loss":0.0,"damage_taken":0.0},{"damage_healed":0.0,"max_hp_gain":0.0,"max_hp_loss":0.0,"gold_gain":0.0,"event_name":"Nest","player_choice":"Joined the Cult","floor":20.0,"gold_loss":0.0,"damage_taken":6.0,"cards_obtained":["RitualDagger"]},{"cards_removed":["Beam Cell"],"damage_healed":0,"gold_gain":0,"player_choice":"Gave Gold","damage_taken":0,"max_hp_gain":0,"max_hp_loss":0,"event_name":"Beggar","floor":30,"gold_loss":75}],"is_beta":false,"boss_relics":[{"not_picked":["FrozenCore","Velvet Choker"],"picked":"Pandora\u0027s Box"}],"items_purged_floors":[3,21],"is_endless":false,"potions_floor_spawned":[4,7,16,25],"killed_by":"Centurion and Healer","ascension_level":6}}