{"host":"e1gibo0yuvs2h8od","time":1609785423,"event":{"mods":["2.2 Compatiblity","Abigail Mod","Act Like it!","BaseMod","Block Reminder","DNKmod","DeckTracker","Friendly Minions","KinomotoSakuraMod(????)","Marisa????????","Minty Spire (QoL Compilation)","Pale of the Ancients","Prisma Mod","Quick Restart","Reimu??????","Remove Card Discount Mod","StSLib","The Disciple","The Jungle","The Senshi","The Servant 0.9.4","TheFirefly","Wandering Minibosses"],"gold_per_floor":[1018,678,691,709,726,758,758,465,519,519,534,546,546,580,580,684,684,700,94,114,73,73,106,106,119,119,144,157,168,70,99,99,202,202,222,238,251,261,261,261,31,64,133,133,148,159,189,205,205,205,205,205,19,45,45,45],"floor_reached":55,"playtime":5324,"items_purged":["Strike_B","Strike_B","Defend_B","Strike_B","Strike_B","Defend_B","Defend_B"],"score":926,"play_id":"c4ab7f9c-049c-4b20-a3e9-8ea90724ffcb","local_time":"20210104183703","is_ascension_mode":false,"campfire_choices":[{"floor":7,"key":"RECALL"},{"data":"Zap","floor":10,"key":"SMITH"},{"data":"Redo","floor":13,"key":"SMITH"},{"data":"Defragment","floor":15,"key":"SMITH"},{"floor":24,"key":"REST"},{"floor":32,"key":"REST"}],"circlet_count":0,"master_deck":["Zap+1","Dualcast","Loop","Genetic Algorithm","Self Repair","Redo+1","Doom and Gloom","Redo","Capacitor","Defragment+1","Electrodynamics","Auto Shields","Multi-Cast","Tempest","Leap","Good Instincts","Consume+1","Defragment","Lockon+1","Good Instincts","Genetic Algorithm","White Noise+1","Leap+1","Apotheosis"],"relics":["Cracked Core","Boot","Molten Egg 2","Anchor","Lee\u0027s Waffle","Vajra","Ancient Tea Set","Fusion Hammer","Orichalcum","DataDisk","Runic Capacitor","PreservedInsect","Potion Belt","RuthlessExorcism:ReiMu","Coffee Dripper","DollysMirror","HornCleat","Kunai","Letter Opener","Centennial Puzzle"],"acts_visited":["Exordium","TheCity","TheBeyond","TheEnding"],"potions_floor_usage":[55,55,55],"damage_taken":[{"damage":6,"enemies":"2 Louse","floor":1,"turns":2},{"damage":6,"enemies":"Cultist","floor":3,"turns":3},{"damage":0,"enemies":"Small Slimes","floor":4,"turns":3},{"damage":8,"enemies":"2 Fungi Beasts","floor":5,"turns":3},{"damage":38,"enemies":"Gremlin Nob","floor":6,"turns":4},{"damage":1,"enemies":"Looter","floor":11,"turns":3},{"damage":0,"enemies":"3 Louse","floor":12,"turns":3},{"damage":23,"enemies":"Lagavulin","floor":14,"turns":5},{"damage":0,"enemies":"Slime Boss","floor":16,"turns":6},{"damage":10,"enemies":"Chosen","floor":18,"turns":4},{"damage":15,"enemies":"Shell Parasite","floor":20,"turns":4},{"damage":14,"enemies":"Book of Stabbing","floor":23,"turns":4},{"damage":11,"enemies":"Centurion and Healer","floor":25,"turns":3},{"damage":0,"enemies":"Gremlin Leader","floor":27,"turns":3},{"damage":0,"enemies":"Cultist and Chosen","floor":28,"turns":3},{"damage":0,"enemies":"Snake Plant","floor":29,"turns":3},{"damage":24,"enemies":"Slavers","floor":31,"turns":3},{"damage":55,"enemies":"Automaton","floor":33,"turns":8},{"damage":6,"enemies":"3 Shapes","floor":35,"turns":3},{"damage":0,"enemies":"3 Darklings","floor":36,"turns":2},{"damage":24,"enemies":"Sphere and 2 Shapes","floor":37,"turns":4},{"damage":19,"enemies":"Maw","floor":38,"turns":5},{"damage":0,"enemies":"Reptomancer","floor":42,"turns":3},{"damage":0,"enemies":"Spire Growth","floor":45,"turns":4},{"damage":3,"enemies":"Sphere and 2 Shapes","floor":46,"turns":5},{"damage":0,"enemies":"Giant Head","floor":47,"turns":6},{"damage":8,"enemies":"4 Shapes","floor":48,"turns":2},{"damage":44,"enemies":"Time Eater","floor":50,"turns":8},{"damage":18,"enemies":"Shield and Spear","floor":54,"turns":2},{"damage":118,"enemies":"The Heart","floor":55,"turns":5}],"seed_played":"-2956920311333535689","potions_obtained":[{"floor":6,"key":"EssenceOfSteel"},{"floor":11,"key":"EssenceOfDarkness"},{"floor":31,"key":"BlessingOfTheForge"},{"floor":37,"key":"DistilledChaos"}],"is_trial":false,"path_per_floor":["M","$","M","M","M","E","R","$","T","R","M","M","R","E","R","B",null,"M","$","M","$","?","E","R","M","T","E","M","M","$","E","R","B",null,"M","M","M","M","$","R","$","E","T","R","M","M","E","M","R","B",null,"R","$","E","B"],"character_chosen":"DEFECT","items_purchased":["Genetic Algorithm","Self Repair","Redo","Boot","Anchor","Lee\u0027s Waffle","Orichalcum","DataDisk","Runic Capacitor","Multi-Cast","Tempest","Good Instincts","Good Instincts","DollysMirror","Apotheosis"],"campfire_rested":2,"item_purchase_floors":[2,2,2,2,8,8,19,19,19,19,21,30,41,41,53],"current_hp_per_floor":[94,94,95,100,99,68,68,107,107,107,106,106,106,90,90,90,107,104,104,96,96,107,100,107,103,103,103,107,107,107,90,107,52,107,107,107,90,78,78,78,78,85,85,85,92,96,103,95,95,51,107,107,107,89,0,0],"gold":45,"neow_bonus":"REMOVE_CARD","is_daily":false,"chose_seed":false,"campfire_upgraded":3,"win_rate":0.0,"timestamp":1609785423,"path_taken":["M","$","M","M","M","E","R","$","T","R","M","M","R","E","R","BOSS","M","$","M","$","?","E","R","M","T","E","M","M","$","E","R","BOSS","M","M","M","M","?","R","$","E","T","R","M","?","E","M","R","BOSS","R","$","E","BOSS"],"items_purchased_type":["Card","Card","Card","Relic","Relic","Relic","Relic","Relic","Relic","Card","Card","Card","Card","Relic","Card"],"build_version":"2020-12-22","purchased_purges":7,"victory":false,"max_hp_per_floor":[100,100,100,100,100,100,100,107,107,107,107,107,107,107,107,107,107,107,107,107,107,107,107,107,107,107,107,107,107,107,107,107,107,107,107,107,107,107,107,107,107,107,107,107,107,107,107,107,107,107,107,107,107,107,107,107],"card_choices":[{"not_picked":["Hologram","Streamline"],"picked":"Loop","floor":1},{"not_picked":["Chaos","Streamline"],"picked":"Doom and Gloom","floor":3},{"not_picked":["Sweeping Beam","Go for the Eyes"],"picked":"Redo","floor":4},{"not_picked":["Reboot","Reinforced Body"],"picked":"Capacitor","floor":5},{"not_picked":["Turbo","Chill","Compile Driver+1"],"picked":"SKIP","floor":6},{"not_picked":["Stack","Recycle"],"picked":"Capacitor","floor":11},{"not_picked":["Heatsinks","Stack","Hologram"],"picked":"SKIP","floor":12},{"not_picked":["Hyperbeam+1","Self Repair"],"picked":"Defragment","floor":14},{"not_picked":["All For One+1","Creative AI"],"picked":"Electrodynamics","floor":16},{"not_picked":["Self Repair","Ball Lightning+1"],"picked":"Auto Shields","floor":18},{"not_picked":["Sunder+1","Go for the Eyes+1","Cold Snap+1"],"picked":"SKIP","floor":20},{"not_picked":["Skim","Ball Lightning+1","Coolheaded"],"picked":"SKIP","floor":23},{"not_picked":["Sunder+1","Beam Cell+1","Coolheaded"],"picked":"SKIP","floor":25},{"not_picked":["Machine Learning","Cold Snap+1"],"picked":"Leap","floor":27},{"not_picked":["Conserve Battery","Capacitor","Stack"],"picked":"SKIP","floor":28},{"not_picked":["Gash+1","Go for the Eyes+1","Loop"],"picked":"SKIP","floor":29},{"not_picked":["Conserve Battery","Hologram","Gash+1"],"picked":"SKIP","floor":31},{"not_picked":["Gash+1","Beam Cell+1","Conserve Battery"],"picked":"SKIP","floor":35},{"not_picked":["Hologram+1","Go for the Eyes+1"],"picked":"Consume+1","floor":36},{"not_picked":["Conserve Battery+1","Chill"],"picked":"Defragment","floor":37},{"not_picked":["Force Field","Cold Snap+1"],"picked":"Lockon+1","floor":38},{"not_picked":["Steam","Barrage+1","Cold Snap+1"],"picked":"SKIP","floor":42},{"not_picked":["Melter+1","Meteor Strike+1","Steam+1"],"picked":"SKIP","floor":45},{"not_picked":["Chill+1","Hologram+1"],"picked":"White Noise+1","floor":46},{"not_picked":["Rebound+1","Sweeping Beam+1","Redo+1"],"picked":"SKIP","floor":47},{"not_picked":["Skim+1","Cold Snap+1"],"picked":"Leap+1","floor":48},{"not_picked":["Beam Cell+1","Core Surge+1","Auto Shields"],"picked":"SKIP","floor":54}],"player_experience":943077,"relics_obtained":[{"floor":6,"key":"Molten Egg 2"},{"floor":9,"key":"Vajra"},{"floor":14,"key":"Ancient Tea Set"},{"floor":23,"key":"PreservedInsect"},{"floor":27,"key":"Potion Belt"},{"floor":31,"key":"RuthlessExorcism:ReiMu"},{"floor":42,"key":"HornCleat"},{"floor":43,"key":"Kunai"},{"floor":47,"key":"Letter Opener"},{"floor":54,"key":"Centennial Puzzle"}],"event_choices":[{"cards_removed":["Capacitor"],"damage_healed":11,"gold_gain":0,"player_choice":"Offered Uncommon","damage_taken":0,"max_hp_gain":0,"max_hp_loss":0,"event_name":"Bonfire Elementals","floor":22,"gold_loss":0}],"is_beta":false,"boss_relics":[{"not_picked":["Snecko Eye","Empty Cage"],"picked":"Fusion Hammer"},{"not_picked":["Inserter","SlaversCollar"],"picked":"Coffee Dripper"}],"items_purged_floors":[2,2,2,2,8,30,30],"is_endless":false,"potions_floor_spawned":[3,6,11,12,20,25,29,31,37,38,42,48,54],"killed_by":"The Heart","ascension_level":0}}