{"host":"mcdusr64esz012l0","time":1609751786,"event":{"mods":["BaseMod","Minty Spire (QoL Compilation)","Relic Stats"],"gold_per_floor":[118,138,138,27,27,27,47,71,71,102,102,137,160,181,181,275,275,285,285,200,215,235,235,81,81,81],"floor_reached":25,"playtime":673,"items_purged":["Strike_P"],"score":576,"play_id":"ce2f8797-cb13-4a26-a1f7-9588888c9cdc","local_time":"20210104041626","is_ascension_mode":true,"campfire_choices":[{"data":"Conclude","floor":6,"key":"SMITH"},{"floor":15,"key":"REST"},{"floor":23,"key":"REST"}],"circlet_count":0,"master_deck":["AscendersBane","Strike_P","Strike_P","Defend_P","Defend_P","Defend_P","Eruption","Vigilance","SashWhip","Conclude+1","CutThroughFate","Consecrate","ThirdEye","CrushJoints","Wish","ClearTheMind+1","TalkToTheHand","MentalFortress"],"relics":["Empty Cage","Golden Idol","White Beast Statue","TeardropLocket","Bag of Marbles","SlaversCollar","MutagenicStrength","Pantograph"],"acts_visited":["Exordium","TheCity"],"potions_floor_usage":[10,13,16,22,25],"damage_taken":[{"damage":4,"enemies":"Jaw Worm","floor":1,"turns":7},{"damage":0,"enemies":"2 Louse","floor":2,"turns":2},{"damage":6,"enemies":"Small Slimes","floor":7,"turns":2},{"damage":0,"enemies":"2 Fungi Beasts","floor":8,"turns":1},{"damage":0,"enemies":"3 Sentries","floor":10,"turns":2},{"damage":16,"enemies":"Gremlin Nob","floor":12,"turns":3},{"damage":10,"enemies":"Gremlin Gang","floor":13,"turns":2},{"damage":3,"enemies":"Looter","floor":14,"turns":2},{"damage":0,"enemies":"Slime Boss","floor":16,"turns":3},{"damage":19,"enemies":"2 Thieves","floor":18,"turns":4},{"damage":0,"enemies":"Chosen","floor":21,"turns":1},{"damage":28,"enemies":"Snecko","floor":22,"turns":5},{"damage":29,"enemies":"Book of Stabbing","floor":25,"turns":3}],"seed_played":"-7566493158100396441","potions_obtained":[{"floor":7,"key":"Explosive Potion"},{"floor":10,"key":"LiquidBronze"},{"floor":12,"key":"LiquidBronze"},{"floor":13,"key":"SneckoOil"},{"floor":14,"key":"Swift Potion"},{"floor":16,"key":"DuplicationPotion"},{"floor":22,"key":"Fire Potion"}],"is_trial":false,"path_per_floor":["M","M","?","$","?","R","M","M","T","E","?","E","M","M","R","B",null,"M","?","?","M","M","R","$","E"],"character_chosen":"WATCHER","items_purchased":["Conclude","CutThroughFate","MentalFortress"],"campfire_rested":2,"item_purchase_floors":[4,4,24],"current_hp_per_floor":[57,57,62,62,62,62,56,56,56,56,56,40,30,27,46,46,61,42,42,42,42,14,33,33,4,4],"gold":81,"neow_bonus":"BOSS_RELIC","is_daily":false,"chose_seed":false,"campfire_upgraded":1,"win_rate":0.0,"timestamp":1609751786,"path_taken":["M","M","?","$","?","R","M","M","T","E","?","E","M","M","R","BOSS","M","?","?","M","M","R","$","E"],"items_purchased_type":["Card","Card","Card"],"build_version":"2020-12-22","purchased_purges":1,"victory":false,"max_hp_per_floor":[68,68,73,73,66,66,66,66,66,66,66,66,66,66,66,66,66,66,66,66,66,66,66,66,66,66],"relic_stats":{"counters":[13,37],"Golden Idol":62,"Pantograph":0,"obtain_stats":[{"SlaversCollar":17,"Golden Idol":5,"MutagenicStrength":19,"Pantograph":20,"Bag of Marbles":12,"TeardropLocket":10,"PureWater":0,"Empty Cage":0,"White Beast Statue":9},{"SlaversCollar":9,"Golden Idol":2,"MutagenicStrength":10,"Pantograph":10,"Bag of Marbles":6,"TeardropLocket":5,"PureWater":0,"Empty Cage":0,"White Beast Statue":4},{"SlaversCollar":24,"Golden Idol":9,"MutagenicStrength":28,"Pantograph":28,"Bag of Marbles":17,"TeardropLocket":14,"PureWater":0,"Empty Cage":0,"White Beast Statue":12}]},"card_choices":[{"not_picked":["ThirdEye","JustLucky"],"picked":"SashWhip","floor":1},{"not_picked":["Pray","WaveOfTheHand","Halt"],"picked":"SKIP","floor":2},{"not_picked":["ThirdEye","Evaluate"],"picked":"Consecrate","floor":7},{"not_picked":["EmptyBody","ConjureBlade","BattleHymn"],"picked":"SKIP","floor":8},{"not_picked":["JustLucky","PathToVictory","Consecrate"],"picked":"SKIP","floor":10},{"not_picked":["Study","PathToVictory"],"picked":"ThirdEye","floor":12},{"not_picked":["FlyingSleeves","Crescendo"],"picked":"CrushJoints","floor":13},{"not_picked":["Study","WaveOfTheHand","Prostrate"],"picked":"SKIP","floor":14},{"not_picked":["Devotion","Alpha"],"picked":"Wish","floor":16},{"not_picked":["Crescendo","Evaluate"],"picked":"ClearTheMind+1","floor":18},{"not_picked":["Crescendo","Prostrate","CrushJoints"],"picked":"SKIP","floor":21},{"not_picked":["EmptyFist","BowlingBash"],"picked":"TalkToTheHand","floor":22}],"player_experience":1037655,"relics_obtained":[{"floor":9,"key":"White Beast Statue"},{"floor":10,"key":"TeardropLocket"},{"floor":12,"key":"Bag of Marbles"}],"event_choices":[{"damage_healed":0,"gold_gain":0,"player_choice":"Donut","damage_taken":0,"max_hp_gain":5,"max_hp_loss":0,"event_name":"Big Fish","floor":3,"gold_loss":0},{"damage_healed":0,"gold_gain":0,"player_choice":"Lose Max HP","damage_taken":0,"relics_obtained":["Golden Idol"],"max_hp_gain":0,"max_hp_loss":7,"event_name":"Golden Idol","floor":5,"gold_loss":0},{"damage_healed":0,"gold_gain":0,"player_choice":"Ignored","damage_taken":0,"max_hp_gain":0,"max_hp_loss":0,"event_name":"Liars Game","floor":11,"gold_loss":0},{"damage_healed":0,"gold_gain":0,"player_choice":"Inject Mutagens","damage_taken":0,"relics_obtained":["MutagenicStrength"],"max_hp_gain":0,"max_hp_loss":0,"event_name":"Drug Dealer","floor":19,"gold_loss":0},{"damage_healed":0,"gold_gain":0,"player_choice":"Obtained Relic","damage_taken":0,"relics_obtained":["Pantograph"],"max_hp_gain":0,"max_hp_loss":0,"event_name":"Addict","floor":20,"gold_loss":85}],"is_beta":false,"boss_relics":[{"not_picked":["Snecko Eye","Pandora\u0027s Box"],"picked":"SlaversCollar"}],"items_purged_floors":[24],"is_endless":false,"potions_floor_spawned":[7,10,12,13,14,16,18,21,22],"killed_by":"Book of Stabbing","ascension_level":20}}