{"host":"dmdprxj8bosbz96f","time":1609787663,"event":{"mods":["AchievementEnabler","BaseMod","Colored Map","DeckTracker","Minty Spire (QoL Compilation)","Quick Restart","SuperFastMode","everything is the same but u backflip on backflip"],"gold_per_floor":[118,135,60,10,29,59,76,76,76,89,89,89,164,164,164,261,261,281,136,151,164,181,181,17,17,90,90,125,137,137,137,137,232,232,250,250,250,300,300,300],"floor_reached":39,"playtime":2185,"items_purged":["Defend_R","Parasite","Strike_R"],"score":439,"play_id":"26aa8716-89b6-40a8-9470-cc523f61436a","local_time":"20210105041423","is_ascension_mode":true,"campfire_choices":[{"data":"Combust","floor":8.0,"key":"SMITH"},{"floor":12.0,"key":"REST"},{"data":"Heavy Blade","floor":15.0,"key":"SMITH"},{"floor":25.0,"key":"REST"},{"floor":27.0,"key":"REST"},{"floor":30.0,"key":"REST"},{"floor":32.0,"key":"REST"}],"circlet_count":0,"master_deck":["Strike_R","Strike_R","Bash","Inflame","Wild Strike","Combust+1","Cleave","Brutality","Shrug It Off","Flex","Shrug It Off+1","Hemokinesis","Inflame","Pommel Strike+1","Writhe","Double Tap"],"relics":["Burning Blood","Boot","Mummified Hand","Runic Cube","Self Forming Clay","Torii","Frozen Egg 2","Empty Cage","Magic Flower"],"acts_visited":["Exordium","TheCity","TheBeyond"],"potions_floor_usage":[33,33,37,37,39],"damage_taken":[{"damage":7.0,"enemies":"2 Louse","floor":1.0,"turns":3.0},{"damage":0.0,"enemies":"Small Slimes","floor":2.0,"turns":3.0},{"damage":12.0,"enemies":"Jaw Worm","floor":5.0,"turns":2.0},{"damage":20.0,"enemies":"Gremlin Nob","floor":6.0,"turns":4.0},{"damage":0.0,"enemies":"3 Louse","floor":7.0,"turns":1.0},{"damage":25.0,"enemies":"Large Slime","floor":10.0,"turns":3.0},{"damage":46.0,"enemies":"Slime Boss","floor":16.0,"turns":5.0},{"damage":34.0,"enemies":"3 Byrds","floor":18.0,"turns":3.0},{"damage":5.0,"enemies":"Chosen","floor":20.0,"turns":2.0},{"damage":27.0,"enemies":"3 Cultists","floor":21.0,"turns":4.0},{"damage":10.0,"enemies":"Snecko","floor":22.0,"turns":3.0},{"damage":43.0,"enemies":"Gremlin Leader","floor":28.0,"turns":5.0},{"damage":20.0,"enemies":"Cultist and Chosen","floor":29.0,"turns":4.0},{"damage":40,"enemies":"Collector","floor":33,"turns":6},{"damage":38,"enemies":"3 Shapes","floor":35,"turns":3},{"damage":12,"enemies":"3 Darklings","floor":37,"turns":2},{"damage":27,"enemies":"Mind Bloom Boss Battle","floor":38,"turns":6},{"damage":29,"enemies":"Writhing Mass","floor":39,"turns":2}],"seed_played":"5929733500037916787","potions_obtained":[{"floor":1.0,"key":"SteroidPotion"},{"floor":5.0,"key":"Explosive Potion"},{"floor":6.0,"key":"Dexterity Potion"},{"floor":16.0,"key":"DuplicationPotion"},{"floor":18.0,"key":"CultistPotion"},{"floor":22.0,"key":"SmokeBomb"},{"floor":28.0,"key":"EssenceOfSteel"},{"floor":35,"key":"BloodPotion"},{"floor":38,"key":"FearPotion"}],"is_trial":false,"path_per_floor":["M","M","$","?","M","E","M","R","T","M","?","R","?","?","R","B",null,"M","$","M","M","M","?","$","R","T","R","E","M","R","?","R","B",null,"M","?","M","?","M"],"character_chosen":"IRONCLAD","items_purchased":["Flex","Inflame"],"campfire_rested":5,"item_purchase_floors":[19,24],"current_hp_per_floor":[71,72,72,72,66,52,58,58,58,39,39,60,49,67,67,27,72,44,44,45,24,20,20,20,40,40,60,23,9,29,29,49,15,69,37,37,44,23,0,0],"gold":300,"neow_bonus":"REMOVE_TWO","is_daily":false,"chose_seed":false,"campfire_upgraded":2,"win_rate":0.0,"timestamp":1609787663,"path_taken":["M","M","$","?","M","E","M","R","T","M","?","R","?","?","R","BOSS","M","$","M","M","M","?","$","R","T","R","E","M","R","?","R","BOSS","M","?","M","?","M"],"items_purchased_type":["Card","Card"],"build_version":"2020-12-22","purchased_purges":3,"victory":false,"max_hp_per_floor":[72,72,72,72,72,72,72,72,72,72,72,72,72,72,72,72,72,72,69,69,69,69,69,69,69,69,69,69,69,69,69,69,69,69,69,69,69,69,69,69],"card_choices":[{"not_picked":["Uppercut","Cleave"],"picked":"Inflame","floor":1.0},{"not_picked":["Second Wind","Body Slam"],"picked":"Wild Strike","floor":2.0},{"not_picked":["Second Wind","Dual Wield"],"picked":"Heavy Blade","floor":5.0},{"not_picked":["Sword Boomerang","Carnage"],"picked":"Combust","floor":6.0},{"not_picked":["Dropkick","Twin Strike"],"picked":"Cleave","floor":7.0},{"not_picked":["Blood for Blood","Sever Soul","Second Wind"],"picked":"SKIP","floor":10.0},{"not_picked":["Barricade","Fiend Fire"],"picked":"Brutality","floor":16.0},{"not_picked":["Burning Pact+1","Fire Breathing"],"picked":"Shrug It Off","floor":18.0},{"not_picked":["Sever Soul","Iron Wave","Evolve"],"picked":"SKIP","floor":20.0},{"not_picked":["Power Through","Cleave","Twin Strike+1"],"picked":"SKIP","floor":21.0},{"not_picked":["Thunderclap","True Grit"],"picked":"Shrug It Off+1","floor":22.0},{"not_picked":["Barricade","Iron Wave"],"picked":"Pommel Strike+1","floor":28.0},{"not_picked":["Reckless Charge+1","Armaments","Anger"],"picked":"SKIP","floor":29.0},{"not_picked":["Berserk+1","Corruption+1"],"picked":"Double Tap","floor":33},{"not_picked":["Cleave+1","Ghostly Armor","Sword Boomerang"],"picked":"SKIP","floor":35}],"player_experience":130031,"relics_obtained":[{"floor":6.0,"key":"Boot"},{"floor":9.0,"key":"Mummified Hand"},{"floor":26.0,"key":"Self Forming Clay"},{"floor":28.0,"key":"Torii"},{"floor":38,"key":"Magic Flower"}],"event_choices":[{"cards_removed":["Defend_R"],"damage_healed":0.0,"max_hp_gain":0.0,"max_hp_loss":0.0,"gold_gain":0.0,"event_name":"The Cleric","player_choice":"Card Removal","floor":4.0,"gold_loss":50.0,"damage_taken":0.0},{"damage_healed":0.0,"max_hp_gain":0.0,"max_hp_loss":0.0,"gold_gain":0.0,"event_name":"Dead Adventurer","player_choice":"Searched \u00271\u0027 times","floor":11.0,"gold_loss":0.0,"damage_taken":0.0},{"damage_healed":0.0,"max_hp_gain":0.0,"max_hp_loss":0.0,"gold_gain":75.0,"event_name":"World of Goop","player_choice":"Gather Gold","floor":13.0,"gold_loss":0.0,"damage_taken":11.0},{"damage_healed":18.0,"max_hp_gain":0.0,"max_hp_loss":0.0,"gold_gain":0.0,"event_name":"Mushrooms","player_choice":"Healed and dodged fight","floor":14.0,"gold_loss":0.0,"damage_taken":0.0,"cards_obtained":["Parasite"]},{"damage_healed":0.0,"max_hp_gain":0.0,"max_hp_loss":0.0,"gold_gain":0.0,"event_name":"The Library","player_choice":"Read","floor":23.0,"gold_loss":0.0,"damage_taken":0.0,"cards_obtained":["Hemokinesis"]},{"damage_healed":0.0,"max_hp_gain":0.0,"max_hp_loss":0.0,"gold_gain":0.0,"event_name":"The Mausoleum","player_choice":"Opened","floor":31.0,"gold_loss":0.0,"damage_taken":0.0,"relics_obtained":["Frozen Egg 2"],"cards_obtained":["Writhe"]},{"cards_removed":["Heavy Blade"],"damage_healed":0,"gold_gain":0,"player_choice":"Removed Attack","damage_taken":0,"max_hp_gain":0,"max_hp_loss":0,"event_name":"Falling","floor":36,"gold_loss":0},{"damage_healed":0,"gold_gain":0,"player_choice":"Fight","damage_taken":0,"max_hp_gain":0,"max_hp_loss":0,"event_name":"MindBloom","floor":38,"gold_loss":0}],"is_beta":false,"boss_relics":[{"not_picked":["Tiny House","Astrolabe"],"picked":"Runic Cube"},{"not_picked":["Runic Pyramid","Busted Crown"],"picked":"Empty Cage"}],"items_purged_floors":[3,19,24],"is_endless":false,"potions_floor_spawned":[1,5,6,16,18,22,28,35,38],"killed_by":"Writhing Mass","ascension_level":2}}