{"host":"g01l53quoe6lrer0","time":1609757596,"event":{"mods":["2.2 Compatiblity","AchievementEnabler","BaseMod","Colored Map","Highlight Path","Keyboard Shortcuts","Minty Spire (QoL Compilation)","Permanent Neow","Quick Restart","StSLib","SuperFastMode","everything is the same but u backflip on backflip"],"gold_per_floor":[118,193,206,131,142,142,161,178,201,214,224,237,237,67,67,162,162,180,195,214,234,234,234],"floor_reached":22,"playtime":1140,"items_purged":["Defend_P","Strike_P"],"score":202,"play_id":"3d88b052-dbf4-42f7-bc8c-f807d9b95811","local_time":"20210104195316","is_ascension_mode":true,"campfire_choices":[{"data":"Eruption","floor":6,"key":"SMITH"},{"floor":13,"key":"REST"},{"data":"MentalFortress","floor":15,"key":"SMITH"}],"circlet_count":0,"master_deck":["Strike_P","Strike_P","Strike_P","Defend_P","Defend_P","Eruption+1","Vigilance","DeceiveReality","FearNoEvil","FlurryOfBlows","MentalFortress+1"],"relics":["PureWater","Orichalcum","Sozu"],"acts_visited":["Exordium","TheCity"],"potions_floor_usage":[19,22,22],"damage_taken":[{"damage":0.0,"enemies":"2 Louse","floor":1.0,"turns":1.0},{"damage":0.0,"enemies":"Cultist","floor":3.0,"turns":3.0},{"damage":12,"enemies":"Jaw Worm","floor":5,"turns":2},{"damage":10,"enemies":"Looter","floor":7,"turns":4},{"damage":2,"enemies":"Red Slaver","floor":8,"turns":3},{"damage":0,"enemies":"2 Fungi Beasts","floor":10,"turns":3},{"damage":0,"enemies":"3 Louse","floor":11,"turns":2},{"damage":19,"enemies":"Lots of Slimes","floor":12,"turns":6},{"damage":19,"enemies":"Slime Boss","floor":16,"turns":8},{"damage":13,"enemies":"Spheric Guardian","floor":18,"turns":4},{"damage":5,"enemies":"Shell Parasite","floor":19,"turns":3},{"damage":6,"enemies":"Chosen and Byrds","floor":20,"turns":7},{"damage":44,"enemies":"Centurion and Healer","floor":21,"turns":6},{"damage":5,"enemies":"Snake Plant","floor":22,"turns":3}],"seed_played":"3649158214109544343","potions_obtained":[{"floor":1.0,"key":"Swift Potion"},{"floor":5,"key":"Weak Potion"},{"floor":8,"key":"Strength Potion"},{"floor":10,"key":"EntropicBrew"}],"is_trial":false,"path_per_floor":["M","?","M","$","M","R","M","M","T","M","M","M","R","$","R","B",null,"M","M","M","M","M"],"character_chosen":"WATCHER","items_purchased":["MentalFortress"],"campfire_rested":1,"item_purchase_floors":[14],"current_hp_per_floor":[72,65,65,65,53,53,43,41,41,41,41,22,43,43,43,24,72,59,54,48,4,0,0],"gold":234,"neow_bonus":"REMOVE_CARD","is_daily":false,"chose_seed":false,"campfire_upgraded":2,"win_rate":0.0,"timestamp":1609757596,"path_taken":["M","?","M","$","?","R","M","?","T","M","?","M","R","$","R","BOSS","M","M","?","M","M"],"items_purchased_type":["Card"],"build_version":"2020-12-22","purchased_purges":2,"victory":false,"max_hp_per_floor":[72,72,72,72,72,72,72,72,72,72,72,72,72,72,72,72,72,72,72,72,72,72,72],"card_choices":[{"not_picked":["Crescendo","SashWhip"],"picked":"DeceiveReality","floor":1.0},{"not_picked":["Prostrate","Meditate"],"picked":"FearNoEvil","floor":3.0},{"not_picked":["FlyingSleeves","SignatureMove","Nirvana"],"picked":"SKIP","floor":5},{"not_picked":["FollowUp","Halt"],"picked":"FlurryOfBlows","floor":7},{"not_picked":["ThirdEye","Wireheading","Study"],"picked":"SKIP","floor":8},{"not_picked":["ThirdEye","Wireheading","Study"],"picked":"SKIP","floor":8},{"not_picked":["EmptyMind","Prostrate","Tantrum"],"picked":"SKIP","floor":10},{"not_picked":["Consecrate","Weave","JustLucky"],"picked":"SKIP","floor":11},{"not_picked":["Consecrate","Weave","JustLucky"],"picked":"SKIP","floor":11},{"not_picked":["ThirdEye","Sanctity","LikeWater"],"picked":"SKIP","floor":12},{"not_picked":["ThirdEye","BowlingBash","TalkToTheHand+1"],"picked":"SKIP","floor":18},{"not_picked":["Indignation","ClearTheMind","Consecrate"],"picked":"SKIP","floor":19},{"not_picked":["CrushJoints","LikeWater","Fasting2+1"],"picked":"SKIP","floor":20},{"not_picked":["ForeignInfluence","CutThroughFate","WaveOfTheHand+1"],"picked":"SKIP","floor":21}],"player_experience":72563,"relics_obtained":[{"floor":9,"key":"Orichalcum"}],"event_choices":[{"damage_healed":0.0,"max_hp_gain":0.0,"max_hp_loss":0.0,"gold_gain":75.0,"event_name":"FaceTrader","player_choice":"Touch","floor":2.0,"gold_loss":0.0,"damage_taken":7.0}],"is_beta":false,"boss_relics":[{"not_picked":["Cursed Key","Busted Crown"],"picked":"Sozu"}],"items_purged_floors":[4,14],"is_endless":false,"potions_floor_spawned":[1,5,8,10,12,20,21],"killed_by":"Snake Plant","ascension_level":2}}