{"host":"7sy3dyg71hje4mzx","time":1609763624,"event":{"mods":["BaseMod","Downfall","Minty Spire (QoL Compilation)","StSLib"],"gold_per_floor":[99,110,122,122,132,150,150,166,197,213,213,243,243,243,258,354,354,354,371,72,72,5,37,61,72,72,472,472,572,572,0,15,117,117,117,152,152,152],"floor_reached":37,"playtime":4028,"items_purged":[],"score":487,"play_id":"c78506b3-1cd7-49d5-a82d-75be7229ce95","local_time":"20210104233344","is_ascension_mode":false,"campfire_choices":[{"data":"sneckomod:Unknown","floor":1,"key":"SMITH"},{"floor":11,"key":"REST"},{"floor":13,"key":"RECALL"},{"data":"sneckomod:MorePower","floor":18,"key":"SMITH"},{"floor":26,"key":"REST"},{"data":"sneckomod:UnknownRareAttack","floor":28,"key":"SMITH"},{"floor":30,"key":"REST"},{"data":"sneckomod:DefensiveFlair","floor":35,"key":"SMITH"}],"circlet_count":0,"master_deck":["sneckomod:TailWhip","sneckomod:SnekBite","sneckomod:Unknown+1","sneckomod:Unknown","sneckomod:QuickBite","sneckomod:SoulRoll","sneckomod:UnknownClassGUARDIAN","sneckomod:UnknownUncommonPower","sneckomod:CheapStock","sneckomod:UnknownUncommonAttack","sneckomod:Unknown1Cost","sneckomod:UnknownClassSLIMEBOUND","sneckomod:MorePower+1","sneckomod:UnknownColorless+1","sneckomod:DefensiveFlair+1","sneckomod:Unknown2Cost+1","sneckomod:DiceBlock","sneckomod:SlitherStrike+1","sneckomod:DiceBlock","Slimebound:LeechingTouch+1","sneckomod:UnknownX+1","sneckomod:DiceBlock","sneckomod:SoulRoll","sneckomod:UnknownUncommonPower+1","sneckomod:UnknownRareAttack+1","sneckomod:UnknownColorless+1","sneckomod:SlitherStrike","sneckomod:UnknownRarePower+1","sneckomod:SoulRoll+1","sneckomod:UnknownRareAttack","sneckomod:DiceBlock","sneckomod:DiceCrush","expansioncontent:ManipulateTime","sneckomod:CheapStock","sneckomod:UnknownColorless+1","sneckomod:DiceBlock","sneckomod:UnknownCommonAttack+1","sneckomod:SoulExchange","sneckomod:UnknownX","sneckomod:DiceCrush","sneckomod:UnknownExhaust","sneckomod:ImprovisedAttack","sneckomod:ImprovisedAttack","sneckomod:UnknownCommonSkill+1","sneckomod:SnakeSap+1"],"relics":["sneckomod:SneckoSoul","Meat on the Bone","Juzu Bracelet","Oddly Smooth Stone","Runic Pyramid","Shuriken","Calipers","Anchor","Old Coin","Mummified Hand","Chemical X","Whetstone","Pandora\u0027s Box"],"acts_visited":["Exordium","TheCity","TheBeyond"],"potions_floor_usage":[5,15,25,25,37],"damage_taken":[{"damage":2,"enemies":"Cultist","floor":2,"turns":2},{"damage":3,"enemies":"Jaw Worm","floor":3,"turns":2},{"damage":6,"enemies":"2 Louse","floor":5,"turns":3},{"damage":0,"enemies":"2 Fungi Beasts","floor":6,"turns":3},{"damage":21,"enemies":"Gremlin Gang","floor":8,"turns":6},{"damage":46,"enemies":"3 Sentries","floor":9,"turns":11},{"damage":17,"enemies":"Exordium Thugs","floor":10,"turns":4},{"damage":16,"enemies":"Exordium Wildlife","floor":15,"turns":6},{"damage":26,"enemies":"downfall:Silent","floor":16,"turns":6},{"damage":42,"enemies":"Spheric Guardian","floor":19,"turns":6},{"damage":0,"enemies":"downfall:FleeingMerchant","floor":20,"turns":4},{"damage":4,"enemies":"downfall:FleeingMerchant","floor":22,"turns":4},{"damage":46,"enemies":"Slavers","floor":23,"turns":6},{"damage":16,"enemies":"Chosen","floor":25,"turns":6},{"damage":38,"enemies":"downfall:Ironclad","floor":27,"turns":9},{"damage":15,"enemies":"downfall:FleeingMerchant","floor":31,"turns":4},{"damage":5,"enemies":"Snake Plant","floor":32,"turns":4},{"damage":29,"enemies":"downfall:Watcher","floor":33,"turns":17},{"damage":62,"enemies":"3 Shapes","floor":36,"turns":4},{"damage":90,"enemies":"2 Orb Walkers","floor":37,"turns":4}],"seed_played":"-188976137563797745","potions_obtained":[{"floor":5,"key":"Fruit Juice"},{"floor":8,"key":"SteroidPotion"},{"floor":10,"key":"DistilledChaos"},{"floor":16,"key":"sneckomod:DiceRollPotion"},{"floor":19,"key":"Ancient Potion"},{"floor":32,"key":"Fire Potion"},{"floor":33,"key":"Dexterity Potion"},{"floor":36,"key":"sneckomod:CheatPotion"}],"is_trial":false,"path_per_floor":["R","M","M","T","M","M","T","M","E","M","R","?","R","?","M","B",null,"R","M","$","?","$","E","T","M","R","?","R","?","R","$","M","B",null,"R","M","?"],"character_chosen":"THE_SNECKO","items_purchased":["Shuriken","sneckomod:SlitherStrike","sneckomod:SoulRoll","Chemical X","sneckomod:DiceBlock","sneckomod:DiceCrush","expansioncontent:ManipulateTime","Whetstone","sneckomod:CheapStock"],"campfire_rested":3,"item_purchase_floors":[20,20,22,31,31,31,31,31,31],"current_hp_per_floor":[99,97,94,94,98,99,99,78,45,41,73,73,73,73,58,44,109,109,68,69,69,66,42,42,42,77,52,52,52,87,88,84,68,124,124,75,0,0],"gold":152,"neow_bonus":"TEN_PERCENT_HP_BONUS","is_daily":false,"chose_seed":false,"campfire_upgraded":4,"win_rate":0.0,"timestamp":1609763624,"path_taken":["R","M","M","?","M","M","T","M","E","M","R","?","R","?","M","BOSS","R","M","$","?","$","E","T","M","R","?","R","?","R","?","M","BOSS","R","M","?"],"items_purchased_type":["Relic","Card","Card","Relic","Card","Card","Card","Relic","Card"],"build_version":"2020-12-22","purchased_purges":0,"victory":false,"max_hp_per_floor":[99,99,99,99,105,106,106,106,107,108,108,108,108,108,109,109,109,109,110,111,111,112,114,114,118,118,119,119,119,119,120,121,122,124,124,125,125,125],"card_choices":[{"not_picked":["sneckomod:TrashToTreasure","sneckomod:ImprovisedGuard"],"picked":"sneckomod:QuickBite","floor":2},{"not_picked":["sneckomod:TrashToTreasure","sneckomod:SoulDraw"],"picked":"sneckomod:SoulRoll","floor":3},{"not_picked":["sneckomod:UnknownWeak","sneckomod:SnekBeam"],"picked":"sneckomod:UnknownClassGUARDIAN","floor":5},{"not_picked":["sneckomod:UnknownUncommonAttack","sneckomod:SlitherStrike"],"picked":"sneckomod:UnknownUncommonPower","floor":6},{"not_picked":["sneckomod:RainOfDice","sneckomod:UnknownBlock"],"picked":"sneckomod:CheapStock","floor":8},{"not_picked":["sneckomod:UnknownClassBLUE","sneckomod:MasterEye"],"picked":"sneckomod:UnknownUncommonAttack","floor":9},{"not_picked":["sneckomod:SoulRoll","sneckomod:UnknownVulnerable"],"picked":"sneckomod:Unknown1Cost","floor":10},{"not_picked":["sneckomod:QuickMove","sneckomod:UnknownWeak"],"picked":"sneckomod:UnknownClassSLIMEBOUND","floor":15},{"not_picked":["sneckomod:UnknownRareSkill","sneckomod:DangerNoodle"],"picked":"sneckomod:MorePower","floor":16},{"not_picked":["sneckomod:UnknownClassPURPLE+1","sneckomod:UnknownUncommonSkill+1"],"picked":"sneckomod:UnknownColorless+1","floor":19},{"not_picked":["sneckomod:UnknownBlock","sneckomod:RainOfDice+1"],"picked":"sneckomod:DefensiveFlair","floor":19},{"not_picked":["sneckomod:UnknownUncommonSkill+1","sneckomod:UnknownEthereal+1"],"picked":"sneckomod:Unknown2Cost+1","floor":20},{"not_picked":["sneckomod:SoulRoll","sneckomod:UnknownWeak"],"picked":"sneckomod:DiceBlock","floor":20},{"not_picked":["sneckomod:UnknownCommonAttack+1","sneckomod:UnknownClassGUARDIAN+1"],"picked":"sneckomod:UnknownX+1","floor":22},{"not_picked":["sneckomod:DefensiveFlair","sneckomod:QuickMove+1"],"picked":"sneckomod:DiceBlock","floor":22},{"not_picked":["sneckomod:Unknown2Cost+1","sneckomod:UnknownClassRED+1"],"picked":"sneckomod:UnknownUncommonPower+1","floor":23},{"not_picked":["sneckomod:WideSting","sneckomod:SlitherStrike"],"picked":"sneckomod:UnknownRareAttack","floor":23},{"not_picked":["sneckomod:UnknownClassSLIMEBOUND+1","sneckomod:UnknownDexterity+1"],"picked":"sneckomod:UnknownColorless+1","floor":25},{"not_picked":["sneckomod:UnknownClassGREEN+1","sneckomod:QuickMove"],"picked":"sneckomod:SlitherStrike","floor":25},{"not_picked":["sneckomod:UnknownClassHEXA_GHOST_PURPLE+1","sneckomod:Unknown3Cost+1"],"picked":"sneckomod:UnknownRarePower+1","floor":27},{"not_picked":["sneckomod:UnknownUncommonAttack","sneckomod:IronFang"],"picked":"sneckomod:SoulRoll+1","floor":27},{"not_picked":["sneckomod:UnknownClassGREEN","sneckomod:QuickMove"],"picked":"sneckomod:UnknownRareAttack","floor":31},{"not_picked":["sneckomod:UnknownClassRED+1","sneckomod:UnknownUncommonSkill+1"],"picked":"sneckomod:UnknownColorless+1","floor":32},{"not_picked":["sneckomod:QuickMove","sneckomod:IronFang"],"picked":"sneckomod:DiceBlock","floor":32},{"not_picked":["sneckomod:UnknownVulnerable+1","sneckomod:UnknownClassHEXA_GHOST_PURPLE+1"],"picked":"sneckomod:UnknownCommonAttack+1","floor":33},{"not_picked":["sneckomod:UnknownRareSkill","sneckomod:Mudshield"],"picked":"sneckomod:SoulExchange","floor":33},{"not_picked":["sneckomod:UnknownClassGREEN+1","sneckomod:UnknownEthereal+1"],"picked":"sneckomod:UnknownCommonSkill+1","floor":36},{"not_picked":["sneckomod:UnknownClassHEXA_GHOST_PURPLE","sneckomod:DiceBlock"],"picked":"sneckomod:SnakeSap+1","floor":36}],"player_experience":159190,"relics_obtained":[{"floor":7,"key":"Meat on the Bone"},{"floor":9,"key":"Juzu Bracelet"},{"floor":23,"key":"Calipers"},{"floor":24,"key":"Anchor"},{"floor":27,"key":"Old Coin"},{"floor":27,"key":"Mummified Hand"}],"event_choices":[{"damage_healed":0,"gold_gain":0,"player_choice":"Fight","damage_taken":0,"max_hp_gain":0,"max_hp_loss":0,"event_name":"Mysterious Sphere","floor":37,"gold_loss":0}],"is_beta":false,"boss_relics":[{"not_picked":["Tiny House","downfall:Hecktoplasm"],"picked":"Runic Pyramid"},{"not_picked":["Cursed Key","Calling Bell"],"picked":"Pandora\u0027s Box"}],"items_purged_floors":[],"is_endless":false,"potions_floor_spawned":[5,8,10,16,19,32,33,36],"killed_by":"2 Orb Walkers","ascension_level":0}}