{"host":"qm4rv4rkpk76sbxu","time":1609789117,"event":{"mods":["BaseMod","Bestiary","Block Reminder","Filter the Spire","Keyboard Shortcuts","Minty Spire (QoL Compilation)","MonsterHotkey","Potion Indicator Mod","Quick Restart","Relic Stats","Slay-I","StSLib","ojb\u0027s Better Paths Mod"],"gold_per_floor":[217,217,280,39,52,52,87,87,87,97,112,137,37,49,49,120,120,130,180,192,157,237,248,276,287,287,337,387,387,416,436,436,436,436],"floor_reached":33,"playtime":1423,"items_purged":["Strike_G","Strike_G"],"score":640,"play_id":"74b07ff3-d27b-429b-bd34-b0cfc4e21785","local_time":"20210104203837","is_ascension_mode":true,"campfire_choices":[{"data":"Dagger Spray","floor":6.0,"key":"SMITH"},{"data":"Calculated Gamble","floor":8.0,"key":"SMITH"},{"data":"Neutralize","floor":15.0,"key":"SMITH"},{"floor":29.0,"key":"REST"},{"data":"Phantasmal Killer","floor":32.0,"key":"SMITH"}],"circlet_count":0,"master_deck":["AscendersBane","Strike_G+1","Strike_G+1","Strike_G+1","Defend_G+1","Defend_G+1","Defend_G+1","Defend_G+1","Defend_G+1","Survivor","Neutralize+1","Quick Slash","Dagger Spray+1","Underhanded Strike","Calculated Gamble+1","Dagger Throw","Terror","Phantasmal Killer+1","All Out Attack","Footwork","Backstab","Slice","Reflex","Tactician"],"relics":["Ring of the Snake","SsserpentHead","Juzu Bracelet","Bronze Scales","Sundial","Lizard Tail","HoveringKite","Oddly Smooth Stone","Red Mask","Smiling Mask","White Beast Statue","Happy Flower"],"acts_visited":["Exordium","TheCity"],"potions_floor_usage":[33,33],"damage_taken":[{"damage":0.0,"enemies":"2 Louse","floor":1.0,"turns":5.0},{"damage":0.0,"enemies":"Cultist","floor":3.0,"turns":3.0},{"damage":4.0,"enemies":"Jaw Worm","floor":5.0,"turns":5.0},{"damage":17.0,"enemies":"3 Sentries","floor":7.0,"turns":5.0},{"damage":0.0,"enemies":"Blue Slaver","floor":10.0,"turns":2.0},{"damage":24.0,"enemies":"Gremlin Nob","floor":12.0,"turns":4.0},{"damage":0.0,"enemies":"2 Fungi Beasts","floor":14.0,"turns":2.0},{"damage":9.0,"enemies":"The Guardian","floor":16.0,"turns":12.0},{"damage":4.0,"enemies":"Shell Parasite","floor":18.0,"turns":2.0},{"damage":0.0,"enemies":"Chosen","floor":20.0,"turns":3.0},{"damage":0.0,"enemies":"Masked Bandits","floor":22.0,"turns":2.0},{"damage":0.0,"enemies":"Snake Plant","floor":23.0,"turns":3.0},{"damage":18.0,"enemies":"Book of Stabbing","floor":24.0,"turns":4.0},{"damage":15.0,"enemies":"Sentry and Sphere","floor":25.0,"turns":5.0},{"damage":0.0,"enemies":"Gremlin Leader","floor":30.0,"turns":6.0},{"damage":1.0,"enemies":"Centurion and Healer","floor":31.0,"turns":3.0},{"damage":72,"enemies":"Collector","floor":33,"turns":10}],"seed_played":"-8281261979497977578","potions_obtained":[{"floor":1.0,"key":"LiquidBronze"},{"floor":5.0,"key":"LiquidBronze"},{"floor":10.0,"key":"ColorlessPotion"},{"floor":12.0,"key":"FearPotion"},{"floor":18.0,"key":"SkillPotion"},{"floor":23.0,"key":"LiquidMemories"},{"floor":25.0,"key":"DuplicationPotion"}],"is_trial":false,"path_per_floor":["M","?","M","$","M","R","E","R","T","M","?","E","$","M","R","B",null,"M","?","M","?","?","M","E","M","T","?","?","R","E","M","R","B"],"character_chosen":"THE_SILENT","items_purchased":["Juzu Bracelet"],"campfire_rested":1,"item_purchase_floors":[4],"current_hp_per_floor":[59,59,59,59,55,55,38,38,38,38,54,30,30,30,30,21,55,51,51,51,51,51,51,33,18,18,18,12,31,31,30,30,0,0],"gold":436,"neow_bonus":"HUNDRED_GOLD","is_daily":false,"chose_seed":false,"campfire_upgraded":4,"win_rate":0.0,"timestamp":1609789117,"path_taken":["M","?","?","$","M","R","E","R","T","M","?","E","$","M","R","BOSS","M","?","M","?","?","M","E","M","T","?","?","R","E","M","R","BOSS"],"items_purchased_type":["Relic"],"build_version":"2020-12-22","purchased_purges":2,"victory":false,"max_hp_per_floor":[66,66,66,66,66,66,66,66,66,66,66,66,66,66,66,66,66,66,66,66,66,66,66,66,66,66,66,66,66,66,66,66,66,66],"relic_stats":{"SsserpentHead":350,"Lizard Tail":33,"Happy Flower":[4],"counters":[17,76],"Sundial":[8],"Bronze Scales":[148],"HoveringKite":[29],"Juzu Bracelet":0,"Smiling Mask":0,"obtain_stats":[{"SsserpentHead":2,"Lizard Tail":12,"Happy Flower":30,"Sundial":9,"Bronze Scales":7,"HoveringKite":17,"Oddly Smooth Stone":21,"Juzu Bracelet":4,"Red Mask":22,"Smiling Mask":24,"White Beast Statue":26,"Ring of the Snake":0},{"SsserpentHead":1,"Lizard Tail":6,"Happy Flower":15,"Sundial":4,"Bronze Scales":4,"HoveringKite":8,"Oddly Smooth Stone":10,"Juzu Bracelet":2,"Red Mask":11,"Smiling Mask":13,"White Beast Statue":14,"Ring of the Snake":0},{"SsserpentHead":5,"Lizard Tail":24,"Happy Flower":63,"Sundial":18,"Bronze Scales":18,"HoveringKite":38,"Oddly Smooth Stone":43,"Juzu Bracelet":8,"Red Mask":45,"Smiling Mask":52,"White Beast Statue":57,"Ring of the Snake":0}],"Ring of the Snake":[34]},"card_choices":[{"not_picked":["Tactician","Eviscerate"],"picked":"Quick Slash","floor":1.0},{"not_picked":["Escape Plan","Blur"],"picked":"Dagger Spray","floor":3.0},{"not_picked":["Cloak And Dagger","Expertise"],"picked":"Underhanded Strike","floor":5.0},{"not_picked":["Flying Knee","Setup"],"picked":"Calculated Gamble","floor":7.0},{"not_picked":["Skewer","Noxious Fumes"],"picked":"Dagger Throw","floor":10.0},{"not_picked":["Blade Dance","Dagger Spray"],"picked":"Terror","floor":12.0},{"not_picked":["Sucker Punch","Quick Slash","Blade Dance"],"picked":"SKIP","floor":14.0},{"not_picked":["Grand Finale","Glass Knife"],"picked":"Phantasmal Killer","floor":16.0},{"not_picked":["Bouncing Flask","Escape Plan"],"picked":"All Out Attack","floor":18.0},{"not_picked":["Sucker Punch","Outmaneuver+1"],"picked":"Footwork","floor":20.0},{"not_picked":["Acrobatics","Deflect"],"picked":"Backstab","floor":22.0},{"not_picked":["Predator","Dash","Dodge and Roll"],"picked":"SKIP","floor":23.0},{"not_picked":["Dagger Spray","Backstab"],"picked":"Slice","floor":24.0},{"not_picked":["Heel Hook","Storm of Steel"],"picked":"Reflex","floor":25.0},{"not_picked":["Underhanded Strike","Caltrops+1","Catalyst"],"picked":"SKIP","floor":30.0},{"not_picked":["Blade Dance","Dagger Spray","Prepared"],"picked":"SKIP","floor":31.0}],"player_experience":1214102,"relics_obtained":[{"floor":7.0,"key":"Bronze Scales"},{"floor":9.0,"key":"Sundial"},{"floor":12.0,"key":"Lizard Tail"},{"floor":22.0,"key":"Red Mask"},{"floor":24.0,"key":"Smiling Mask"},{"floor":26.0,"key":"White Beast Statue"},{"floor":30.0,"key":"Happy Flower"}],"event_choices":[{"damage_healed":0.0,"max_hp_gain":0.0,"max_hp_loss":0.0,"gold_gain":0.0,"event_name":"FaceTrader","player_choice":"Trade","floor":2.0,"gold_loss":0.0,"damage_taken":0.0,"relics_obtained":["SsserpentHead"]},{"damage_healed":16.0,"max_hp_gain":0.0,"max_hp_loss":0.0,"gold_gain":0.0,"event_name":"The Cleric","player_choice":"Healed","floor":11.0,"gold_loss":35.0,"damage_taken":0.0},{"damage_healed":0.0,"max_hp_gain":0.0,"max_hp_loss":0.0,"gold_gain":0.0,"event_name":"Back to Basics","player_choice":"Simplicity","floor":19.0,"gold_loss":0.0,"damage_taken":0.0,"cards_upgraded":["Strike_G","Strike_G","Strike_G","Defend_G","Defend_G","Defend_G","Defend_G","Defend_G"]},{"damage_healed":0.0,"max_hp_gain":0.0,"max_hp_loss":0.0,"gold_gain":0.0,"event_name":"Addict","player_choice":"Obtained Relic","floor":21.0,"gold_loss":85.0,"damage_taken":0.0,"relics_obtained":["Oddly Smooth Stone"]},{"damage_healed":0.0,"max_hp_gain":0.0,"max_hp_loss":0.0,"gold_gain":0.0,"event_name":"Masked Bandits","player_choice":"Fought Bandits","floor":22.0,"gold_loss":0.0,"damage_taken":0.0},{"damage_healed":0.0,"max_hp_gain":0.0,"max_hp_loss":0.0,"gold_gain":0.0,"event_name":"The Library","player_choice":"Read","floor":27.0,"gold_loss":0.0,"damage_taken":0.0,"cards_obtained":["Tactician"]},{"damage_healed":0.0,"max_hp_gain":0.0,"max_hp_loss":0.0,"gold_gain":0.0,"event_name":"Knowing Skull","player_choice":"","floor":28.0,"potions_obtained":[],"gold_loss":0.0,"damage_taken":6.0,"cards_obtained":[]}],"is_beta":false,"boss_relics":[{"not_picked":["Cursed Key","Calling Bell"],"picked":"HoveringKite"}],"items_purged_floors":[4,13],"is_endless":false,"potions_floor_spawned":[1,5,10,12,18,23,25,30,31],"killed_by":"Collector","ascension_level":20}}