{"host":"i4eavuqabbk5mi94","time":1609785047,"event":{"mods":["BaseMod","Googly Eyes","Minty Spire (QoL Compilation)"],"gold_per_floor":[119,119,132,63,80,105,105,120,144,164,10,10,10],"floor_reached":12,"playtime":728,"items_purged":[],"score":100,"play_id":"bf4c0b9b-0a55-45f6-9942-02899b43ca5d","local_time":"20210104183047","is_ascension_mode":true,"campfire_choices":[{"floor":7,"key":"REST"}],"circlet_count":0,"master_deck":["Strike_R","Strike_R","Strike_R","Strike_R","Defend_R","Defend_R","Defend_R","Defend_R","Bash","Violence","Battle Trance","Clothesline","Spot Weakness","Thunderclap","Shrug It Off","Barricade"],"relics":["Burning Blood","Potion Belt","Bag of Marbles"],"acts_visited":["Exordium"],"potions_floor_usage":[8,12],"damage_taken":[{"damage":15,"enemies":"2 Louse","floor":1,"turns":3},{"damage":5,"enemies":"Cultist","floor":3,"turns":4},{"damage":5,"enemies":"Jaw Worm","floor":5,"turns":4},{"damage":47,"enemies":"3 Sentries","floor":6,"turns":9},{"damage":14,"enemies":"Large Slime","floor":8,"turns":6},{"damage":4,"enemies":"Red Slaver","floor":10,"turns":4},{"damage":17,"enemies":"Lagavulin","floor":12,"turns":5}],"seed_played":"-2216134645134035275","potions_obtained":[{"floor":3,"key":"LiquidBronze"},{"floor":5,"key":"LiquidBronze"},{"floor":6,"key":"BlessingOfTheForge"}],"is_trial":false,"path_per_floor":["M","?","M","$","M","E","R","M","T","M","$","E"],"character_chosen":"IRONCLAD","items_purchased":["Spot Weakness","Barricade"],"campfire_rested":1,"item_purchase_floors":[4,11],"current_hp_per_floor":[47,47,48,48,49,8,32,24,24,26,26,9,9],"gold":10,"neow_bonus":"RANDOM_COLORLESS_2","is_daily":false,"chose_seed":false,"campfire_upgraded":0,"win_rate":0.0,"timestamp":1609785047,"path_taken":["M","?","M","?","M","E","R","?","T","M","$","E"],"items_purchased_type":["Card","Card"],"build_version":"2020-12-22","purchased_purges":0,"victory":false,"max_hp_per_floor":[80,80,80,80,80,80,80,80,80,80,80,80,80],"card_choices":[{"not_picked":["Master of Strategy","Thinking Ahead"],"picked":"Violence","floor":0},{"not_picked":["Pummel","Feel No Pain"],"picked":"Battle Trance","floor":1},{"not_picked":["Iron Wave","Twin Strike"],"picked":"Clothesline","floor":3},{"not_picked":["Clothesline","Warcry"],"picked":"Thunderclap","floor":5},{"not_picked":["Dual Wield","Feel No Pain","Combust"],"picked":"SKIP","floor":6},{"not_picked":["Blood for Blood","Headbutt","Combust"],"picked":"SKIP","floor":8},{"not_picked":["Rage","Headbutt"],"picked":"Shrug It Off","floor":10}],"player_experience":371738,"relics_obtained":[{"floor":6,"key":"Potion Belt"},{"floor":9,"key":"Bag of Marbles"}],"event_choices":[{"cards_removed":["Strike_R"],"damage_healed":0,"gold_gain":0,"player_choice":"Purged","damage_taken":0,"max_hp_gain":0,"max_hp_loss":0,"event_name":"Purifier","floor":2,"gold_loss":0}],"is_beta":false,"boss_relics":[],"items_purged_floors":[],"is_endless":false,"potions_floor_spawned":[3,5,6],"killed_by":"Lagavulin","ascension_level":5}}