{"host":"71akxjf7cjo3bhmj","time":1609724091,"event":{"mods":["AchievementEnabler","BaseMod","Colored Powertips","Minty Spire (QoL Compilation)"],"gold_per_floor":[114,114,114,114,133,133,171,195,195,219,239,264,300,323,323,443,443,457,473,493,506,522,522,522,522,522],"floor_reached":25,"playtime":1276,"items_purged":[],"score":244,"play_id":"f9da5b28-8f01-416a-8e09-1f55fe26b707","local_time":"20210104023451","is_ascension_mode":false,"campfire_choices":[{"data":"Armaments","floor":6,"key":"SMITH"},{"data":"Limit Break","floor":15,"key":"SMITH"},{"floor":24,"key":"REST"}],"circlet_count":0,"master_deck":["Strike_R","Strike_R","Strike_R","Strike_R","Defend_R","Defend_R","Defend_R","Bash","Armaments+1","Twin Strike","Battle Trance","Flex","Limit Break+1","Cleave","Battle Trance","Cleave","Demon Form","Heavy Blade+1","Seeing Red+1","Flex","Second Wind","Rage"],"relics":["Burning Blood","NeowsBlessing","Golden Idol","Oddly Smooth Stone","Pen Nib","Sundial","Question Card","Black Star"],"acts_visited":["Exordium","TheCity"],"potions_floor_usage":[13,14,16,18,19,20,25],"damage_taken":[{"damage":0,"enemies":"2 Louse","floor":1,"turns":1},{"damage":0,"enemies":"Jaw Worm","floor":5,"turns":1},{"damage":0,"enemies":"3 Sentries","floor":7,"turns":2},{"damage":0,"enemies":"Small Slimes","floor":8,"turns":3},{"damage":7,"enemies":"Blue Slaver","floor":10,"turns":3},{"damage":0,"enemies":"Exordium Thugs","floor":11,"turns":3},{"damage":0,"enemies":"2 Fungi Beasts","floor":12,"turns":2},{"damage":3,"enemies":"Lagavulin","floor":13,"turns":4},{"damage":2,"enemies":"Gremlin Gang","floor":14,"turns":4},{"damage":30,"enemies":"The Guardian","floor":16,"turns":6},{"damage":33,"enemies":"Chosen","floor":18,"turns":6},{"damage":4,"enemies":"Spheric Guardian","floor":19,"turns":3},{"damage":0,"enemies":"Cultist and Chosen","floor":20,"turns":4},{"damage":46,"enemies":"Shelled Parasite and Fungi","floor":21,"turns":6},{"damage":20,"enemies":"Sentry and Sphere","floor":22,"turns":4},{"damage":47,"enemies":"Book of Stabbing","floor":25,"turns":5}],"seed_played":"8078840455496234139","potions_obtained":[{"floor":5,"key":"Energy Potion"},{"floor":7,"key":"BloodPotion"},{"floor":11,"key":"HeartOfIron"},{"floor":13,"key":"PowerPotion"},{"floor":19,"key":"EntropicBrew"},{"floor":22,"key":"Explosive Potion"}],"is_trial":false,"path_per_floor":["M","?","T","?","M","R","E","M","T","M","M","M","E","M","R","B",null,"M","M","M","M","M","?","R","E"],"character_chosen":"IRONCLAD","items_purchased":[],"campfire_rested":1,"item_purchase_floors":[],"current_hp_per_floor":[80,60,60,53,59,59,65,71,71,70,76,80,80,80,80,56,80,69,71,77,37,23,23,47,0,0],"gold":522,"neow_bonus":"THREE_ENEMY_KILL","is_daily":false,"chose_seed":false,"campfire_upgraded":2,"win_rate":0.0,"timestamp":1609724091,"path_taken":["M","?","?","?","M","R","E","M","T","M","M","M","E","M","R","BOSS","M","M","M","M","M","?","R","E"],"items_purchased_type":[],"build_version":"2020-12-22","purchased_purges":0,"victory":false,"max_hp_per_floor":[80,80,80,80,80,80,80,80,80,80,80,80,80,80,80,80,80,80,80,80,80,80,80,80,80,80],"card_choices":[{"not_picked":["Anger","Dual Wield"],"picked":"Armaments","floor":1},{"not_picked":["Dropkick","Havoc"],"picked":"Twin Strike","floor":5},{"not_picked":["Twin Strike","Perfected Strike"],"picked":"Battle Trance","floor":7},{"not_picked":["Metallicize","Fire Breathing"],"picked":"Flex","floor":8},{"not_picked":["Flame Barrier","Warcry","Carnage"],"picked":"SKIP","floor":10},{"not_picked":["Anger","Sword Boomerang"],"picked":"Limit Break","floor":11},{"not_picked":["Wild Strike","Flame Barrier"],"picked":"Cleave","floor":12},{"not_picked":["Infernal Blade","Seeing Red"],"picked":"Battle Trance","floor":13},{"not_picked":["Thunderclap","Sword Boomerang","Rupture"],"picked":"Cleave","floor":14},{"not_picked":["Corruption","Barricade","Double Tap"],"picked":"Demon Form","floor":16},{"not_picked":["Flex","Iron Wave","Cleave"],"picked":"Heavy Blade+1","floor":18},{"not_picked":["Ghostly Armor","Wild Strike","Perfected Strike"],"picked":"Seeing Red+1","floor":19},{"not_picked":["Dark Embrace","Reckless Charge","Shockwave","Body Slam"],"picked":"SKIP","floor":20},{"not_picked":["Intimidate","Inflame","Clash"],"picked":"Flex","floor":21},{"not_picked":["Dual Wield","Perfected Strike","Headbutt+1"],"picked":"Second Wind","floor":22}],"player_experience":139213,"relics_obtained":[{"floor":3,"key":"Oddly Smooth Stone"},{"floor":7,"key":"Pen Nib"},{"floor":9,"key":"Sundial"},{"floor":13,"key":"Question Card"}],"event_choices":[{"damage_healed":0,"gold_gain":0,"player_choice":"Take Damage","damage_taken":20,"relics_obtained":["Golden Idol"],"max_hp_gain":0,"max_hp_loss":0,"event_name":"Golden Idol","floor":2,"gold_loss":0},{"cards_removed":["Defend_R"],"damage_healed":0,"gold_gain":0,"player_choice":"Card Removal","damage_taken":7,"max_hp_gain":0,"max_hp_loss":0,"event_name":"Golden Wing","floor":4,"gold_loss":0},{"damage_healed":0,"gold_gain":0,"cards_transformed":["Strike_R"],"player_choice":"Transformed","damage_taken":0,"max_hp_gain":0,"max_hp_loss":0,"event_name":"Transmorgrifier","floor":23,"gold_loss":0,"cards_obtained":["Rage"]}],"is_beta":false,"boss_relics":[{"not_picked":["Velvet Choker","Calling Bell"],"picked":"Black Star"}],"items_purged_floors":[],"is_endless":false,"potions_floor_spawned":[5,7,11,13,19,22],"killed_by":"Book of Stabbing","ascension_level":0}}