{"host":"5jzx1090woovszu4","time":1609734656,"event":{"mods":["BaseMod","Minty Spire (QoL Compilation)","Spicy Shops","StSLib","The Bug Knight"],"gold_per_floor":[116,116,127,145,145,145,171,96,96,61,61,394,159,173,173,269,269,289,289,308,182,197,229,229,229,229,229,243,254,286,302,302,399,399,413,23,23,40,52,52,84,84,111,130,0,100,125,144,144,144],"floor_reached":51,"playtime":3977,"items_purged":["Clumsy","HollowMod:DungDefenderAura"],"score":830,"play_id":"cc1953b7-f30f-4b19-936e-b0a93a0ff048","local_time":"20210104053056","daily_mods":["SealedDeck"],"is_ascension_mode":false,"campfire_choices":[{"data":"HollowMod:ShadowDash","floor":6,"key":"SMITH"},{"data":"HollowMod:WraithStrike","floor":11,"key":"SMITH"},{"data":"HollowMod:SoulMaster","floor":15,"key":"SMITH"},{"data":"HollowMod:VengefulVoid","floor":24,"key":"SMITH"},{"data":"HollowMod:VoidDash","floor":27,"key":"SMITH"},{"data":"HollowMod:WraithStrike","floor":32,"key":"SMITH"},{"data":"HollowMod:SoulMaster","floor":40,"key":"SMITH"},{"data":"HollowMod:ShadowDash","floor":42,"key":"SMITH"},{"data":"HollowMod:DescendingDark","floor":49,"key":"SMITH"}],"circlet_count":0,"master_deck":["HollowMod:PerfectDash","HollowMod:SharpenedShadows+1","HollowMod:DashSlash","HollowMod:InfectedAttack+1","HollowMod:InfectedAttack+1","HollowMod:ShadowDash+1","HollowMod:DescendingDark+1","HollowMod:WraithStrike+1","HollowMod:DashSlash","HollowMod:DescendingDark","HollowMod:PerfectDash+1","HollowMod:SoulMaster+1","HollowMod:SoulMaster+1","HollowMod:WraithStrike+1","HollowMod:VoidDash+1","HollowMod:VengefulVoid+1","HollowMod:TaintedHusks","HollowMod:DescendingDark+1","HollowMod:CloakDash","HollowMod:HuntersJournal+1","HollowMod:DescendingDark+1","HollowMod:ShapeofUnn+1","HollowMod:LifebloodCore","HollowMod:VengefulVoid+1","HollowMod:ShadowDash+1"],"relics":["HollowMod:VesselMask","Sundial","Bird Faced Urn","Old Coin","DollysMirror","Velvet Choker","Bag of Preparation","Lantern","HollowMod:MantisClawRelic","Torii","Black Star","Strange Spoon","Whetstone","HollowMod:PaleOreRelic","Pear","HollowMod:KingsBrand","Red Mask","Omamori","War Paint"],"acts_visited":["Exordium","TheCity","TheBeyond"],"potions_floor_usage":[16,18,20,23,28,29,30,33,41,41,44,50,50],"damage_taken":[{"damage":0,"enemies":"2 Louse","floor":1,"turns":2},{"damage":0,"enemies":"Small Slimes","floor":3,"turns":2},{"damage":4,"enemies":"Cultist","floor":4,"turns":3},{"damage":16,"enemies":"Gremlin Nob","floor":7,"turns":3},{"damage":3,"enemies":"3 Sentries","floor":12,"turns":5},{"damage":17,"enemies":"Large Slime","floor":14,"turns":5},{"damage":56,"enemies":"HollowMod:FalseKnight","floor":16,"turns":8},{"damage":5,"enemies":"3 Byrds","floor":18,"turns":5},{"damage":4,"enemies":"2 Thieves","floor":20,"turns":3},{"damage":9,"enemies":"Centurion and Healer","floor":22,"turns":3},{"damage":0,"enemies":"HollowMod:Nosk","floor":23,"turns":5},{"damage":3,"enemies":"Cultist and Chosen","floor":28,"turns":4},{"damage":2,"enemies":"Snecko","floor":29,"turns":5},{"damage":0,"enemies":"Gremlin Leader","floor":30,"turns":5},{"damage":0,"enemies":"Centurion and Healer","floor":31,"turns":2},{"damage":17,"enemies":"Collector","floor":33,"turns":5},{"damage":6,"enemies":"3 Darklings","floor":35,"turns":5},{"damage":0,"enemies":"3 Shapes","floor":38,"turns":3},{"damage":0,"enemies":"Maw","floor":39,"turns":4},{"damage":15,"enemies":"HollowMod:StalkingDevout","floor":41,"turns":6},{"damage":0,"enemies":"HollowMod:SlobberingHusk","floor":44,"turns":5},{"damage":11,"enemies":"Giant Head","floor":47,"turns":5},{"damage":11,"enemies":"3 Darklings","floor":48,"turns":3},{"damage":44,"enemies":"Donu and Deca","floor":50,"turns":6}],"seed_played":"2548294617771877701","potions_obtained":[{"floor":4,"key":"Ancient Potion"},{"floor":14,"key":"Dexterity Potion"},{"floor":16,"key":"SneckoOil"},{"floor":18,"key":"Energy Potion"},{"floor":20,"key":"EntropicBrew"},{"floor":22,"key":"PowerPotion"},{"floor":35,"key":"ColorlessPotion"},{"floor":38,"key":"EntropicBrew"},{"floor":44,"key":"Fire Potion"}],"is_trial":true,"path_per_floor":["M","?","M","M","?","R","E","?","T","?","R","E","$","M","R","B",null,"M","?","M","$","M","E","R","?","T","R","M","M","E","M","R","B",null,"M","$","?","M","M","R","E","R","T","M","?","?","E","M","R","B",null],"character_chosen":"THE_BUGKNIGHT","items_purchased":["DollysMirror","HollowMod:WraithStrike","HollowMod:DescendingDark","Bag of Preparation","Strange Spoon","Whetstone"],"campfire_rested":0,"item_purchase_floors":[13,13,21,21,36,36],"current_hp_per_floor":[75,60,60,56,56,56,40,45,45,65,65,64,64,53,53,3,80,75,60,58,58,51,59,59,59,59,59,58,60,68,70,70,61,85,83,83,83,85,85,85,84,84,84,92,92,92,88,83,83,47],"gold":144,"neow_bonus":"","is_daily":false,"chose_seed":false,"campfire_upgraded":9,"win_rate":0.0,"timestamp":1609734656,"path_taken":["M","?","M","M","?","R","E","?","T","?","R","E","$","M","R","BOSS","M","?","M","$","M","E","R","?","T","R","?","M","E","M","R","BOSS","M","$","?","M","?","R","E","R","T","M","?","?","E","M","R","BOSS"],"items_purchased_type":["Relic","Card","Card","Relic","Relic","Relic"],"build_version":"2020-12-22","purchased_purges":2,"victory":true,"max_hp_per_floor":[75,75,75,75,75,75,75,80,80,80,80,80,80,80,80,80,80,80,85,85,85,85,85,85,85,85,85,85,85,85,85,85,85,85,85,85,85,85,85,85,95,95,95,95,95,95,95,95,95,95],"card_choices":[{"not_picked":["HollowMod:PureNailStrike","HollowMod:FallenFury"],"picked":"HollowMod:DashSlash","floor":1},{"not_picked":["HollowMod:TaintedHusks","HollowMod:CoiledNail"],"picked":"HollowMod:DescendingDark","floor":3},{"not_picked":["HollowMod:VengefulSpirit","HollowMod:ChannelNail","HollowMod:HeavyBlow"],"picked":"SKIP","floor":4},{"not_picked":["HollowMod:SoulSplash","HollowMod:BaldurShell"],"picked":"HollowMod:PerfectDash","floor":7},{"not_picked":["HollowMod:DreamGate","HollowMod:FastStrike"],"picked":"HollowMod:SoulMaster","floor":12},{"not_picked":["HollowMod:HowlingWraiths","HollowMod:BaldurShell","HollowMod:TaintedHusks"],"picked":"SKIP","floor":14},{"not_picked":["HollowMod:AwokenDreamNail","HollowMod:SlysStrikes"],"picked":"HollowMod:VoidDash","floor":16},{"not_picked":["HollowMod:NewLittleFool+1","HollowMod:LifebloodCocoon"],"picked":"HollowMod:VengefulVoid","floor":18},{"not_picked":["HollowMod:GrimmsGift+1","HollowMod:NewJinnsSoul"],"picked":"HollowMod:TaintedHusks","floor":20},{"not_picked":["HollowMod:HowlingWraiths","HollowMod:SharpenedShadows"],"picked":"HollowMod:CloakDash","floor":22},{"not_picked":["HollowMod:AwokenDreamNail","HollowMod:CloakDash"],"picked":"HollowMod:HuntersJournal","floor":23},{"not_picked":["HollowMod:GrimmsGift","HollowMod:SharpenedNail","HollowMod:DesolateDive"],"picked":"SKIP","floor":28},{"not_picked":["HollowMod:HowlingWraiths+1","HollowMod:InfectedAttack","HollowMod:InfectedCysts"],"picked":"SKIP","floor":29},{"not_picked":["HollowMod:InfectedCysts+1","HollowMod:DreamGate"],"picked":"HollowMod:DescendingDark+1","floor":30},{"not_picked":["HollowMod:TaintedHusks+1","HollowMod:GreatSlash"],"picked":"HollowMod:ShapeofUnn+1","floor":31},{"not_picked":["HollowMod:ElderbugsWisdom","HollowMod:SoulMaster"],"picked":"HollowMod:LifebloodCore","floor":33},{"not_picked":["HollowMod:SoulStrike+1","HollowMod:SoulSplash","HollowMod:CrystalDash+1"],"picked":"SKIP","floor":35},{"not_picked":["HollowMod:QuirrelsAssistance+1","HollowMod:InfectionAssault"],"picked":"HollowMod:VengefulVoid+1","floor":38},{"not_picked":["HollowMod:NewLittleFool","HollowMod:DashSlash+1","HollowMod:DescendingDark"],"picked":"SKIP","floor":39},{"not_picked":["HollowMod:SoulSplash","HollowMod:SoulEater+1"],"picked":"HollowMod:ShadowDash","floor":41},{"not_picked":["HollowMod:DreamGate+1","HollowMod:NewLittleFool","HollowMod:CycloneSlash"],"picked":"SKIP","floor":44},{"not_picked":["HollowMod:SlysStrikes","HollowMod:DesolateDive+1","HollowMod:GreatSlash+1"],"picked":"SKIP","floor":47},{"not_picked":["HollowMod:SoulVessel+1","HollowMod:HowlingWraiths+1","HollowMod:SoulSplash+1"],"picked":"SKIP","floor":48}],"player_experience":615233,"relics_obtained":[{"floor":7,"key":"Sundial"},{"floor":9,"key":"Bird Faced Urn"},{"floor":12,"key":"Old Coin"},{"floor":23,"key":"Lantern"},{"floor":26,"key":"HollowMod:MantisClawRelic"},{"floor":30,"key":"Torii"},{"floor":41,"key":"HollowMod:PaleOreRelic"},{"floor":41,"key":"Pear"},{"floor":43,"key":"HollowMod:KingsBrand"},{"floor":47,"key":"Omamori"},{"floor":47,"key":"War Paint"}],"event_choices":[{"damage_healed":0,"gold_gain":0,"player_choice":"Entered Light","damage_taken":15,"max_hp_gain":0,"max_hp_loss":0,"event_name":"Shining Light","floor":2,"gold_loss":0,"cards_upgraded":["HollowMod:SharpenedShadows","HollowMod:InfectedAttack"]},{"damage_healed":0,"gold_gain":0,"player_choice":"Ignored","damage_taken":0,"max_hp_gain":0,"max_hp_loss":0,"event_name":"Liars Game","floor":5,"gold_loss":0},{"damage_healed":20,"gold_gain":0,"player_choice":"Healed","damage_taken":0,"max_hp_gain":0,"max_hp_loss":0,"event_name":"The Cleric","floor":10,"gold_loss":35},{"damage_healed":0,"gold_gain":0,"player_choice":"Shed Blood","damage_taken":20,"max_hp_gain":5,"max_hp_loss":0,"event_name":"Forgotten Altar","floor":19,"gold_loss":0},{"cards_removed":["HollowMod:NewJinnsSoul"],"damage_healed":0,"gold_gain":0,"player_choice":"Purged","damage_taken":0,"max_hp_gain":0,"max_hp_loss":0,"event_name":"Purifier","floor":25,"gold_loss":0},{"damage_healed":0,"gold_gain":0,"player_choice":"Ignored","damage_taken":0,"max_hp_gain":0,"max_hp_loss":0,"event_name":"NoteForYourself","floor":37,"gold_loss":0},{"damage_healed":0,"gold_gain":0,"player_choice":"Paid","damage_taken":0,"relics_obtained":["Red Mask"],"max_hp_gain":0,"max_hp_loss":0,"event_name":"Tomb of Lord Red Mask","floor":45,"gold_loss":130},{"damage_healed":0,"gold_gain":100,"player_choice":"Pray","damage_taken":0,"max_hp_gain":0,"max_hp_loss":0,"event_name":"Golden Shrine","floor":46,"gold_loss":0}],"is_beta":false,"boss_relics":[{"not_picked":["SlaversCollar","Fusion Hammer"],"picked":"Velvet Choker"},{"not_picked":["HollowMod:KingsSoulRelic","Coffee Dripper"],"picked":"Black Star"}],"items_purged_floors":[36,36],"is_endless":false,"potions_floor_spawned":[4,14,16,18,20,22,35,38,44,47,48],"ascension_level":0}}