{"host":"mydft8i2zzydgggw","time":1609775911,"event":{"mods":["AchievementEnabler","BaseMod","Colored Map","Colored Powertips","Keyboard Shortcuts","Minty Spire (QoL Compilation)","Quick Restart","StSLib","SuperFastMode","The Poker Player"],"gold_per_floor":[113,113,39,57,57,57,82,82,109,120,120,130,163,175,175,175,175],"floor_reached":16,"playtime":288,"items_purged":[],"score":162,"play_id":"d407a856-9b18-4ade-8207-919ba0883a45","local_time":"20210105005831","is_ascension_mode":true,"campfire_choices":[{"data":"Double Energy","floor":6.0,"key":"SMITH"},{"data":"Coolheaded","floor":11.0,"key":"SMITH"},{"data":"Rainbow","floor":15.0,"key":"SMITH"}],"circlet_count":0,"master_deck":["Strike_B","Strike_B","Strike_B","Defend_B","Defend_B","Defend_B","Defend_B","Zap","Dualcast","Double Energy+1","Decay","Glacier","Coolheaded+1","Chaos","Reinforced Body","Rainbow+1"],"relics":["Cracked Core","NeowsBlessing","Mercury Hourglass","PreservedInsect","Happy Flower"],"acts_visited":["Exordium"],"potions_floor_usage":[16,16],"damage_taken":[{"damage":0.0,"enemies":"2 Louse","floor":1.0,"turns":1.0},{"damage":0.0,"enemies":"Cultist","floor":4.0,"turns":1.0},{"damage":0.0,"enemies":"Lagavulin","floor":7.0,"turns":1.0},{"damage":7.0,"enemies":"Jaw Worm","floor":10.0,"turns":3.0},{"damage":0.0,"enemies":"Exordium Wildlife","floor":12.0,"turns":3.0},{"damage":12.0,"enemies":"3 Sentries","floor":13.0,"turns":5.0},{"damage":9.0,"enemies":"Lots of Slimes","floor":14.0,"turns":3.0},{"damage":47,"enemies":"Hexaghost","floor":16,"turns":15}],"seed_played":"2854958524443025797","potions_obtained":[{"floor":4.0,"key":"FearPotion"},{"floor":10.0,"key":"Fire Potion"},{"floor":13.0,"key":"FearPotion"}],"is_trial":false,"path_per_floor":["M","?","$","M","$","R","E","?","T","M","R","M","E","M","R","B"],"character_chosen":"DEFECT","items_purchased":["Glacier"],"campfire_rested":0,"item_purchase_floors":[3],"current_hp_per_floor":[75,75,75,75,75,75,75,68,68,61,61,61,49,40,40,0,0],"gold":175,"neow_bonus":"THREE_ENEMY_KILL","is_daily":false,"chose_seed":false,"campfire_upgraded":3,"win_rate":0.0,"timestamp":1609775911,"path_taken":["M","?","?","M","$","R","E","?","T","?","R","M","E","M","R","BOSS"],"items_purchased_type":["Card"],"build_version":"2020-12-22","purchased_purges":0,"victory":false,"max_hp_per_floor":[75,75,75,75,75,75,75,75,75,75,75,75,75,75,75,75,75],"card_choices":[{"not_picked":["Compile Driver","Rebound"],"picked":"Double Energy","floor":1.0},{"not_picked":["Genetic Algorithm","Skim"],"picked":"Coolheaded","floor":4.0},{"not_picked":["Coolheaded","Scrape","Darkness"],"picked":"SKIP","floor":7.0},{"not_picked":["Gash","Barrage","Hologram"],"picked":"SKIP","floor":10.0},{"not_picked":["Genetic Algorithm","Doom and Gloom"],"picked":"Chaos","floor":12.0},{"not_picked":["Cold Snap","Sweeping Beam"],"picked":"Reinforced Body","floor":13.0},{"not_picked":["Recycle","Steam"],"picked":"Rainbow","floor":14.0}],"player_experience":92182,"relics_obtained":[{"floor":7.0,"key":"Mercury Hourglass"},{"floor":9.0,"key":"PreservedInsect"},{"floor":13.0,"key":"Happy Flower"}],"event_choices":[{"damage_healed":0.0,"max_hp_gain":0.0,"max_hp_loss":0.0,"gold_gain":0.0,"event_name":"Wheel of Change","player_choice":"Cursed","floor":2.0,"gold_loss":0.0,"damage_taken":0.0,"cards_obtained":["Decay"]},{"cards_removed":["Strike_B"],"damage_healed":0.0,"max_hp_gain":0.0,"max_hp_loss":0.0,"gold_gain":0.0,"event_name":"Golden Wing","player_choice":"Card Removal","floor":8.0,"gold_loss":0.0,"damage_taken":7.0}],"is_beta":false,"boss_relics":[],"items_purged_floors":[],"is_endless":false,"potions_floor_spawned":[4,10,13],"killed_by":"Hexaghost","ascension_level":4}}