{"host":"hwrdjx5eod2cxh09","time":1609773079,"event":{"mods":["AchievementEnabler","BaseMod","Bestiary","Minty Spire (QoL Compilation)","Relic Stats"],"gold_per_floor":[119,135,135,148,164,164,223,256,256,256,270,270,282,313,313,415,415,426,438,452,452,502,502,502,502],"floor_reached":24,"playtime":912,"items_purged":[],"score":233,"play_id":"5c12ae1b-0c29-403b-a1d7-c61b164d8253","local_time":"20210105001119","is_ascension_mode":false,"campfire_choices":[{"floor":6,"key":"RECALL"},{"floor":12,"key":"REST"},{"floor":15,"key":"REST"},{"floor":23,"key":"REST"}],"circlet_count":0,"master_deck":["Zap","Dualcast","Leap","Go for the Eyes","Auto Shields","Hyperbeam","Turbo","Steam","Redo","Glacier","Electrodynamics","Conserve Battery","Genetic Algorithm","FTL","Loop","Leap","Thunder Strike","Lockon","Genetic Algorithm"],"relics":["Fusion Hammer","The Courier","HornCleat","Pear","Symbiotic Virus","Regal Pillow","Pandora\u0027s Box"],"acts_visited":["Exordium","TheCity"],"potions_floor_usage":[5],"damage_taken":[{"damage":1,"enemies":"Cultist","floor":1,"turns":4},{"damage":0,"enemies":"2 Louse","floor":2,"turns":3},{"damage":0,"enemies":"Jaw Worm","floor":4,"turns":3},{"damage":0,"enemies":"Lots of Slimes","floor":5,"turns":2},{"damage":8,"enemies":"3 Sentries","floor":7,"turns":6},{"damage":18,"enemies":"Gremlin Nob","floor":8,"turns":5},{"damage":0,"enemies":"Large Slime","floor":11,"turns":4},{"damage":2,"enemies":"Blue Slaver","floor":13,"turns":2},{"damage":0,"enemies":"Lagavulin","floor":14,"turns":6},{"damage":37,"enemies":"Hexaghost","floor":16,"turns":12},{"damage":0,"enemies":"3 Byrds","floor":18,"turns":4},{"damage":9,"enemies":"Chosen","floor":19,"turns":5},{"damage":6,"enemies":"Snake Plant","floor":20,"turns":5},{"damage":34,"enemies":"Gremlin Leader","floor":24,"turns":8}],"seed_played":"7960328419676856251","potions_obtained":[{"floor":2,"key":"Explosive Potion"},{"floor":8,"key":"Explosive Potion"},{"floor":14,"key":"LiquidMemories"},{"floor":19,"key":"EntropicBrew"}],"is_trial":false,"path_per_floor":["M","M","?","M","M","R","?","E","T","?","M","R","M","E","R","B",null,"M","M","M","?","?","R","E"],"character_chosen":"DEFECT","items_purchased":[],"campfire_rested":3,"item_purchase_floors":[],"current_hp_per_floor":[74,74,56,56,56,56,48,40,40,40,40,65,63,63,85,48,85,85,76,70,70,70,85,51,51],"gold":502,"neow_bonus":"BOSS_RELIC","is_daily":false,"chose_seed":false,"campfire_upgraded":0,"win_rate":0.0,"timestamp":1609773079,"path_taken":["M","M","?","M","M","R","?","E","T","?","M","R","M","E","R","BOSS","M","M","M","?","?","R","E"],"items_purchased_type":[],"build_version":"2020-12-22","purchased_purges":0,"victory":false,"max_hp_per_floor":[75,75,75,75,75,75,75,85,85,85,85,85,85,85,85,85,85,85,85,85,85,85,85,85,85],"relic_stats":{"Regal Pillow":0,"counters":[14,68],"Pandora\u0027s Box":["Conserve Battery","Genetic Algorithm","FTL","Loop","Leap","Sweeping Beam","Streamline","Thunder Strike"],"obtain_stats":[{"Regal Pillow":14,"HornCleat":7,"Pear":8,"Pandora\u0027s Box":17,"Fusion Hammer":0,"The Courier":3,"Cracked Core":0,"Symbiotic Virus":9},{"Regal Pillow":9,"HornCleat":4,"Pear":6,"Pandora\u0027s Box":10,"Fusion Hammer":0,"The Courier":2,"Cracked Core":0,"Symbiotic Virus":6},{"Regal Pillow":35,"HornCleat":12,"Pear":23,"Pandora\u0027s Box":47,"Fusion Hammer":0,"The Courier":7,"Cracked Core":0,"Symbiotic Virus":23}]},"card_choices":[{"not_picked":["Cold Snap","Recycle"],"picked":"Leap","floor":1},{"not_picked":["Compile Driver","Rebound"],"picked":"Go for the Eyes","floor":2},{"not_picked":["Steam","Hello World"],"picked":"Auto Shields","floor":4},{"not_picked":["Streamline","Go for the Eyes"],"picked":"Hyperbeam","floor":5},{"not_picked":["Redo","Force Field"],"picked":"Turbo","floor":7},{"not_picked":["Barrage","Go for the Eyes"],"picked":"Steam","floor":8},{"not_picked":["Melter","Streamline"],"picked":"Redo","floor":11},{"not_picked":["Leap","Stack"],"picked":"Glacier","floor":13},{"not_picked":["Skim","Streamline","Multi-Cast"],"picked":"SKIP","floor":14},{"not_picked":["Multi-Cast","Meteor Strike"],"picked":"Electrodynamics","floor":16},{"not_picked":["Chaos","Reinforced Body","Gash+1"],"picked":"SKIP","floor":18},{"not_picked":["Melter","Redo","Turbo+1"],"picked":"SKIP","floor":19},{"not_picked":["White Noise","Darkness+1","Recycle"],"picked":"SKIP","floor":20}],"player_experience":174997,"relics_obtained":[{"floor":8,"key":"Pear"},{"floor":9,"key":"Symbiotic Virus"},{"floor":14,"key":"Regal Pillow"}],"event_choices":[{"damage_healed":0,"gold_gain":0,"player_choice":"Success","damage_taken":18,"relics_obtained":["The Courier"],"max_hp_gain":0,"max_hp_loss":0,"event_name":"Scrap Ooze","floor":3,"gold_loss":0},{"damage_healed":0,"gold_gain":0,"player_choice":"Searched \u00272\u0027 times","damage_taken":0,"relics_obtained":["HornCleat"],"max_hp_gain":0,"max_hp_loss":0,"event_name":"Dead Adventurer","floor":7,"gold_loss":0},{"damage_healed":0,"gold_gain":0,"player_choice":"Ignored","damage_taken":0,"max_hp_gain":0,"max_hp_loss":0,"event_name":"Golden Idol","floor":10,"gold_loss":0},{"damage_healed":0,"gold_gain":0,"cards_transformed":["Streamline","Sweeping Beam"],"player_choice":"Became Test Subject","damage_taken":0,"max_hp_gain":0,"max_hp_loss":0,"event_name":"Drug Dealer","floor":21,"gold_loss":0,"cards_obtained":["Lockon","Genetic Algorithm"]},{"damage_healed":0,"gold_gain":100,"player_choice":"Bet on Murderer","damage_taken":0,"max_hp_gain":0,"max_hp_loss":0,"event_name":"The Joust","floor":22,"gold_loss":50}],"is_beta":false,"boss_relics":[{"not_picked":["Velvet Choker","SlaversCollar"],"picked":"Pandora\u0027s Box"}],"items_purged_floors":[],"is_endless":false,"potions_floor_spawned":[2,8,14,19,20],"killed_by":"Gremlin Leader","ascension_level":0}}