{"host":"oknzaotplmnl5xaf","time":1609789871,"event":{"mods":["BaseMod","Colored Map","Highlight Path","Minty Spire (QoL Compilation)","Permanent Neow","Quick Restart","Relic Stats","Slay-I"],"gold_per_floor":[113,126,126,126,126,159,159,192,192,208,243,243,263,275,275,275,275],"floor_reached":16,"playtime":553,"items_purged":[],"score":240,"play_id":"05e99858-e80b-4c5f-b44a-99f68d1ac5d5","local_time":"20210104145111","is_ascension_mode":true,"campfire_choices":[{"data":"Blade Dance","floor":7,"key":"SMITH"},{"data":"Cloak And Dagger","floor":12,"key":"SMITH"},{"data":"Finisher","floor":15,"key":"SMITH"}],"circlet_count":0,"master_deck":["AscendersBane","Strike_G","Strike_G","Strike_G","Strike_G","Strike_G","Defend_G","Defend_G","Defend_G","Defend_G","Defend_G","Survivor","Neutralize+1","Blade Dance+1","Riddle With Holes+1","Finisher+1","Dagger Throw","Pain","Endless Agony","Cloak And Dagger+1","Tools of the Trade","PiercingWail"],"relics":["Cursed Key","Lizard Tail","Art of War","Torii","Orichalcum"],"acts_visited":["Exordium"],"potions_floor_usage":[6,10,16],"damage_taken":[{"damage":4,"enemies":"2 Louse","floor":1,"turns":3},{"damage":0,"enemies":"Cultist","floor":2,"turns":4},{"damage":8,"enemies":"Gremlin Nob","floor":6,"turns":3},{"damage":27,"enemies":"Lagavulin","floor":8,"turns":6},{"damage":2,"enemies":"Jaw Worm","floor":10,"turns":3},{"damage":37,"enemies":"3 Sentries","floor":11,"turns":11},{"damage":1,"enemies":"Exordium Thugs","floor":13,"turns":4},{"damage":8,"enemies":"3 Louse","floor":14,"turns":3},{"damage":28,"enemies":"Slime Boss","floor":16,"turns":6}],"seed_played":"-5946344547892847131","potions_obtained":[{"floor":2,"key":"Strength Potion"},{"floor":6,"key":"Fruit Juice"},{"floor":13,"key":"DuplicationPotion"}],"is_trial":false,"path_per_floor":["M","M","$","?","?","E","R","E","T","M","E","R","M","M","R","B"],"character_chosen":"THE_SILENT","items_purchased":[],"campfire_rested":0,"item_purchase_floors":[],"current_hp_per_floor":[55,55,55,35,66,58,58,31,31,34,34,34,33,25,25,0,0],"gold":275,"neow_bonus":"BOSS_RELIC","is_daily":false,"chose_seed":false,"campfire_upgraded":3,"win_rate":0.0,"timestamp":1609789871,"path_taken":["M","M","$","?","?","E","R","E","T","M","E","R","?","M","R","BOSS"],"items_purchased_type":[],"build_version":"2020-12-22","purchased_purges":0,"victory":false,"max_hp_per_floor":[66,66,66,66,66,66,66,66,66,71,71,71,71,71,71,71,71],"relic_stats":{"Lizard Tail":35,"Torii":17,"counters":[9,43],"Art of War":[2],"Orichalcum":[24],"Cursed Key":1,"obtain_stats":[{"Lizard Tail":6,"Torii":9,"Art of War":8,"Orichalcum":11,"Cursed Key":0,"Ring of the Snake":0},{"Lizard Tail":3,"Torii":4,"Art of War":4,"Orichalcum":6,"Cursed Key":0,"Ring of the Snake":0},{"Lizard Tail":10,"Torii":16,"Art of War":16,"Orichalcum":30,"Cursed Key":0,"Ring of the Snake":0}]},"card_choices":[{"not_picked":["Setup","Dagger Throw"],"picked":"Blade Dance","floor":1},{"not_picked":["PiercingWail","Skewer"],"picked":"Riddle With Holes","floor":2},{"not_picked":["Setup","Eviscerate"],"picked":"Finisher","floor":6},{"not_picked":["Acrobatics","Riddle With Holes"],"picked":"Dagger Throw","floor":8},{"not_picked":["Bane","Dagger Throw"],"picked":"Endless Agony","floor":10},{"not_picked":["PiercingWail","Bouncing Flask"],"picked":"Cloak And Dagger","floor":11},{"not_picked":["Escape Plan","Acrobatics"],"picked":"Tools of the Trade","floor":13},{"not_picked":["Slice","Sucker Punch"],"picked":"PiercingWail","floor":14}],"player_experience":1399853,"relics_obtained":[{"floor":6,"key":"Lizard Tail"},{"floor":8,"key":"Art of War"},{"floor":9,"key":"Torii"},{"floor":11,"key":"Orichalcum"}],"event_choices":[{"damage_healed":0,"gold_gain":0,"player_choice":"Entered Light","damage_taken":20,"max_hp_gain":0,"max_hp_loss":0,"event_name":"Shining Light","floor":4,"gold_loss":0,"cards_upgraded":["Riddle With Holes","Neutralize"]},{"damage_healed":31,"gold_gain":0,"player_choice":"Full Heal","damage_taken":0,"max_hp_gain":0,"max_hp_loss":0,"event_name":"Wheel of Change","floor":5,"gold_loss":0}],"is_beta":false,"boss_relics":[],"items_purged_floors":[],"is_endless":false,"potions_floor_spawned":[2,6,13],"killed_by":"Slime Boss","ascension_level":20}}