{"host":"61xbmbtf5zrn7rzc","time":1609724551,"event":{"mods":["BaseMod","Challenge The Spire","Downfall","Hubris","Minty Spire (QoL Compilation)","READ ME - Guardian Mod","Replay The Spire","StSLib","SuperFastMode","The Disciple","The Jungle","The Marked","The Runesmith"],"gold_per_floor":[99,99,99,25,125,137,210,225,225,245,245,271,271,23,41,41,41,41],"floor_reached":16,"playtime":1096,"items_purged":[],"score":98,"play_id":"df5ebd77-3b7b-4466-8d0f-207eba18f1b6","local_time":"20210103204231","is_ascension_mode":false,"campfire_choices":[{"data":"hexamod:Float","floor":1,"key":"SMITH"},{"data":"hexamod:SkipABeat","floor":11,"key":"SMITH"},{"data":"hexamod:GhostOfSpirePast","floor":13,"key":"SMITH"}],"circlet_count":0,"master_deck":["hexamod:Strike","hexamod:Strike","hexamod:Strike","hexamod:Strike","hexamod:Defend","hexamod:Defend","hexamod:Defend","hexamod:Defend","hexamod:Sear","hexamod:Float+1","hexamod:Incineration","hexamod:ThirdSeal","hexamod:EmpoweredFlame+1","hexamod:RadiantFlame","hexamod:FourthSeal","hexamod:ThermalTransfer","hexamod:GhostOfSpireFuture","hexamod:InspiringFlames","hexamod:BurningTouch","hexamod:RainOfEmbers+1","hexamod:SkipABeat+1","hexamod:FastForward","hexamod:GhostOfSpirePast+1","hexamod:SpectralAdrenaline","hexamod:SixthSeal","hexamod:FirstSeal","hexamod:SoulSteal"],"relics":["hexamod:SpiritBrand","downfall:HeartsMalice","Toy Ornithopter","Mirror","Vajra","Medical Kit"],"acts_visited":["Exordium"],"potions_floor_usage":[6,6,12,14,15,16,16,16],"damage_taken":[{"damage":0,"enemies":"2 Louse","floor":2,"turns":1},{"damage":0,"enemies":"Cultist","floor":3,"turns":1},{"damage":0,"enemies":"downfall:FleeingMerchant","floor":4,"turns":1},{"damage":28,"enemies":"downfall:LadyInBlue","floor":5,"turns":9},{"damage":6,"enemies":"Jaw Worm","floor":6,"turns":3},{"damage":6,"enemies":"Blue Slaver","floor":8,"turns":3},{"damage":10,"enemies":"2 Fungi Beasts","floor":10,"turns":4},{"damage":16,"enemies":"3 Sentries","floor":12,"turns":7},{"damage":0,"enemies":"downfall:FleeingMerchant","floor":14,"turns":4},{"damage":9,"enemies":"Large Slime","floor":15,"turns":8},{"damage":47,"enemies":"downfall:Silent","floor":16,"turns":7}],"seed_played":"3308100054188818547","potions_obtained":[{"floor":5,"key":"PowerPotion"},{"floor":5,"key":"SkillPotion"},{"floor":5,"key":"Energy Potion"},{"floor":6,"key":"Fruit Juice"},{"floor":6,"key":"sneckomod:MuddlingPotion"},{"floor":8,"key":"Weak Potion"},{"floor":10,"key":"DistilledChaos"},{"floor":12,"key":"Swift Potion"},{"floor":14,"key":"ColorlessPotion"},{"floor":15,"key":"Flashbang"},{"floor":15,"key":"Energy Potion"}],"is_trial":false,"path_per_floor":["R","M","M","$","?","M","T","M","?","M","R","E","R","$","M","B"],"character_chosen":"THE_SPIRIT","items_purchased":["hexamod:RadiantFlame","Medical Kit","hexamod:FirstSeal"],"campfire_rested":0,"item_purchase_floors":[4,14,14],"current_hp_per_floor":[70,70,70,70,42,51,51,45,45,35,35,24,24,29,32,0,0,0],"gold":41,"neow_bonus":"THREE_ENEMY_KILL","is_daily":false,"chose_seed":false,"campfire_upgraded":3,"win_rate":0.0,"timestamp":1609724551,"path_taken":["R","M","M","$","?","?","T","M","?","M","R","E","R","$","M","BOSS"],"items_purchased_type":["Card","Relic","Card"],"build_version":"2020-12-22","purchased_purges":0,"victory":false,"max_hp_per_floor":[70,70,70,70,70,75,75,75,75,75,75,75,75,75,75,75,75,75],"card_choices":[{"not_picked":["hexamod:NecessarySacrifice","hexamod:StepThrough"],"picked":"hexamod:Incineration","floor":2},{"not_picked":["hexamod:GhostflameBarrier","hexamod:Firestarter"],"picked":"hexamod:ThirdSeal","floor":3},{"not_picked":["hexamod:AdvancingGuard","hexamod:SwordOfDarkness"],"picked":"hexamod:EmpoweredFlame","floor":4},{"not_picked":["hexamod:BacktrackSmack","hexamod:Rewind"],"picked":"hexamod:FourthSeal","floor":5},{"not_picked":["hexamod:GhostShield","hexamod:HauntingEcho"],"picked":"hexamod:ThermalTransfer","floor":5},{"not_picked":["hexamod:AdvancingGuard","hexamod:SpectersWail"],"picked":"hexamod:RadiantFlame","floor":6},{"not_picked":["hexamod:SwordOfDarkness","hexamod:GhostflameBarrier"],"picked":"hexamod:GhostOfSpireFuture","floor":6},{"not_picked":["hexamod:SpectersWail","hexamod:StepThrough"],"picked":"hexamod:InspiringFlames","floor":8},{"not_picked":["hexamod:RainOfEmbers","hexamod:SearingWound"],"picked":"hexamod:BurningTouch","floor":8},{"not_picked":["hexamod:GhostOfSpirePresent","hexamod:SpectersWail"],"picked":"hexamod:SkipABeat","floor":10},{"not_picked":["hexamod:BacktrackSmack","hexamod:Haunt"],"picked":"hexamod:FastForward","floor":10},{"not_picked":["hexamod:RetreatToShadows","hexamod:EtherealExpedition"],"picked":"hexamod:GhostOfSpirePast","floor":12},{"not_picked":["hexamod:ShieldOfDarkness","hexamod:CatchUp"],"picked":"hexamod:SpectralAdrenaline","floor":12},{"not_picked":["hexamod:Haunt","hexamod:HauntingEcho"],"picked":"hexamod:SixthSeal","floor":14},{"not_picked":["hexamod:PhantomFireball","hexamod:GhostOfSpireFuture"],"picked":"hexamod:SoulSteal","floor":15},{"not_picked":["hexamod:GhostShield","hexamod:GhostOfSpirePast","hexamod:NightmareStrike"],"picked":"SKIP","floor":15}],"player_experience":129093,"relics_obtained":[{"floor":5,"key":"Toy Ornithopter"},{"floor":7,"key":"Mirror"},{"floor":12,"key":"Vajra"}],"event_choices":[],"is_beta":false,"boss_relics":[],"items_purged_floors":[],"is_endless":false,"potions_floor_spawned":[6,8,10,12,15],"killed_by":"downfall:Silent","ascension_level":0}}