{"host":"h5acbxt0wmjo1kpm","time":1609743464,"event":{"mods":["2.2 Compatiblity","Act Like it!","AlwaysNeverKeys","Aspiration","Bard","Bartender","BaseMod","Better Third Choice","Colored Map","Elementarium","Gensokyo","GifTheSpireLib","Hallownest","Marisa????????","Menagerie","Minty Spire (QoL Compilation)","Permanent Neow","Potionbrewer","Relic Filter","Replay The Spire","Robot Space Explorer","RumiaBox-????????","Shade Mod","Spicy Shops","StSLib","Strawberry Spire","The Blackbeard","The Dragon Tamer","The Forsaken","The Gatherer","The Problem Sleuth","The Servant 0.9.4","Wandering Minibosses","vexMod"],"gold_per_floor":[112,66,51,51,76,115,115,153,153,173,173,192,192,27,27,158,158,179,179,179,218,23,23,23],"floor_reached":23,"playtime":1198,"items_purged":[],"score":250,"play_id":"12f5bca8-f2f7-4f19-8204-36c28059bf78","local_time":"20210103225744","is_ascension_mode":true,"campfire_choices":[{"floor":7,"key":"REST"},{"data":"Shade:AnimateDead","floor":13,"key":"SMITH"},{"floor":15,"key":"DIG"}],"circlet_count":0,"master_deck":["Shade:Strike_Shade","Shade:Strike_Shade+1","Shade:Defend_Shade","Shade:Defend_Shade","Shade:Defend_Shade","Shade:AnimateDead+1","Shade:CarefulCut","Shade:OpenGraves","Shade:Bonestorm","Shade:Carnophage","Shade:FleshLikeOak","Shade:FleshToFlesh","Shade:LastGasp","Bane","Predator","Tactician","Shade:OpenGraves","Shade:Carnophage+1","Shade:UnbarTheGrave","Shade:GreyBargain","Shade:PressTheAttack","Shade:LoseControl"],"relics":["Shade:YorickSkull","aspiration:Nostalgia","Ring of the Snake","Baka","Golden Idol","Shovel","theForsaken:Kindling","Singing Bowl","Replay:Bottled Steam","aspiration:VileToxins","strawberrySpire:SolarisEssence","Replay:Bottled Snecko","aspiration:Stabinomicon"],"acts_visited":["Menagerie:Menagerie","TheCity"],"potions_floor_usage":[3,8,21],"damage_taken":[{"damage":1,"enemies":"Menagerie:StygianBoar","floor":1,"turns":3},{"damage":0,"enemies":"Menagerie:MonstrousExperiment","floor":5,"turns":3},{"damage":22,"enemies":"Menagerie:Hydra","floor":6,"turns":3},{"damage":12,"enemies":"Menagerie:VoidReaper","floor":8,"turns":5},{"damage":0,"enemies":"Menagerie:2_RABBITS","floor":10,"turns":4},{"damage":5,"enemies":"Menagerie:MeltingSalamander","floor":12,"turns":3},{"damage":33,"enemies":"Menagerie:Suneater","floor":16,"turns":8},{"damage":3,"enemies":"Chosen","floor":18,"turns":7},{"damage":15,"enemies":"3 Byrds","floor":21,"turns":6},{"damage":27,"enemies":"Gremlin Leader","floor":23,"turns":4}],"seed_played":"6389840173147858343","potions_obtained":[{"floor":5,"key":"Explosive Potion"},{"floor":8,"key":"Milkshake"}],"is_trial":false,"path_per_floor":["M","$","?","?","M","E","R","E","T","M","?","M","R","$","R","B",null,"M","?","?","M","$","E"],"character_chosen":"SHADE","items_purchased":["Shade:Bonestorm","Shade:Carnophage+1","Shade:PressTheAttack","Shade:LoseControl"],"campfire_rested":1,"item_purchase_floors":[2,14,22,22],"current_hp_per_floor":[58,58,58,58,58,36,59,47,47,47,47,42,42,42,42,9,51,48,48,32,19,19,0,0],"gold":23,"neow_bonus":"NOSTALGIA","is_daily":false,"chose_seed":false,"campfire_upgraded":1,"win_rate":0.0,"timestamp":1609743464,"path_taken":["M","?","?","?","M","E","R","E","T","M","?","M","R","$","R","BOSS","M","?","?","M","$","E"],"items_purchased_type":["Card","Card","Card","Card"],"build_version":"2020-12-22","purchased_purges":0,"victory":false,"max_hp_per_floor":[65,65,65,60,60,60,65,65,65,65,65,65,65,65,65,65,65,65,65,65,67,67,67,67],"card_choices":[{"not_picked":["Shade:FuneraryArmor","Shade:FreshBones"],"picked":"Shade:OpenGraves","floor":1},{"not_picked":["Shade:ExtraLimbs","Shade:AncientSpear"],"picked":"Shade:Carnophage","floor":5},{"not_picked":["Shade:Brains","Shade:FuneraryArmor"],"picked":"Shade:FleshLikeOak","floor":6},{"not_picked":["Shade:ClawBack","Shade:CommandSoldier"],"picked":"Shade:FleshToFlesh","floor":8},{"not_picked":["Shade:SkeletonHug","Shade:AuraOfUnlife"],"picked":"Shade:LastGasp","floor":10},{"not_picked":["Shade:Bonestorm","Shade:GreyBargain"],"picked":"Shade:OpenGraves","floor":12},{"not_picked":["Shade:LastGasp","Shade:DarkOfNight"],"picked":"Shade:UnbarTheGrave","floor":16},{"not_picked":["Shade:BoneShards","Shade:CommandSoldier"],"picked":"Shade:GreyBargain","floor":18},{"not_picked":["Shade:AncientSpear","Shade:Asphyxiate","Shade:Premonition"],"picked":"Singing Bowl","floor":21}],"player_experience":2029461,"relics_obtained":[{"floor":1,"key":"Baka"},{"floor":5,"key":"Shovel"},{"floor":6,"key":"theForsaken:Kindling"},{"floor":8,"key":"Singing Bowl"},{"floor":9,"key":"Replay:Bottled Steam"},{"floor":15,"key":"aspiration:VileToxins"},{"floor":20,"key":"aspiration:Stabinomicon"}],"event_choices":[{"damage_healed":0,"gold_gain":0,"player_choice":"Potion","damage_taken":0,"relics_obtained":["potionbrewer:BlacksmithPotion"],"max_hp_gain":0,"max_hp_loss":0,"event_name":"Menagerie:MagicPeddler","floor":3,"gold_loss":15},{"damage_healed":0,"gold_gain":0,"player_choice":"Lose Max HP","damage_taken":0,"relics_obtained":["Golden Idol"],"max_hp_gain":0,"max_hp_loss":5,"event_name":"Golden Idol","floor":4,"gold_loss":0},{"damage_healed":0,"gold_gain":0,"player_choice":"Obtained Book","damage_taken":16,"max_hp_gain":0,"max_hp_loss":0,"event_name":"Cursed Tome","floor":20,"gold_loss":0}],"is_beta":false,"boss_relics":[{"not_picked":["vexMod:DeviousBotling","strawberrySpire:RottenAvocado"],"picked":"strawberrySpire:SolarisEssence"}],"items_purged_floors":[],"is_endless":false,"potions_floor_spawned":[5,8],"killed_by":"Gremlin Leader","ascension_level":6}}