{"host":"f6xgumyvn8a66tyr","time":1609724675,"event":{"mods":["BaseMod","Card Forge","ChefMod","Downfall","Hermit","Infinite Spire","Jedi Mod","Marisa????????","Melee Mod","Minty Spire (QoL Compilation)","Replay The Spire","Small Relic Pack","Spicy Shops","StSLib","The Alterego","The Bladedancer","The Marked","The Runesmith","The Servant 0.9.4","TheSwordswoman","Waifu the Spire","WarShipGirlsR/????R mod","Yuri Mod"],"gold_per_floor":[119,130,130,140,160,160,160,160],"floor_reached":7,"playtime":870,"items_purged":[],"score":41,"play_id":"9143c325-6106-4b93-9b18-ae9d21dff207","local_time":"20210103174435","is_ascension_mode":false,"campfire_choices":[{"floor":6,"key":"REST"}],"circlet_count":0,"master_deck":["blademaster:Strike+1","blademaster:Strike","blademaster:Strike","blademaster:Strike","blademaster:Defend","blademaster:Defend","blademaster:Defend","blademaster:Defend","blademaster:RagingBlow","blademaster:HighVoltage","blademaster:SlyStabs","blademaster:WindSlash","blademaster:Vortex","blademaster:Blindside+1","blademaster:AncestralHealing"],"relics":["blademaster:DancersAmulet","Hammer of Thor","Seething Fire","Anvil of the Gods","Dream Catcher","jedi:ominousloannote","Whetstone","Anchor"],"acts_visited":["Exordium"],"potions_floor_usage":[7],"damage_taken":[{"damage":8,"enemies":"2 Louse","floor":1,"turns":5},{"damage":38,"enemies":"Cultist","floor":2,"turns":9},{"damage":9,"enemies":"Jaw Worm","floor":4,"turns":6},{"damage":54,"enemies":"Gremlin Nob","floor":7,"turns":5}],"seed_played":"-3973614521161183862","potions_obtained":[{"floor":2,"key":"Strength Potion"},{"floor":4,"key":"BlessingOfTheForge"}],"is_trial":false,"path_per_floor":["M","M","?","M","$","R","E"],"character_chosen":"THE_BLADEMASTER","items_purchased":["blademaster:Blindside","jedi:ominousloannote","Whetstone","Anchor"],"campfire_rested":1,"item_purchase_floors":[5,5,5,5],"current_hp_per_floor":[74,36,36,27,27,51,0,0],"gold":160,"neow_bonus":"TEN_PERCENT_HP_BONUS","is_daily":false,"chose_seed":false,"campfire_upgraded":0,"win_rate":0.0,"timestamp":1609724675,"path_taken":["M","M","?","?","$","R","E"],"items_purchased_type":["Card","Relic","Relic","Relic"],"build_version":"2020-12-22","purchased_purges":0,"victory":false,"max_hp_per_floor":[82,82,82,82,82,82,82,82],"card_choices":[{"not_picked":["blademaster:ThunderSlash","blademaster:Slice"],"picked":"blademaster:SlyStabs","floor":1},{"not_picked":["blademaster:BloodyBlow","blademaster:Sunder"],"picked":"blademaster:WindSlash","floor":2},{"not_picked":["blademaster:WindSlash","blademaster:ThunderSlash"],"picked":"blademaster:Vortex","floor":4},{"not_picked":["blademaster:FlockOfBlades","blademaster:BloodyBlow"],"picked":"blademaster:AncestralHealing","floor":6}],"player_experience":256723,"relics_obtained":[],"event_choices":[{"damage_healed":0,"gold_gain":0,"player_choice":"Gave Potion","damage_taken":0,"relics_obtained":["Dream Catcher"],"max_hp_gain":0,"max_hp_loss":0,"event_name":"WeMeetAgain","floor":3,"gold_loss":0}],"is_beta":false,"boss_relics":[],"items_purged_floors":[],"is_endless":false,"potions_floor_spawned":[2,4],"killed_by":"Gremlin Nob","ascension_level":0}}