{"host":"ta9mufxydm4vkknf","time":1609794045,"event":{"mods":["AchievementEnabler","BaseMod","Minty Spire (QoL Compilation)","Quick Restart"],"gold_per_floor":[111,128,140,150,198,229,229,229,282,282,298,312,39,64,64,161,161,148,148,164,181,181,181,198,231,254,287,287,32,32,51,51,51,51],"floor_reached":33,"playtime":1609,"items_purged":["Defend_G"],"score":382,"play_id":"8ad73ee0-9a77-44bd-baad-9c833969b269","local_time":"20210104220045","is_ascension_mode":true,"campfire_choices":[{"data":"Dagger Throw","floor":7,"key":"SMITH"},{"data":"Footwork","floor":10,"key":"SMITH"},{"data":"Sucker Punch","floor":15,"key":"SMITH"},{"data":"Underhanded Strike","floor":23,"key":"SMITH"},{"data":"Blur","floor":28,"key":"SMITH"},{"data":"Footwork","floor":30,"key":"SMITH"},{"data":"Corpse Explosion","floor":32,"key":"SMITH"}],"circlet_count":0,"master_deck":["Strike_G","Strike_G","Strike_G","Defend_G","Defend_G","Defend_G","Defend_G","Survivor","Neutralize","Footwork+1","Blur+1","Slice","Footwork+1","Dagger Throw+1","Leg Sweep","Sucker Punch+1","Underhanded Strike+1","Blur","Corpse Explosion+1","CurseOfTheBell","Dagger Spray+1","Bane+1","Poisoned Stab+1","Cloak And Dagger+1","Die Die Die+1","Quick Slash+1","Prepared"],"relics":["Sozu","Bronze Scales","Blood Vial","Molten Egg 2","Anchor","Calling Bell","Lantern","Shuriken","Tingsha","MutagenicStrength","Boot","Potion Belt","Singing Bowl","TwistedFunnel"],"acts_visited":["Exordium","TheCity"],"potions_floor_usage":[],"damage_taken":[{"damage":0,"enemies":"Cultist","floor":1,"turns":4},{"damage":0,"enemies":"Small Slimes","floor":2,"turns":5},{"damage":0,"enemies":"2 Louse","floor":3,"turns":4},{"damage":4,"enemies":"Red Slaver","floor":4,"turns":5},{"damage":8,"enemies":"Lagavulin","floor":6,"turns":14},{"damage":0,"enemies":"2 Fungi Beasts","floor":11,"turns":3},{"damage":0,"enemies":"Exordium Thugs","floor":12,"turns":6},{"damage":11,"enemies":"3 Sentries","floor":14,"turns":9},{"damage":0,"enemies":"Hexaghost","floor":16,"turns":12},{"damage":3,"enemies":"2 Thieves","floor":18,"turns":4},{"damage":0,"enemies":"Shell Parasite","floor":20,"turns":7},{"damage":8,"enemies":"Shelled Parasite and Fungi","floor":21,"turns":5},{"damage":13,"enemies":"Snecko","floor":24,"turns":6},{"damage":12,"enemies":"Slavers","floor":25,"turns":4},{"damage":8,"enemies":"Book of Stabbing","floor":27,"turns":6},{"damage":0,"enemies":"Snake Plant","floor":31,"turns":3},{"damage":47,"enemies":"Collector","floor":33,"turns":7}],"seed_played":"1460522312932825928","potions_obtained":[],"is_trial":false,"path_per_floor":["M","M","M","M","T","E","R","?","T","R","M","M","$","E","R","B",null,"M","?","M","M","?","R","M","E","T","E","R","$","R","M","R","B"],"character_chosen":"THE_SILENT","items_purchased":["Underhanded Strike","Molten Egg 2","TwistedFunnel","Prepared"],"campfire_rested":0,"item_purchase_floors":[13,13,29,29],"current_hp_per_floor":[70,70,70,66,66,58,58,58,58,58,60,62,62,53,53,55,70,67,67,69,62,62,62,51,41,41,35,35,35,35,39,39,0,0],"gold":51,"neow_bonus":"BOSS_RELIC","is_daily":false,"chose_seed":false,"campfire_upgraded":7,"win_rate":0.0,"timestamp":1609794045,"path_taken":["M","M","M","M","?","E","R","?","T","R","?","M","$","E","R","BOSS","M","?","M","?","?","R","M","E","T","E","R","$","R","M","R","BOSS"],"items_purchased_type":["Card","Relic","Relic","Card"],"build_version":"2020-12-22","purchased_purges":1,"victory":false,"max_hp_per_floor":[70,70,70,70,70,70,70,70,70,70,70,70,70,70,70,70,70,70,70,70,70,70,70,70,70,70,70,70,70,70,72,72,72,72],"card_choices":[{"not_picked":["PiercingWail","Dagger Throw"],"picked":"Footwork","floor":1},{"not_picked":["Eviscerate","Flechettes"],"picked":"Blur","floor":2},{"not_picked":["Blade Dance","Dagger Spray"],"picked":"Slice","floor":3},{"not_picked":["Distraction","Outmaneuver"],"picked":"Footwork","floor":4},{"not_picked":["Choke","Setup"],"picked":"Dagger Throw","floor":6},{"not_picked":["Cloak And Dagger","Dodge and Roll"],"picked":"Leg Sweep","floor":11},{"not_picked":["Heel Hook","Bane"],"picked":"Sucker Punch","floor":12},{"not_picked":["Well Laid Plans","Outmaneuver"],"picked":"Blur","floor":14},{"not_picked":["Phantasmal Killer","Bullet Time"],"picked":"Corpse Explosion","floor":16},{"not_picked":["Quick Slash+1","Expertise"],"picked":"Dagger Spray+1","floor":18},{"not_picked":["Backflip","Dash+1"],"picked":"Bane+1","floor":20},{"not_picked":["Blade Dance+1","Dagger Spray+1"],"picked":"Poisoned Stab+1","floor":21},{"not_picked":["Infinite Blades+1","Poisoned Stab+1"],"picked":"Cloak And Dagger+1","floor":24},{"not_picked":["PiercingWail","Outmaneuver"],"picked":"Die Die Die+1","floor":25},{"not_picked":["Underhanded Strike+1","Deflect"],"picked":"Quick Slash+1","floor":27},{"not_picked":["Backflip+1","PiercingWail","Sucker Punch+1"],"picked":"Singing Bowl","floor":31}],"player_experience":207733,"relics_obtained":[{"floor":5,"key":"Bronze Scales"},{"floor":6,"key":"Blood Vial"},{"floor":14,"key":"Anchor"},{"floor":17,"key":"Lantern"},{"floor":17,"key":"Shuriken"},{"floor":17,"key":"Tingsha"},{"floor":25,"key":"Boot"},{"floor":26,"key":"Potion Belt"},{"floor":27,"key":"Singing Bowl"}],"event_choices":[{"cards_removed":["Strike_G"],"damage_healed":0,"gold_gain":0,"player_choice":"Offered Basic","damage_taken":0,"max_hp_gain":0,"max_hp_loss":0,"event_name":"Bonfire Elementals","floor":8,"gold_loss":0},{"cards_removed":["Strike_G"],"damage_healed":0,"gold_gain":0,"player_choice":"Purged","damage_taken":0,"max_hp_gain":0,"max_hp_loss":0,"event_name":"Purifier","floor":19,"gold_loss":0},{"damage_healed":0,"gold_gain":0,"player_choice":"Inject Mutagens","damage_taken":0,"relics_obtained":["MutagenicStrength"],"max_hp_gain":0,"max_hp_loss":0,"event_name":"Drug Dealer","floor":22,"gold_loss":0}],"is_beta":false,"boss_relics":[{"not_picked":["Cursed Key","Coffee Dripper"],"picked":"Calling Bell"}],"items_purged_floors":[29],"is_endless":false,"potions_floor_spawned":[1,2,11,12,20,27],"killed_by":"Collector","ascension_level":2}}