{"host":"6r4na9dgjsffx65e","time":1609770111,"event":{"mods":["BaseMod","Colored Map","Colored Powertips","Minty Spire (QoL Compilation)","Relic Stats","ojb\u0027s Info Mod"],"gold_per_floor":[109,184,21,21,35,73,94,135,158,333,283,283,298,334,346,483,495,531,563,575,537,568,580,64,64,64],"floor_reached":25,"playtime":969,"items_purged":["Strike_B","Strike_B"],"score":329,"play_id":"c524f242-aacb-456a-91df-2c17b82fa581","local_time":"20210104152151","is_ascension_mode":true,"campfire_choices":[{"data":"Defragment","floor":12,"key":"SMITH"},{"floor":15,"key":"REST"},{"floor":23,"key":"REST"}],"circlet_count":0,"master_deck":["Strike_B","Strike_B","Defend_B","Defend_B","Defend_B","Defend_B","Zap","Dualcast","Sweeping Beam","Defragment+1","Capacitor","Leap","Rip and Tear","Coolheaded","Core Surge","Conserve Battery","Electrodynamics","Glacier","Stack","Fission","Defragment","Barrage"],"relics":["Cracked Core","NeowsBlessing","Golden Idol","Happy Flower","Vajra","MawBank","Black Star","Runic Capacitor"],"acts_visited":["Exordium","TheCity"],"potions_floor_usage":[8,8,16,25],"damage_taken":[{"damage":0,"enemies":"2 Louse","floor":1,"turns":1},{"damage":0,"enemies":"Jaw Worm","floor":5,"turns":1},{"damage":0,"enemies":"Lagavulin","floor":6,"turns":1},{"damage":0,"enemies":"Small Slimes","floor":7,"turns":5},{"damage":8,"enemies":"Gremlin Nob","floor":8,"turns":4},{"damage":8,"enemies":"Blue Slaver","floor":13,"turns":3},{"damage":23,"enemies":"3 Sentries","floor":14,"turns":5},{"damage":8,"enemies":"Slime Boss","floor":16,"turns":8},{"damage":8,"enemies":"Spheric Guardian","floor":18,"turns":4},{"damage":40,"enemies":"2 Thieves","floor":19,"turns":5},{"damage":26,"enemies":"Sentry and Sphere","floor":22,"turns":4},{"damage":13,"enemies":"Slavers","floor":25,"turns":2}],"seed_played":"-2200987757254109362","potions_obtained":[{"floor":6,"key":"SpeedPotion"},{"floor":7,"key":"PowerPotion"},{"floor":8,"key":"Ancient Potion"},{"floor":14,"key":"Weak Potion"},{"floor":19,"key":"SpeedPotion"}],"is_trial":false,"path_per_floor":["M","?","$","?","M","E","M","E","T","?","?","R","M","E","R","B",null,"M","M","?","?","M","R","$","E"],"character_chosen":"DEFECT","items_purchased":["Defragment","Weak Potion","Runic Capacitor","Fission","Defragment","Barrage"],"campfire_rested":2,"item_purchase_floors":[3,3,24,24,24,24],"current_hp_per_floor":[68,57,57,57,57,57,57,49,49,49,49,49,41,18,38,30,59,51,11,34,34,8,28,28,15,15],"gold":64,"neow_bonus":"THREE_ENEMY_KILL","is_daily":false,"chose_seed":false,"campfire_upgraded":1,"win_rate":0.0,"timestamp":1609770111,"path_taken":["M","?","$","?","M","E","?","E","T","?","?","R","M","E","R","BOSS","M","M","?","?","?","R","?","E"],"items_purchased_type":["Card","Potion","Relic","Card","Card","Card"],"build_version":"2020-12-22","purchased_purges":2,"victory":false,"max_hp_per_floor":[75,75,75,69,69,69,69,69,69,69,69,69,69,69,69,69,69,69,69,69,69,69,69,69,69,69],"relic_stats":{"Happy Flower":[13],"counters":[12,43],"Golden Idol":71,"Black Star":0,"MawBank":120,"obtain_stats":[{"NeowsBlessing":0,"Happy Flower":6,"Golden Idol":4,"Vajra":8,"Black Star":17,"Runic Capacitor":24,"Cracked Core":0,"MawBank":14},{"NeowsBlessing":0,"Happy Flower":3,"Golden Idol":1,"Vajra":5,"Black Star":8,"Runic Capacitor":11,"Cracked Core":0,"MawBank":7},{"NeowsBlessing":0,"Happy Flower":3,"Golden Idol":1,"Vajra":12,"Black Star":28,"Runic Capacitor":41,"Cracked Core":0,"MawBank":20}]},"card_choices":[{"not_picked":["Redo","Hologram"],"picked":"Sweeping Beam","floor":1},{"not_picked":["Consume","Force Field"],"picked":"Capacitor","floor":5},{"not_picked":["Aggregate","Creative AI"],"picked":"Leap","floor":6},{"not_picked":["Rebound","Stack"],"picked":"Rip and Tear","floor":7},{"not_picked":["Beam Cell","Turbo"],"picked":"Coolheaded","floor":8},{"not_picked":["Compile Driver","Auto Shields"],"picked":"Core Surge","floor":13},{"not_picked":["Ball Lightning","Hologram"],"picked":"Conserve Battery","floor":14},{"not_picked":["Fission","Core Surge"],"picked":"Electrodynamics","floor":16},{"not_picked":["Undo","Redo","Turbo"],"picked":"SKIP","floor":18},{"not_picked":["Rip and Tear+1","Conserve Battery"],"picked":"Glacier","floor":19},{"not_picked":["Gash","Rebound"],"picked":"Stack","floor":22}],"player_experience":507015,"relics_obtained":[{"floor":6,"key":"Happy Flower"},{"floor":8,"key":"Vajra"},{"floor":14,"key":"MawBank"}],"event_choices":[{"damage_healed":0,"gold_gain":75,"player_choice":"Gather Gold","damage_taken":11,"max_hp_gain":0,"max_hp_loss":0,"event_name":"World of Goop","floor":2,"gold_loss":0},{"damage_healed":0,"gold_gain":0,"player_choice":"Lose Max HP","damage_taken":0,"relics_obtained":["Golden Idol"],"max_hp_gain":0,"max_hp_loss":6,"event_name":"Golden Idol","floor":4,"gold_loss":0},{"damage_healed":0,"gold_gain":175,"player_choice":"AGREE","damage_taken":0,"max_hp_gain":0,"max_hp_loss":0,"event_name":"Liars Game","floor":10,"gold_loss":0,"cards_obtained":["Doubt"]},{"cards_removed":["Doubt"],"damage_healed":0,"gold_gain":0,"player_choice":"Card Removal","damage_taken":0,"max_hp_gain":0,"max_hp_loss":0,"event_name":"The Cleric","floor":11,"gold_loss":50},{"damage_healed":23,"gold_gain":0,"player_choice":"Heal","damage_taken":0,"max_hp_gain":0,"max_hp_loss":0,"event_name":"The Library","floor":20,"gold_loss":0},{"damage_healed":0,"gold_gain":0,"player_choice":"Bet on Murderer","damage_taken":0,"max_hp_gain":0,"max_hp_loss":0,"event_name":"The Joust","floor":21,"gold_loss":50}],"is_beta":false,"boss_relics":[{"not_picked":["Tiny House","Sozu"],"picked":"Black Star"}],"items_purged_floors":[3,24],"is_endless":false,"potions_floor_spawned":[6,7,8,14,19],"killed_by":"Slavers","ascension_level":7}}