{"host":"19r1ww88x2tc73i0","time":1609783992,"event":{"mods":["BaseMod","BetterRewards","Colored Map","Minty Spire (QoL Compilation)","Relic Stats","StSLib","SuperFastMode","slay the spire mod where everything is the same but ironclad has a cowboy hat"],"gold_per_floor":[116,59,70,88,102,136,154,185,185,211,211,245,245,260,260,332,332,346,364,31,41,41,67,67,67,67,67,93,93,93,110,110,189,189,207,36,36,86,101,127,127,172,172,39,39,39,56,89,89,89,89,89],"floor_reached":51,"playtime":2360,"items_purged":["Strike_G","Strike_G"],"score":2072,"play_id":"bc898fd7-dba7-4a66-938f-5289fb869555","local_time":"25640105011312","is_ascension_mode":true,"campfire_choices":[{"data":"Blade Dance","floor":13.0,"key":"SMITH"},{"floor":15.0,"key":"REST"},{"data":"A Thousand Cuts","floor":24.0,"key":"SMITH"},{"data":"Accuracy","floor":27.0,"key":"SMITH"},{"data":"Accuracy","floor":29,"key":"SMITH"},{"floor":32,"key":"REST"},{"floor":41,"key":"DIG"},{"floor":45,"key":"DIG"},{"floor":49,"key":"RECALL"}],"circlet_count":0,"master_deck":["AscendersBane","Strike_G","Strike_G","Strike_G","Defend_G","Defend_G","Defend_G","Defend_G","Defend_G","Survivor","Neutralize","Blur","Accuracy+1","Dash","Blade Dance+1","Infinite Blades","Well Laid Plans","Footwork","PiercingWail","Expertise","Accuracy+1","A Thousand Cuts+1","Cloak And Dagger+1","Blade Dance+1","Wraith Form v2","Storm of Steel+1","CurseOfTheBell","Deflect+1","Calculated Gamble+1","Corpse Explosion+1","Outmaneuver+1"],"relics":["Ring of the Snake","Ginger","Mango","CaptainsWheel","Orichalcum","Akabeko","Pear","Odd Mushroom","Singing Bowl","Boot","Sozu","Toxic Egg 2","FossilizedHelix","Ornamental Fan","Calling Bell","Oddly Smooth Stone","Letter Opener","Bird Faced Urn","Membership Card","Thread and Needle","Shovel","Omamori","Gambling Chip","HornCleat","HandDrill","Strawberry","Centennial Puzzle","Prayer Wheel"],"acts_visited":["Exordium","TheCity","TheBeyond"],"potions_floor_usage":[28],"damage_taken":[{"damage":0.0,"enemies":"2 Louse","floor":1.0,"turns":4.0},{"damage":7.0,"enemies":"Jaw Worm","floor":3.0,"turns":4.0},{"damage":0.0,"enemies":"Small Slimes","floor":4.0,"turns":3.0},{"damage":0.0,"enemies":"Blue Slaver","floor":5.0,"turns":4.0},{"damage":18.0,"enemies":"3 Sentries","floor":6.0,"turns":7.0},{"damage":5.0,"enemies":"3 Louse","floor":7.0,"turns":4.0},{"damage":13.0,"enemies":"Lagavulin","floor":8.0,"turns":8.0},{"damage":7.0,"enemies":"The Mushroom Lair","floor":10.0,"turns":4.0},{"damage":16.0,"enemies":"3 Sentries","floor":12.0,"turns":9.0},{"damage":8.0,"enemies":"Lots of Slimes","floor":14.0,"turns":3.0},{"damage":21.0,"enemies":"Hexaghost","floor":16.0,"turns":10.0},{"damage":13.0,"enemies":"3 Byrds","floor":18.0,"turns":6.0},{"damage":9.0,"enemies":"Shell Parasite","floor":19.0,"turns":5.0},{"damage":5.0,"enemies":"Chosen and Byrds","floor":21.0,"turns":7.0},{"damage":0.0,"enemies":"Gremlin Leader","floor":23.0,"turns":5.0},{"damage":12,"enemies":"Slavers","floor":28,"turns":4},{"damage":5,"enemies":"Centurion and Healer","floor":31,"turns":5},{"damage":28,"enemies":"Champ","floor":33,"turns":9},{"damage":2,"enemies":"3 Darklings","floor":35,"turns":5},{"damage":0,"enemies":"3 Shapes","floor":39,"turns":3},{"damage":0,"enemies":"Giant Head","floor":40,"turns":6},{"damage":35,"enemies":"2 Orb Walkers","floor":42,"turns":4},{"damage":0,"enemies":"3 Darklings","floor":47,"turns":1},{"damage":16,"enemies":"Reptomancer","floor":48,"turns":5},{"damage":29,"enemies":"Donu and Deca","floor":50,"turns":7},{"damage":65,"enemies":"Awakened One","floor":51,"turns":9}],"seed_played":"-3153851345718411726","potions_obtained":[{"floor":4.0,"key":"Ancient Potion"},{"floor":5.0,"key":"CultistPotion"},{"floor":8.0,"key":"ColorlessPotion"},{"floor":14.0,"key":"BlessingOfTheForge"},{"floor":16.0,"key":"CunningPotion"}],"is_trial":false,"path_per_floor":["M","$","M","M","M","E","M","E","T","?","T","E","R","M","R","B",null,"M","M","$","M","?","E","R","?","T","R","E","R","?","M","R","B",null,"M","$","T","?","M","E","R","?","T","$","R","T","M","E","R","B","B"],"character_chosen":"THE_SILENT","items_purchased":["Ginger","Mango","Blur","Accuracy","Blade Dance","Toxic Egg 2","Cloak And Dagger+1","Membership Card","HandDrill"],"campfire_rested":2,"item_purchase_floors":[0,0,0,0,2,20,20,36,44],"current_hp_per_floor":[73,73,66,66,66,48,43,30,40,33,33,17,17,11,38,17,73,62,55,55,50,50,50,50,50,50,50,40,40,40,37,67,39,85,93,93,93,93,97,100,100,67,67,67,74,74,74,68,68,53,0,0],"gold":89,"neow_bonus":"","is_daily":false,"chose_seed":false,"campfire_upgraded":4,"win_rate":0.0,"timestamp":1609783992,"path_taken":["M","$","M","M","M","E","M","E","T","?","?","E","R","M","R","BOSS","M","M","$","M","?","E","R","?","T","R","E","R","?","M","R","BOSS","M","$","?","?","?","E","R","?","T","$","R","?","M","E","R","BOSS","BOSS"],"items_purchased_type":["Relic","Relic","Card","Card","Card","Relic","Card","Relic","Relic"],"build_version":"2020-12-22","purchased_purges":2,"victory":false,"max_hp_per_floor":[80,80,80,80,80,80,80,80,90,90,90,90,90,92,92,92,92,94,96,96,96,96,96,96,96,96,96,98,98,98,100,100,100,100,100,100,100,100,100,100,100,102,102,102,109,109,109,111,111,111,111,111],"relic_stats":{"Singing Bowl":14,"counters":[228,1030],"Ginger":[38],"Letter Opener":[122],"Orichalcum":[72],"Boot":[105],"Sozu":14,"Centennial Puzzle":[9],"Shovel":7,"Ornamental Fan":[232],"Bird Faced Urn":[202],"Gambling Chip":[14],"Prayer Wheel":1,"HandDrill":[60],"obtain_stats":[{"TwistedFunnel":20,"Ginger":0,"Whetstone":7,"Bottled Tornado":12,"Sling":36,"Boot":11,"Blood Vial":12,"MealTicket":31,"HandDrill":0,"Runic Cube":17,"Pear":9,"Blue Candle":9,"Velvet Choker":17,"Eternal Feather":11,"Tingsha":48,"Pen Nib":9,"Paper Crane":0,"Akabeko":0,"Bird Faced Urn":0,"Unceasing Top":0,"Lantern":13,"Regal Pillow":9,"Torii":0,"Singing Bowl":11,"StoneCalendar":47,"Bag of Preparation":31,"Cursed Key":17,"Smiling Mask":24,"Ancient Tea Set":28,"Burning Blood":0,"Matryoshka":0,"Shovel":10,"Ninja Scroll":26,"WingedGreaves":0,"Chemical X":0,"Paper Frog":4,"Ring of the Snake":0,"Potion Belt":13,"Self Forming Clay":3,"Golden Idol":3,"Thread and Needle":37,"PreservedInsect":0,"The Courier":10,"Omamori":26,"Frozen Egg 2":20,"MawBank":23,"Busted Crown":34,"Ornamental Fan":6,"Turnip":0,"Art of War":0,"Bottled Lightning":29,"Toy Ornithopter":9,"Ice Cream":0,"Calipers":25,"Gremlin Horn":48,"CeramicFish":0,"Vajra":46,"Runic Capacitor":0,"Sozu":17,"Lizard Tail":0,"Centennial Puzzle":46,"HornCleat":11,"Strawberry":8,"Prayer Wheel":45,"Philosopher\u0027s Stone":34,"Toxic Egg 2":0,"Girya":13,"Happy Flower":28,"Dead Branch":0,"Oddly Smooth Stone":34,"Letter Opener":34,"War Paint":9,"Du-Vu Doll":0,"OrangePellets":0,"Shuriken":8,"Bronze Scales":43,"Molten Egg 2":45,"Black Star":17,"Symbiotic Virus":6,"Meat on the Bone":3,"Darkstone Periapt":26,"Mango":0,"Snake Skull":45,"Juzu Bracelet":0,"Incense Burner":0,"Empty Cage":17,"ClockworkSouvenir":45,"Dream Catcher":26,"TheAbacus":46,"Mummified Hand":0,"Pantograph":9,"Gambling Chip":0,"Tiny Chest":0,"Red Mask":21,"Cracked Core":0,"Runic Pyramid":34,"Odd Mushroom":10,"Orichalcum":6,"Medical Kit":30,"White Beast Statue":28,"Mercury Hourglass":43,"Peace Pipe":14,"Calling Bell":34,"Anchor":19,"CaptainsWheel":0,"Bag of Marbles":0,"Membership Card":0,"TungstenRod":0,"FossilizedHelix":0},{"TwistedFunnel":168,"Ginger":11,"Whetstone":180,"Bottled Tornado":165,"Sling":121,"Boot":152,"Blood Vial":4,"MealTicket":191,"HandDrill":49,"Runic Cube":7,"Pear":209,"Blue Candle":83,"Velvet Choker":143,"Eternal Feather":105,"Tingsha":201,"Pen Nib":62,"Paper Crane":147,"Akabeko":0,"Bird Faced Urn":56,"Unceasing Top":97,"Lantern":43,"Regal Pillow":162,"Torii":11,"Singing Bowl":210,"StoneCalendar":35,"Bag of Preparation":28,"Cursed Key":20,"Smiling Mask":25,"Ancient Tea Set":26,"Burning Blood":0,"Matryoshka":45,"Shovel":92,"Ninja Scroll":115,"WingedGreaves":63,"Chemical X":56,"Paper Frog":1,"Ring of the Snake":0,"Potion Belt":71,"Self Forming Clay":1,"Golden Idol":38,"Thread and Needle":221,"PreservedInsect":0,"The Courier":84,"Omamori":25,"Frozen Egg 2":74,"MawBank":10,"Busted Crown":120,"Ornamental Fan":2,"Turnip":78,"Art of War":0,"Bottled Lightning":190,"Toy Ornithopter":67,"Ice Cream":63,"Calipers":25,"Gremlin Horn":35,"CeramicFish":0,"Vajra":34,"Runic Capacitor":45,"Sozu":167,"Lizard Tail":97,"Centennial Puzzle":224,"HornCleat":18,"Strawberry":3,"Prayer Wheel":33,"Philosopher\u0027s Stone":192,"Toxic Egg 2":78,"Girya":141,"Happy Flower":26,"Dead Branch":56,"Oddly Smooth Stone":220,"Letter Opener":220,"War Paint":16,"Du-Vu Doll":97,"OrangePellets":0,"Shuriken":16,"Bronze Scales":33,"Molten Egg 2":33,"Black Star":95,"Symbiotic Virus":61,"Meat on the Bone":158,"Darkstone Periapt":10,"Mango":37,"Snake Skull":128,"Juzu Bracelet":0,"Incense Burner":0,"Empty Cage":73,"ClockworkSouvenir":33,"Dream Catcher":77,"TheAbacus":128,"Mummified Hand":86,"Pantograph":3,"Gambling Chip":132,"Tiny Chest":11,"Red Mask":24,"Cracked Core":0,"Runic Pyramid":29,"Odd Mushroom":17,"Orichalcum":207,"Medical Kit":190,"White Beast Statue":117,"Mercury Hourglass":197,"Peace Pipe":6,"Calling Bell":220,"Anchor":184,"CaptainsWheel":202,"Bag of Marbles":0,"Membership Card":11,"TungstenRod":11,"FossilizedHelix":86},{"TwistedFunnel":715,"Ginger":62,"Whetstone":765,"Bottled Tornado":700,"Sling":501,"Boot":634,"Blood Vial":15,"MealTicket":841,"HandDrill":216,"Runic Cube":36,"Pear":923,"Blue Candle":350,"Velvet Choker":599,"Eternal Feather":430,"Tingsha":887,"Pen Nib":268,"Paper Crane":616,"Akabeko":0,"Bird Faced Urn":248,"Unceasing Top":406,"Lantern":194,"Regal Pillow":683,"Torii":62,"Singing Bowl":927,"StoneCalendar":146,"Bag of Preparation":124,"Cursed Key":96,"Smiling Mask":112,"Ancient Tea Set":116,"Burning Blood":0,"Matryoshka":202,"Shovel":381,"Ninja Scroll":473,"WingedGreaves":271,"Chemical X":248,"Paper Frog":2,"Ring of the Snake":0,"Potion Belt":298,"Self Forming Clay":2,"Golden Idol":164,"Thread and Needle":995,"PreservedInsect":0,"The Courier":354,"Omamori":112,"Frozen Egg 2":312,"MawBank":57,"Busted Crown":499,"Ornamental Fan":7,"Turnip":328,"Art of War":0,"Bottled Lightning":835,"Toy Ornithopter":283,"Ice Cream":271,"Calipers":112,"Gremlin Horn":146,"CeramicFish":0,"Vajra":143,"Runic Capacitor":202,"Sozu":710,"Lizard Tail":406,"Centennial Puzzle":1008,"HornCleat":87,"Strawberry":12,"Prayer Wheel":140,"Philosopher\u0027s Stone":852,"Toxic Egg 2":328,"Girya":593,"Happy Flower":116,"Dead Branch":248,"Oddly Smooth Stone":990,"Letter Opener":990,"War Paint":79,"Du-Vu Doll":406,"OrangePellets":0,"Shuriken":79,"Bronze Scales":140,"Molten Egg 2":140,"Black Star":396,"Symbiotic Virus":265,"Meat on the Bone":667,"Darkstone Periapt":57,"Mango":159,"Snake Skull":530,"Juzu Bracelet":0,"Incense Burner":0,"Empty Cage":309,"ClockworkSouvenir":140,"Dream Catcher":326,"TheAbacus":530,"Mummified Hand":360,"Pantograph":12,"Gambling Chip":554,"Tiny Chest":62,"Red Mask":109,"Cracked Core":0,"Runic Pyramid":129,"Odd Mushroom":83,"Orichalcum":911,"Medical Kit":835,"White Beast Statue":482,"Mercury Hourglass":871,"Peace Pipe":23,"Calling Bell":990,"Anchor":794,"CaptainsWheel":889,"Bag of Marbles":0,"Membership Card":62,"TungstenRod":62,"FossilizedHelix":360}],"Ring of the Snake":[52]},"card_choices":[{"not_picked":["Well Laid Plans","Expertise"],"picked":"Dash","floor":1.0},{"not_picked":["Outmaneuver","Reflex"],"picked":"Infinite Blades","floor":3.0},{"not_picked":["Setup","Choke","Sucker Punch"],"picked":"SKIP","floor":4.0},{"not_picked":["Outmaneuver","Underhanded Strike"],"picked":"Well Laid Plans","floor":5.0},{"not_picked":["Masterful Stab","Setup"],"picked":"Footwork","floor":6.0},{"not_picked":["Predator","Dagger Spray"],"picked":"PiercingWail","floor":7.0},{"not_picked":["PiercingWail","Underhanded Strike","Masterful Stab"],"picked":"SKIP","floor":8.0},{"not_picked":["Concentrate","Deadly Poison"],"picked":"Expertise","floor":10.0},{"not_picked":["PiercingWail","All Out Attack"],"picked":"Accuracy","floor":12.0},{"not_picked":["Unload","Eviscerate","Dagger Spray"],"picked":"Singing Bowl","floor":14.0},{"not_picked":["Malaise","Doppelganger"],"picked":"A Thousand Cuts","floor":16.0},{"not_picked":["PiercingWail+1","Reflex","Quick Slash"],"picked":"Singing Bowl","floor":18.0},{"not_picked":["Sucker Punch","Choke","Deadly Poison"],"picked":"Singing Bowl","floor":19.0},{"not_picked":["Endless Agony","Deadly Poison+1"],"picked":"Blade Dance+1","floor":21.0},{"not_picked":["Backstab","Concentrate+1"],"picked":"Wraith Form v2","floor":23.0},{"not_picked":["Dagger Throw+1","Endless Agony","Tactician+1"],"picked":"Singing Bowl","floor":28},{"not_picked":["Bane","Quick Slash","Backstab"],"picked":"Singing Bowl","floor":31},{"not_picked":["Venomology+1","A Thousand Cuts"],"picked":"Storm of Steel+1","floor":33},{"not_picked":["Slice","Deadly Poison+1"],"picked":"Deflect+1","floor":35},{"not_picked":["Dagger Spray","Blade Dance+1"],"picked":"Calculated Gamble+1","floor":39},{"not_picked":["Deflect+1","Footwork"],"picked":"Corpse Explosion+1","floor":40},{"not_picked":["Well Laid Plans","Bane","Calculated Gamble+1"],"picked":"Singing Bowl","floor":42},{"not_picked":["Infinite Blades+1","Quick Slash"],"picked":"Outmaneuver+1","floor":47},{"not_picked":["Quick Slash","Bane+1","Bouncing Flask+1"],"picked":"Singing Bowl","floor":48}],"player_experience":871310,"relics_obtained":[{"floor":6.0,"key":"Orichalcum"},{"floor":8.0,"key":"Akabeko"},{"floor":9.0,"key":"Pear"},{"floor":10.0,"key":"Odd Mushroom"},{"floor":11.0,"key":"Singing Bowl"},{"floor":12.0,"key":"Boot"},{"floor":23.0,"key":"FossilizedHelix"},{"floor":28,"key":"Ornamental Fan"},{"floor":34,"key":"Oddly Smooth Stone"},{"floor":34,"key":"Letter Opener"},{"floor":34,"key":"Bird Faced Urn"},{"floor":37,"key":"Thread and Needle"},{"floor":40,"key":"Shovel"},{"floor":41,"key":"Omamori"},{"floor":42,"key":"Gambling Chip"},{"floor":43,"key":"HornCleat"},{"floor":45,"key":"Strawberry"},{"floor":46,"key":"Centennial Puzzle"},{"floor":48,"key":"Prayer Wheel"}],"event_choices":[{"damage_healed":0.0,"max_hp_gain":0.0,"max_hp_loss":0.0,"gold_gain":0.0,"event_name":"Mushrooms","player_choice":"Fought Mushrooms","floor":10.0,"gold_loss":0.0,"damage_taken":0.0},{"damage_healed":0.0,"max_hp_gain":0.0,"max_hp_loss":0.0,"gold_gain":0.0,"event_name":"The Mausoleum","player_choice":"Ignored","floor":22.0,"gold_loss":0.0,"damage_taken":0.0},{"damage_healed":0.0,"max_hp_gain":0.0,"max_hp_loss":0.0,"gold_gain":0.0,"event_name":"Vampires","player_choice":"Ignored","floor":25.0,"gold_loss":0.0,"damage_taken":0.0},{"damage_healed":0,"gold_gain":0,"player_choice":"Ignored","damage_taken":0,"max_hp_gain":0,"max_hp_loss":0,"event_name":"N\u0027loth","floor":30,"gold_loss":0},{"damage_healed":0,"gold_gain":50,"player_choice":"Pray","damage_taken":0,"max_hp_gain":0,"max_hp_loss":0,"event_name":"Golden Shrine","floor":38,"gold_loss":0},{"damage_healed":0,"gold_gain":0,"player_choice":"Fight","damage_taken":0,"max_hp_gain":0,"max_hp_loss":0,"event_name":"Mysterious Sphere","floor":42,"gold_loss":0}],"is_beta":false,"boss_relics":[{"not_picked":["Empty Cage","HoveringKite"],"picked":"Sozu"},{"not_picked":["Snecko Eye","Velvet Choker"],"picked":"Calling Bell"}],"items_purged_floors":[0,44],"is_endless":false,"potions_floor_spawned":[4,5,8,14,16,18,21,28,39,40,42],"killed_by":"Awakened One","ascension_level":20}}