{"host":"474oh00kq6ni8dn3","time":1609754115,"event":{"mods":["AchievementEnabler","Aspiration","Bartender","BaseMod","Bestiary","Clockwork Mod","Colored Map","Colored Powertips","Conspire","Custom Start","Defuse TimeMaze Blight","Downfall","GifTheSpireLib","Googly Eyes","GungeonMod","Halation","Hubris","Infinite Spire","Jedi Mod","Minty Spire (QoL Compilation)","Permanent Neow","Quick Restart","Random Character Button","Replay The Spire","Shop Mod","StSLib","Stuff the Spire","The Construct","The Factory","The Jungle","Trackpad","Unceasing Turn Reminder","thorton","vexMod"],"gold_per_floor":[112,131,145,163,178,213,213,229,229,256,256,35,35,51,51,51,51],"floor_reached":16,"playtime":3755,"items_purged":["Regret"],"score":114,"play_id":"892cb9e5-e7c5-43ba-a18d-31269e576a71","local_time":"20210104095515","is_ascension_mode":false,"campfire_choices":[{"data":"DemoMod:ManualReload","floor":13,"key":"SMITH"},{"data":"DemoMod:GunShield","floor":15,"key":"SMITH"}],"circlet_count":0,"master_deck":["DemoMod:Strike_Huntress","DemoMod:Strike_Huntress","DemoMod:Strike_Huntress","DemoMod:Defend_Huntress","DemoMod:Defend_Huntress","DemoMod:Defend_Huntress","DemoMod:Defend_Huntress","DemoMod:Roll","DemoMod:ManualReload+1","DemoMod:RustySidearm","DemoMod:CrossBow","DemoMod:TeaPot","DemoMod:HuntsMan","DemoMod:GunShield+1","DemoMod:CursedBullets","DemoMod:DarkMarker","DemoMod:Desperate+1","DemoMod:CursedBullets"],"relics":["DemoMod:Dog","aspiration:Nostalgia","infinitespire:DarkRift","infinitespire:PuzzleCube","halation:BlackBeret","WingedGreaves","Toxic Egg 2","jedi:cryingmask"],"acts_visited":["Exordium"],"potions_floor_usage":[6,16],"damage_taken":[{"damage":1,"enemies":"Cultist","floor":1,"turns":4},{"damage":0,"enemies":"Small Slimes","floor":2,"turns":4},{"damage":0,"enemies":"Jaw Worm","floor":3,"turns":3},{"damage":8,"enemies":"Large Slime","floor":4,"turns":6},{"damage":6,"enemies":"3 Louse","floor":5,"turns":3},{"damage":15,"enemies":"3 Sentries","floor":6,"turns":8},{"damage":0,"enemies":"Blue Slaver","floor":8,"turns":3},{"damage":16,"enemies":"Gremlin Nob","floor":10,"turns":4},{"damage":2,"enemies":"Looter","floor":14,"turns":4},{"damage":56,"enemies":"Hexaghost","floor":16,"turns":9}],"seed_played":"1857161998284115552","potions_obtained":[{"floor":1,"key":"Block Potion"},{"floor":2,"key":"champ:CounterPotion"},{"floor":4,"key":"jedi:hoardpotion"}],"is_trial":false,"path_per_floor":["M","M","M","M","M","E","?","M","T","E","?","$","R","M","R","B"],"character_chosen":"HUNTRESS","items_purchased":["DemoMod:Desperate+1"],"campfire_rested":0,"item_purchase_floors":[12],"current_hp_per_floor":[69,69,69,61,55,40,70,70,70,54,54,54,54,52,52,0,0],"gold":51,"neow_bonus":"NOSTALGIA","is_daily":false,"chose_seed":false,"campfire_upgraded":2,"win_rate":0.0,"timestamp":1609754115,"path_taken":["M","?","M","M","M","E","?","?","T","E","?","$","R","M","R","BOSS"],"items_purchased_type":["Card"],"build_version":"2020-12-22","purchased_purges":1,"victory":false,"max_hp_per_floor":[70,70,70,70,70,70,70,70,70,70,70,70,70,70,70,70,70],"card_choices":[{"not_picked":["DemoMod:AC15","DemoMod:FortunesFavor"],"picked":"DemoMod:TeaPot","floor":1},{"not_picked":["DemoMod:GunstockTap","DemoMod:StickyCrossBow"],"picked":"DemoMod:HuntsMan","floor":2},{"not_picked":["DemoMod:HungryBullets","DemoMod:BoxingGlove"],"picked":"DemoMod:GunShield","floor":3},{"not_picked":["DemoMod:GunstockTap","DemoMod:RadGun"],"picked":"DemoMod:CursedBullets","floor":4},{"not_picked":["DemoMod:DoubleSwitch","DemoMod:MachoBrace","DemoMod:HungryBullets"],"picked":"SKIP","floor":5},{"not_picked":["DemoMod:DoubleSwitch","DemoMod:MachoBrace"],"picked":"DemoMod:HungryBullets","floor":5},{"not_picked":["DemoMod:ProbeStrike","DemoMod:HighKaliber"],"picked":"DemoMod:DarkMarker","floor":6},{"not_picked":["DemoMod:JK47","DemoMod:Ejector","DemoMod:HardPowerCard"],"picked":"SKIP","floor":8},{"not_picked":["DemoMod:JK47","DemoMod:Ejector","DemoMod:HardPowerCard"],"picked":"SKIP","floor":8},{"not_picked":["DemoMod:Polaris","DemoMod:AC15","DemoMod:Ejector+1"],"picked":"SKIP","floor":10},{"not_picked":["DemoMod:TableSutra","DemoMod:FastSwitch+1"],"picked":"DemoMod:CursedBullets","floor":14}],"player_experience":63332,"relics_obtained":[{"floor":6,"key":"infinitespire:PuzzleCube"},{"floor":6,"key":"halation:BlackBeret"},{"floor":9,"key":"WingedGreaves"},{"floor":10,"key":"Toxic Egg 2"}],"event_choices":[{"cards_removed":["DemoMod:HungryBullets"],"damage_healed":30,"gold_gain":0,"player_choice":"Offered Uncommon","damage_taken":0,"max_hp_gain":0,"max_hp_loss":0,"event_name":"Bonfire Elementals","floor":7,"gold_loss":0},{"damage_healed":0,"gold_gain":0,"player_choice":"Box","damage_taken":0,"relics_obtained":["jedi:cryingmask"],"max_hp_gain":0,"max_hp_loss":0,"event_name":"Big Fish","floor":11,"gold_loss":0,"cards_obtained":["Regret"]}],"is_beta":false,"boss_relics":[],"items_purged_floors":[12],"is_endless":false,"potions_floor_spawned":[1,2,4],"killed_by":"Hexaghost","ascension_level":0}}