{"host":"9d9dhukr2jywmy0f","time":1609777866,"event":{"mods":["2.2 Compatiblity","Alarm Clock","BaseMod","Bestiary","Block Reminder","Colored Map","Colored Powertips","Curses Come First","DeckTracker","Highlight Path","Infinite Spire","Key Reminder","Keyboard Shortcuts","Minty Spire (QoL Compilation)","MonsterHotkey","Quick Restart","Rare Cards Sparkle","Relic Sorter","Relic Stats","Spire Birthday Party","StSLib","SuperFastMode","Synergy Search","Unceasing Turn Reminder","Unknown Chances"],"gold_per_floor":[112,37,37,37,37,37,69,69,143,157,170,204,216,228,240,326,338,367,379,409,336,422,434,456,668,680,703,734,746,204,221,221,221,221],"floor_reached":33,"playtime":683,"items_purged":["Strike_R","Strike_R"],"score":556,"play_id":"3693f856-32dc-40c3-8654-7db25d0db771","local_time":"20210105003106","is_ascension_mode":true,"campfire_choices":[{"data":"Searing Blow","floor":6.0,"key":"SMITH"},{"data":"Armaments","floor":8.0,"key":"SMITH"},{"data":"Searing Blow+1","floor":13.0,"key":"SMITH"},{"data":"Searing Blow+2","floor":15.0,"key":"SMITH"},{"data":"Searing Blow+3","floor":23.0,"key":"SMITH"},{"data":"Armaments","floor":29.0,"key":"SMITH"},{"data":"Searing Blow+4","floor":32.0,"key":"SMITH"}],"circlet_count":0,"master_deck":["AscendersBane","Strike_R","Strike_R","Defend_R","Defend_R","Defend_R","Defend_R","Bash","Searing Blow+5","Armaments+1","Shrug It Off","Seeing Red","Armaments+1"],"relics":["Burning Blood","NeowsBlessing","Oddly Smooth Stone","keyreminder:keyreminder","Kunai","infinitespire:EmpoweringShard","MawBank","Busted Crown","infinitespire:CursedDice","Singing Bowl","White Beast Statue","OrangePellets","Matryoshka"],"acts_visited":["Exordium","TheCity"],"potions_floor_usage":[33,33],"damage_taken":[{"damage":0.0,"enemies":"2 Louse","floor":1.0,"turns":1.0},{"damage":0.0,"enemies":"Gremlin Nob","floor":7.0,"turns":1.0},{"damage":0.0,"enemies":"Jaw Worm","floor":10.0,"turns":1.0},{"damage":0.0,"enemies":"Small Slimes","floor":11.0,"turns":2.0},{"damage":29.0,"enemies":"Lagavulin","floor":12.0,"turns":6.0},{"damage":36.0,"enemies":"Hexaghost","floor":16.0,"turns":9.0},{"damage":5.0,"enemies":"Spheric Guardian","floor":18.0,"turns":3.0},{"damage":0.0,"enemies":"Chosen","floor":20.0,"turns":4.0},{"damage":25.0,"enemies":"Shelled Parasite and Fungi","floor":24.0,"turns":4.0},{"damage":12.0,"enemies":"Snake Plant","floor":27.0,"turns":3.0},{"damage":1.0,"enemies":"Snecko","floor":28.0,"turns":4.0},{"damage":11.0,"enemies":"Shelled Parasite and Fungi","floor":31.0,"turns":7.0},{"damage":41,"enemies":"Collector","floor":33,"turns":8}],"seed_played":"4045749014292864941","potions_obtained":[{"floor":1.0,"key":"EssenceOfSteel"},{"floor":10.0,"key":"PowerPotion"},{"floor":24.0,"key":"Dexterity Potion"},{"floor":27.0,"key":"ColorlessPotion"},{"floor":28.0,"key":"Block Potion"},{"floor":31.0,"key":"SpeedPotion"}],"is_trial":false,"path_per_floor":["M","$","?","T","?","R","E","R","T","M","M","E","R","?","R","B",null,"M","?","M","?","T","R","M","?","T","M","M","R","$","M","R","B"],"character_chosen":"IRONCLAD","items_purchased":["OrangePellets","Matryoshka"],"campfire_rested":0,"item_purchase_floors":[30,30],"current_hp_per_floor":[74,74,69,69,62,62,68,68,68,74,75,52,52,57,57,27,67,68,68,74,74,74,74,57,57,57,53,58,58,58,55,55,14,14],"gold":221,"neow_bonus":"THREE_ENEMY_KILL","is_daily":false,"chose_seed":false,"campfire_upgraded":7,"win_rate":0.0,"timestamp":1609777866,"path_taken":["M","$","?","?","?","R","E","R","T","M","M","E","R","?","R","BOSS","M","?","M","?","?","R","M","?","T","?","M","R","$","?","R","BOSS"],"items_purchased_type":["Relic","Relic"],"build_version":"2020-11-30","purchased_purges":2,"victory":false,"max_hp_per_floor":[75,75,75,75,75,75,75,75,75,75,75,75,75,80,80,80,80,80,80,80,80,80,80,82,82,82,84,84,84,84,86,86,86,86],"relic_stats":{"OrangePellets":[0],"Busted Crown":14,"Singing Bowl":6,"counters":[13,53],"Kunai":[2],"MawBank":216,"obtain_stats":[{"NeowsBlessing":0,"Singing Bowl":22,"infinitespire:CursedDice":21,"Oddly Smooth Stone":3,"MawBank":12,"Burning Blood":0,"White Beast Statue":26,"keyreminder:keyreminder":4,"OrangePellets":30,"Busted Crown":17,"Matryoshka":30,"infinitespire:EmpoweringShard":9,"Kunai":7},{"NeowsBlessing":0,"Singing Bowl":8,"infinitespire:CursedDice":8,"Oddly Smooth Stone":1,"MawBank":5,"Burning Blood":0,"White Beast Statue":9,"keyreminder:keyreminder":1,"OrangePellets":11,"Busted Crown":6,"Matryoshka":11,"infinitespire:EmpoweringShard":2,"Kunai":2},{"NeowsBlessing":0,"Singing Bowl":27,"infinitespire:CursedDice":27,"Oddly Smooth Stone":1,"MawBank":11,"Burning Blood":0,"White Beast Statue":31,"keyreminder:keyreminder":1,"OrangePellets":38,"Busted Crown":20,"Matryoshka":38,"infinitespire:EmpoweringShard":2,"Kunai":2}],"Burning Blood":67},"card_choices":[{"not_picked":["Perfected Strike","Burning Pact"],"picked":"Searing Blow","floor":1.0},{"not_picked":["Pommel Strike","Perfected Strike"],"picked":"Armaments","floor":7.0},{"not_picked":["Heavy Blade","infinitespire:OneForAll"],"picked":"Shrug It Off","floor":10.0},{"not_picked":["Juggernaut","Twin Strike","Pummel"],"picked":"SKIP","floor":11.0},{"not_picked":["Uppercut","Feel No Pain"],"picked":"Seeing Red","floor":12.0},{"not_picked":["infinitespire:OneForAll"],"picked":"SKIP","floor":18.0},{"not_picked":["Clash"],"picked":"SKIP","floor":20.0},{"not_picked":["Iron Wave+1"],"picked":"Singing Bowl","floor":24.0},{"not_picked":["Uppercut"],"picked":"Singing Bowl","floor":27.0},{"not_picked":[],"picked":"Armaments","floor":28.0},{"not_picked":["Heavy Blade"],"picked":"Singing Bowl","floor":31.0}],"player_experience":773265,"relics_obtained":[{"floor":7.0,"key":"Kunai"},{"floor":9.0,"key":"infinitespire:EmpoweringShard"},{"floor":12.0,"key":"MawBank"},{"floor":22.0,"key":"Singing Bowl"},{"floor":26.0,"key":"White Beast Statue"}],"event_choices":[{"damage_healed":0.0,"max_hp_gain":0.0,"max_hp_loss":0.0,"gold_gain":0.0,"event_name":"Scrap Ooze","player_choice":"Success","floor":3.0,"gold_loss":0.0,"damage_taken":5.0,"relics_obtained":["Oddly Smooth Stone"]},{"cards_removed":["Strike_R"],"damage_healed":0.0,"max_hp_gain":0.0,"max_hp_loss":0.0,"gold_gain":0.0,"event_name":"Golden Wing","player_choice":"Card Removal","floor":5.0,"gold_loss":0.0,"damage_taken":7.0},{"damage_healed":0.0,"max_hp_gain":5.0,"max_hp_loss":0.0,"gold_gain":0.0,"event_name":"Big Fish","player_choice":"Donut","floor":14.0,"gold_loss":0.0,"damage_taken":0.0},{"damage_healed":0.0,"max_hp_gain":0.0,"max_hp_loss":0.0,"gold_gain":0.0,"event_name":"The Mausoleum","player_choice":"Ignored","floor":19.0,"gold_loss":0.0,"damage_taken":0.0},{"damage_healed":0.0,"max_hp_gain":0.0,"max_hp_loss":0.0,"gold_gain":0.0,"event_name":"Addict","player_choice":"Obtained Relic","floor":21.0,"gold_loss":85.0,"damage_taken":0.0,"relics_obtained":["infinitespire:CursedDice"]},{"damage_healed":0.0,"max_hp_gain":0.0,"max_hp_loss":0.0,"gold_gain":250.0,"event_name":"The Joust","player_choice":"Bet on Owner","floor":25.0,"gold_loss":50.0,"damage_taken":0.0}],"is_beta":false,"boss_relics":[{"not_picked":["Black Star","infinitespire:Cupcake"],"picked":"Busted Crown"}],"items_purged_floors":[2,30],"is_endless":false,"potions_floor_spawned":[1,10,24,27,28,31],"killed_by":"Collector","ascension_level":20}}