{"host":"mmqs5ul2bvb60kyc","time":1609769930,"event":{"mods":["AchievementEnabler","BaseMod","Minty Spire (QoL Compilation)","StSLib"],"gold_per_floor":[117,117,134,151,168,168,195,195,195,207,207,239,239,268,268,366,366,386,516,526,56,56,56,87,87,87,120,136,166,216,235,235,331,331,347,347,347,569,579,579,628,628,628,645,677,677,317,352,352,382,382,382,109,135,135],"floor_reached":56,"playtime":2076,"items_purged":["Defend_P","Defend_P","Defend_P"],"score":1972,"play_id":"cb38798c-4f58-40fd-9dcd-45a2e94ca631","local_time":"20210104221850","is_ascension_mode":true,"campfire_choices":[{"data":"Eruption","floor":6.0,"key":"SMITH"},{"data":"Wallop","floor":8.0,"key":"SMITH"},{"floor":11.0,"key":"REST"},{"data":"Tantrum","floor":13.0,"key":"SMITH"},{"floor":15.0,"key":"RECALL"},{"data":"Ragnarok","floor":23.0,"key":"SMITH"},{"data":"Vengeance","floor":25.0,"key":"SMITH"},{"data":"Omniscience","floor":32.0,"key":"SMITH"},{"data":"Wish","floor":40.0,"key":"SMITH"},{"data":"Indignation","floor":42.0,"key":"SMITH"},{"data":"Brilliance","floor":46.0,"key":"SMITH"},{"data":"WheelKick","floor":49.0,"key":"SMITH"},{"data":"Prostrate","floor":52.0,"key":"SMITH"}],"circlet_count":0,"master_deck":["AscendersBane","Strike_P","Strike_P","Strike_P","Defend_P","Eruption+1","Vigilance","Prostrate+1","Wallop+1","BowlingBash","Tantrum+1","Vengeance+1","DevaForm","Indignation+1","Adaptation+1","Ragnarok+1","Ghostly","Ghostly+1","Ghostly","Ghostly+1","Ghostly","Brilliance+1","EmptyMind+1","TalkToTheHand+1","Omniscience+1","Wish+1","Study+1","FearNoEvil","Adaptation+1","Mayhem+1","WheelKick+1","MasterReality+1"],"relics":["HolyWater","Dream Catcher","Bag of Marbles","InkBottle","Ancient Tea Set","Red Mask","Red Mask","Red Mask","Red Mask","Red Mask","TeardropLocket","Damaru","Frozen Egg 2","Mummified Hand","Ornamental Fan","Runic Pyramid","White Beast Statue","Pear","War Paint","Pen Nib","Kunai"],"acts_visited":["Exordium","TheCity","TheBeyond","TheEnding"],"potions_floor_usage":[55,55],"damage_taken":[{"damage":7.0,"enemies":"Jaw Worm","floor":1.0,"turns":4.0},{"damage":0.0,"enemies":"2 Louse","floor":3.0,"turns":2.0},{"damage":0.0,"enemies":"Small Slimes","floor":4.0,"turns":4.0},{"damage":4.0,"enemies":"Blue Slaver","floor":5.0,"turns":5.0},{"damage":28.0,"enemies":"3 Sentries","floor":7.0,"turns":8.0},{"damage":7.0,"enemies":"Red Slaver","floor":10.0,"turns":5.0},{"damage":12.0,"enemies":"Lagavulin","floor":12.0,"turns":3.0},{"damage":0.0,"enemies":"3 Sentries","floor":14.0,"turns":3.0},{"damage":12.0,"enemies":"Hexaghost","floor":16.0,"turns":7.0},{"damage":16.0,"enemies":"2 Thieves","floor":18.0,"turns":3.0},{"damage":0.0,"enemies":"Masked Bandits","floor":19.0,"turns":3.0},{"damage":0.0,"enemies":"Spheric Guardian","floor":20.0,"turns":3.0},{"damage":3.0,"enemies":"Slavers","floor":24.0,"turns":3.0},{"damage":0.0,"enemies":"Gremlin Leader","floor":27.0,"turns":4.0},{"damage":0.0,"enemies":"Cultist and Chosen","floor":28.0,"turns":3.0},{"damage":4.0,"enemies":"Slavers","floor":29.0,"turns":4.0},{"damage":0.0,"enemies":"Shelled Parasite and Fungi","floor":31.0,"turns":4.0},{"damage":1.0,"enemies":"Champ","floor":33.0,"turns":6.0},{"damage":0.0,"enemies":"3 Shapes","floor":35.0,"turns":4.0},{"damage":1.0,"enemies":"Orb Walker","floor":39.0,"turns":3.0},{"damage":2.0,"enemies":"4 Shapes","floor":41.0,"turns":4.0},{"damage":0.0,"enemies":"3 Darklings","floor":44.0,"turns":4.0},{"damage":2.0,"enemies":"Nemesis","floor":45.0,"turns":3.0},{"damage":0.0,"enemies":"Giant Head","floor":48.0,"turns":5.0},{"damage":0.0,"enemies":"Awakened One","floor":50.0,"turns":6.0},{"damage":3.0,"enemies":"Shield and Spear","floor":54.0,"turns":4.0},{"damage":10,"enemies":"The Heart","floor":55,"turns":7}],"seed_played":"-8185319538697207888","potions_obtained":[{"floor":3.0,"key":"DuplicationPotion"},{"floor":4.0,"key":"DuplicationPotion"},{"floor":14.0,"key":"DuplicationPotion"},{"floor":16.0,"key":"LiquidBronze"},{"floor":19.0,"key":"Regen Potion"},{"floor":20.0,"key":"Strength Potion"},{"floor":39.0,"key":"GamblersBrew"}],"is_trial":false,"path_per_floor":["M","?","M","M","M","R","E","R","T","M","R","E","R","E","R","B",null,"M","?","M","$","?","R","E","R","T","E","M","E","?","M","R","B",null,"M","?","?","?","M","R","M","R","T","M","E","R","$","E","R","B",null,"R","$","E","B",null],"character_chosen":"WATCHER","items_purchased":["TeardropLocket","Ragnarok","Mayhem+1","WheelKick","Pen Nib"],"campfire_rested":1,"item_purchase_floors":[21,21,47,47,53],"current_hp_per_floor":[58,63,63,63,59,59,31,31,31,24,47,35,35,35,35,23,64,48,48,57,57,38,38,35,35,35,35,35,31,31,31,31,30,36,36,36,36,36,35,35,33,33,33,33,41,41,41,41,41,41,46,46,46,43,33],"gold":135,"neow_bonus":"RANDOM_COMMON_RELIC","is_daily":false,"chose_seed":false,"campfire_upgraded":11,"win_rate":0.0,"timestamp":1609769930,"path_taken":["M","?","M","M","M","R","E","R","T","M","R","E","R","E","R","BOSS","M","?","M","$","?","R","E","R","T","E","M","E","?","?","R","BOSS","M","?","?","?","?","R","M","R","T","M","E","R","$","E","R","BOSS","R","$","E","BOSS"],"items_purchased_type":["Relic","Card","Card","Card","Relic"],"build_version":"2020-12-22","purchased_purges":3,"victory":true,"max_hp_per_floor":[72,77,77,77,77,77,77,77,77,77,77,77,77,77,77,77,77,77,77,77,77,38,38,38,38,38,38,38,38,38,38,38,38,38,38,38,38,38,38,38,38,38,38,38,48,48,48,48,48,48,48,48,48,48,48],"card_choices":[{"not_picked":["PathToVictory","ThirdEye","Meditate"],"picked":"SKIP","floor":1.0},{"not_picked":["EmptyBody","ClearTheMind"],"picked":"Prostrate","floor":3.0},{"not_picked":["Halt","Prostrate"],"picked":"Wallop","floor":4.0},{"not_picked":["Consecrate","ReachHeaven","ConjureBlade"],"picked":"SKIP","floor":5.0},{"not_picked":["BowlingBash","SashWhip","Protect"],"picked":"SKIP","floor":7.0},{"not_picked":["Protect","Prostrate"],"picked":"BowlingBash","floor":10.0},{"not_picked":["EmptyBody","Protect"],"picked":"Tantrum","floor":11.0},{"not_picked":["Protect","DeceiveReality","PathToVictory"],"picked":"SKIP","floor":12.0},{"not_picked":["SashWhip","ThirdEye"],"picked":"Vengeance","floor":14.0},{"not_picked":["Devotion","Vault"],"picked":"DevaForm","floor":16.0},{"not_picked":["Crescendo","CutThroughFate"],"picked":"Indignation","floor":18.0},{"not_picked":["ForeignInfluence","Protect"],"picked":"Adaptation+1","floor":19.0},{"not_picked":["WindmillStrike","JustLucky","SashWhip"],"picked":"SKIP","floor":20.0},{"not_picked":["Ragnarok","ThirdEye+1"],"picked":"Brilliance","floor":24.0},{"not_picked":["PathToVictory+1","JustLucky"],"picked":"EmptyMind+1","floor":27.0},{"not_picked":["JustLucky","ClearTheMind"],"picked":"TalkToTheHand+1","floor":28.0},{"not_picked":["Prostrate","Crescendo","Nirvana+1"],"picked":"SKIP","floor":29.0},{"not_picked":["Halt+1","FollowUp"],"picked":"Omniscience","floor":31.0},{"not_picked":["Alpha","LessonLearned"],"picked":"Wish","floor":33.0},{"not_picked":["FlyingSleeves+1","JustLucky+1","WindmillStrike"],"picked":"SKIP","floor":35.0},{"not_picked":["Swivel","JustLucky"],"picked":"Study+1","floor":39.0},{"not_picked":["DeceiveReality","FollowUp"],"picked":"FearNoEvil","floor":41.0},{"not_picked":["BattleHymn+1","Crescendo+1","ReachHeaven"],"picked":"SKIP","floor":44.0},{"not_picked":["WaveOfTheHand+1","InnerPeace+1"],"picked":"Adaptation+1","floor":45.0},{"not_picked":["Prostrate+1","DevaForm+1"],"picked":"MasterReality+1","floor":48.0},{"not_picked":["Study+1","ReachHeaven+1","SashWhip"],"picked":"SKIP","floor":54.0}],"player_experience":225800,"relics_obtained":[{"floor":7.0,"key":"Bag of Marbles"},{"floor":12.0,"key":"InkBottle"},{"floor":14.0,"key":"Ancient Tea Set"},{"floor":19.0,"key":"Red Mask"},{"floor":19.0,"key":"Red Mask"},{"floor":19.0,"key":"Red Mask"},{"floor":19.0,"key":"Red Mask"},{"floor":19.0,"key":"Red Mask"},{"floor":24.0,"key":"Damaru"},{"floor":26.0,"key":"Frozen Egg 2"},{"floor":27.0,"key":"Mummified Hand"},{"floor":29.0,"key":"Ornamental Fan"},{"floor":43.0,"key":"White Beast Statue"},{"floor":45.0,"key":"Pear"},{"floor":48.0,"key":"War Paint"},{"floor":54.0,"key":"Kunai"}],"event_choices":[{"damage_healed":0.0,"max_hp_gain":5.0,"max_hp_loss":0.0,"gold_gain":0.0,"event_name":"Big Fish","player_choice":"Donut","floor":2.0,"gold_loss":0.0,"damage_taken":0.0},{"damage_healed":0.0,"max_hp_gain":0.0,"max_hp_loss":0.0,"gold_gain":0.0,"event_name":"Masked Bandits","player_choice":"Fought Bandits","floor":19.0,"gold_loss":0.0,"damage_taken":0.0},{"damage_healed":0.0,"max_hp_gain":0.0,"max_hp_loss":0.0,"gold_gain":0.0,"event_name":"Masked Bandits","player_choice":"Fought Bandits","floor":19.0,"gold_loss":0.0,"damage_taken":0.0},{"damage_healed":0.0,"max_hp_gain":0.0,"max_hp_loss":0.0,"gold_gain":0.0,"event_name":"Masked Bandits","player_choice":"Fought Bandits","floor":19.0,"gold_loss":0.0,"damage_taken":0.0},{"damage_healed":0.0,"max_hp_gain":0.0,"max_hp_loss":0.0,"gold_gain":0.0,"event_name":"Masked Bandits","player_choice":"Fought Bandits","floor":19.0,"gold_loss":0.0,"damage_taken":0.0},{"damage_healed":0.0,"max_hp_gain":0.0,"max_hp_loss":0.0,"gold_gain":0.0,"event_name":"Masked Bandits","player_choice":"Fought Bandits","floor":19.0,"gold_loss":0.0,"damage_taken":0.0},{"damage_healed":0.0,"max_hp_gain":0.0,"max_hp_loss":39.0,"gold_gain":0.0,"event_name":"Ghosts","player_choice":"Became a Ghost","floor":22.0,"gold_loss":0.0,"damage_taken":0.0,"cards_obtained":["Ghostly","Ghostly","Ghostly","Ghostly","Ghostly"]},{"damage_healed":0.0,"max_hp_gain":0.0,"max_hp_loss":0.0,"gold_gain":100.0,"event_name":"The Joust","player_choice":"Bet on Murderer","floor":30.0,"gold_loss":50.0,"damage_taken":0.0},{"damage_healed":0.0,"max_hp_gain":0.0,"max_hp_loss":0.0,"gold_gain":0.0,"event_name":"SensoryStone","player_choice":"Memory 1","floor":36.0,"gold_loss":0.0,"damage_taken":0.0},{"cards_removed":["Strike_P"],"damage_healed":0.0,"max_hp_gain":0.0,"max_hp_loss":0.0,"gold_gain":0.0,"event_name":"Falling","player_choice":"Removed Attack","floor":37.0,"gold_loss":0.0,"damage_taken":0.0},{"damage_healed":0.0,"max_hp_gain":0.0,"max_hp_loss":0.0,"gold_gain":222.0,"event_name":"Tomb of Lord Red Mask","player_choice":"Wore Mask","floor":38.0,"gold_loss":0.0,"damage_taken":0.0}],"is_beta":false,"boss_relics":[{"not_picked":["Runic Dome","Ectoplasm"],"picked":"HolyWater"},{"not_picked":["SlaversCollar","Tiny House"],"picked":"Runic Pyramid"}],"items_purged_floors":[21,47,53],"is_endless":false,"potions_floor_spawned":[3,4,14,16,19,20,28,29,31,39,44,45,48,54],"ascension_level":10}}