{"host":"anox4050deqdcqoh","time":1609776123,"event":{"mods":["BaseMod","Colored Map","Highlight Path","Minty Spire (QoL Compilation)","Quick Restart","Rare Cards Sparkle","everything is the same but u backflip on backflip"],"gold_per_floor":[118,118,135,149,149,149,180,180,253,277,306,324,324,324,324,429,429,439,439,439,58,76,76,93,93,93,93,104,32,32,48,48,148,148,159,174,185,185,199,199,199,199,224,72,87,114,0,20,20,20,20,20,20,51,51,51],"floor_reached":55,"playtime":4901,"items_purged":["Decay"],"score":789,"play_id":"a0fafc12-a588-40a1-9ba9-192ae227c97e","local_time":"20210104110203","is_ascension_mode":true,"campfire_choices":[{"data":"Infernal Blade","floor":6,"key":"SMITH"},{"data":"Body Slam","floor":8,"key":"SMITH"},{"data":"Pummel","floor":13,"key":"SMITH"},{"floor":15,"key":"REST"},{"data":"Heavy Blade","floor":23,"key":"SMITH"},{"floor":25,"key":"REST"},{"floor":32,"key":"REST"},{"floor":40,"key":"REST"},{"floor":42,"key":"RECALL"},{"floor":49,"key":"REST"},{"data":"Uppercut","floor":52,"key":"SMITH"}],"circlet_count":0,"master_deck":["Strike_R","Strike_R+1","Defend_R","Defend_R","Defend_R+1","Defend_R","Bash","Body Slam+1","Infernal Blade+1","Immolate+1","Reaper","Pummel+1","Entrench","Offering","Flex+1","Shockwave+1","Offering+1","Power Through","J.A.X.","Feel No Pain+1","Berserk+1","Berserk+1","Cleave","Heavy Blade+1","Iron Wave","Evolve+1","Rupture+1","Flame Barrier+1","Double Tap","Spot Weakness+1","Inflame+1","Heavy Blade","Bandage Up","Deep Breath","Parasite","Dark Embrace+1","Uppercut+1","Shrug It Off"],"relics":["Burning Blood","Red Skull","Frozen Egg 2","Odd Mushroom","Potion Belt","Astrolabe","Oddly Smooth Stone","Orrery","Ornamental Fan","SlaversCollar","Pocketwatch","Red Mask","Gremlin Horn"],"acts_visited":["Exordium","TheCity","TheBeyond","TheEnding"],"potions_floor_usage":[16,31,37,37,39,46,50,55],"damage_taken":[{"damage":14,"enemies":"Jaw Worm","floor":1,"turns":4},{"damage":2,"enemies":"2 Louse","floor":3,"turns":4},{"damage":0,"enemies":"Small Slimes","floor":4,"turns":3},{"damage":4,"enemies":"3 Sentries","floor":7,"turns":3},{"damage":2,"enemies":"The Mushroom Lair","floor":10,"turns":2},{"damage":15,"enemies":"Lagavulin","floor":11,"turns":6},{"damage":5,"enemies":"Looter","floor":12,"turns":2},{"damage":89,"enemies":"The Guardian","floor":16,"turns":12},{"damage":9,"enemies":"Shell Parasite","floor":18,"turns":3},{"damage":6,"enemies":"Chosen","floor":22,"turns":3},{"damage":26,"enemies":"Snake Plant","floor":24,"turns":4},{"damage":31,"enemies":"Shelled Parasite and Fungi","floor":28,"turns":5},{"damage":11,"enemies":"Centurion and Healer","floor":31,"turns":4},{"damage":78,"enemies":"Automaton","floor":33,"turns":9},{"damage":77,"enemies":"3 Darklings","floor":35,"turns":10},{"damage":14,"enemies":"3 Shapes","floor":36,"turns":5},{"damage":25,"enemies":"Transient","floor":37,"turns":5},{"damage":20,"enemies":"Sphere and 2 Shapes","floor":39,"turns":6},{"damage":22,"enemies":"Writhing Mass","floor":45,"turns":6},{"damage":49,"enemies":"Giant Head","floor":46,"turns":8},{"damage":13,"enemies":"Jaw Worm Horde","floor":48,"turns":3},{"damage":84,"enemies":"Time Eater","floor":50,"turns":9},{"damage":71,"enemies":"Shield and Spear","floor":54,"turns":5},{"damage":105,"enemies":"The Heart","floor":55,"turns":9}],"seed_played":"-547543246881892848","potions_obtained":[{"floor":7,"key":"LiquidMemories"},{"floor":11,"key":"Fire Potion"},{"floor":12,"key":"FairyPotion"},{"floor":16,"key":"SpeedPotion"},{"floor":22,"key":"FairyPotion"},{"floor":28,"key":"Block Potion"},{"floor":36,"key":"Explosive Potion"},{"floor":37,"key":"Strength Potion"},{"floor":46,"key":"LiquidMemories"}],"is_trial":false,"path_per_floor":["M","?","M","M","?","R","E","R","T","?","E","M","R","?","R","B",null,"M","?","?","$","M","R","M","R","T","?","M","$","?","M","R","B",null,"M","M","M","?","M","R","?","R","T","$","M","E","?","M","R","B",null,"R","$","E","B"],"character_chosen":"IRONCLAD","items_purchased":["Oddly Smooth Stone","Feel No Pain+1","Orrery","Rupture+1","Regen Potion"],"campfire_rested":5,"item_purchase_floors":[21,21,21,29,44],"current_hp_per_floor":[80,85,89,93,93,93,93,93,93,93,84,89,89,70,93,10,93,90,90,72,72,72,72,52,81,81,81,62,62,62,57,86,34,98,47,39,20,20,35,64,59,59,59,59,47,44,44,37,66,8,98,98,98,33,0,0],"gold":51,"neow_bonus":"TEN_PERCENT_HP_BONUS","is_daily":false,"chose_seed":false,"campfire_upgraded":5,"win_rate":0.0,"timestamp":1609776123,"path_taken":["M","?","M","M","?","R","E","R","T","?","E","M","R","?","R","BOSS","M","?","?","?","M","R","?","R","T","?","?","$","?","M","R","BOSS","M","M","M","?","M","R","?","R","T","$","M","E","?","?","R","BOSS","R","$","E","BOSS"],"items_purchased_type":["Relic","Card","Relic","Card","Potion"],"build_version":"2020-12-22","purchased_purges":1,"victory":false,"max_hp_per_floor":[88,93,93,93,93,93,93,93,93,93,93,93,93,93,93,93,93,93,93,98,98,98,98,98,98,98,98,98,98,98,98,98,98,98,98,98,98,98,98,98,98,98,98,98,98,98,98,98,98,98,98,98,98,98,98,98],"card_choices":[{"not_picked":["Flex","Clash"],"picked":"Body Slam","floor":1},{"not_picked":["Uppercut","Flex"],"picked":"Infernal Blade","floor":3},{"not_picked":["Flex","Thunderclap"],"picked":"Immolate","floor":4},{"not_picked":["True Grit","Flex"],"picked":"Reaper","floor":7},{"not_picked":["Rupture+1","Wild Strike"],"picked":"Pummel","floor":10},{"not_picked":["Battle Trance","Carnage"],"picked":"Pommel Strike","floor":11},{"not_picked":["Clothesline","True Grit"],"picked":"Entrench","floor":12},{"not_picked":["Brutality+1","Reaper"],"picked":"Offering","floor":16},{"not_picked":["True Grit","Heavy Blade"],"picked":"Power Through","floor":18},{"not_picked":["Intimidate","Iron Wave"],"picked":"Berserk+1","floor":21},{"not_picked":["Sword Boomerang","Flex"],"picked":"Berserk+1","floor":21},{"not_picked":["Blood for Blood","Hemokinesis"],"picked":"Cleave","floor":21},{"not_picked":["Warcry","True Grit"],"picked":"Heavy Blade","floor":22},{"not_picked":["Perfected Strike","Warcry"],"picked":"Iron Wave","floor":24},{"not_picked":["Shrug It Off+1","Uppercut"],"picked":"Evolve+1","floor":28},{"not_picked":["Heavy Blade","Searing Blow"],"picked":"Flame Barrier+1","floor":31},{"not_picked":["Immolate","Corruption+1"],"picked":"Double Tap","floor":33},{"not_picked":["Anger","Perfected Strike+1","Wild Strike"],"picked":"SKIP","floor":35},{"not_picked":["Intimidate","Iron Wave+1"],"picked":"Spot Weakness+1","floor":36},{"not_picked":["Anger+1","Thunderclap+1"],"picked":"Inflame+1","floor":37},{"not_picked":["Iron Wave","Searing Blow+1"],"picked":"Heavy Blade","floor":39},{"not_picked":["Sadistic Nature+1","Chrysalis"],"picked":"Bandage Up","floor":41},{"not_picked":["Enlightenment","HandOfGreed"],"picked":"Deep Breath","floor":41},{"not_picked":["Thunderclap","Clothesline"],"picked":"Dark Embrace+1","floor":45},{"not_picked":["Corruption+1","Anger"],"picked":"Uppercut","floor":46},{"not_picked":["Hemokinesis+1","Warcry"],"picked":"Shrug It Off","floor":48},{"not_picked":["True Grit","Cleave","Clothesline+1"],"picked":"SKIP","floor":54}],"player_experience":283170,"relics_obtained":[{"floor":7,"key":"Red Skull"},{"floor":9,"key":"Frozen Egg 2"},{"floor":10,"key":"Odd Mushroom"},{"floor":11,"key":"Potion Belt"},{"floor":26,"key":"Ornamental Fan"},{"floor":46,"key":"Pocketwatch"},{"floor":54,"key":"Gremlin Horn"}],"event_choices":[{"damage_healed":0,"gold_gain":0,"player_choice":"Donut","damage_taken":0,"max_hp_gain":5,"max_hp_loss":0,"event_name":"Big Fish","floor":2,"gold_loss":0},{"damage_healed":0,"gold_gain":0,"player_choice":"Grow","damage_taken":0,"max_hp_gain":0,"max_hp_loss":0,"event_name":"Living Wall","floor":5,"gold_loss":0,"cards_upgraded":["Immolate"]},{"damage_healed":0,"gold_gain":0,"player_choice":"Fought Mushrooms","damage_taken":0,"max_hp_gain":0,"max_hp_loss":0,"event_name":"Mushrooms","floor":10,"gold_loss":0},{"damage_healed":0,"gold_gain":0,"player_choice":"Entered Light","damage_taken":19,"max_hp_gain":0,"max_hp_loss":0,"event_name":"Shining Light","floor":14,"gold_loss":0,"cards_upgraded":["Defend_R","Strike_R"]},{"damage_healed":0,"gold_gain":0,"player_choice":"Obtain J.A.X.","damage_taken":0,"max_hp_gain":0,"max_hp_loss":0,"event_name":"Drug Dealer","floor":19,"gold_loss":0,"cards_obtained":["J.A.X."]},{"damage_healed":0,"gold_gain":0,"player_choice":"Shed Blood","damage_taken":23,"max_hp_gain":5,"max_hp_loss":0,"event_name":"Forgotten Altar","floor":20,"gold_loss":0},{"damage_healed":0,"gold_gain":0,"player_choice":"Cursed","damage_taken":0,"max_hp_gain":0,"max_hp_loss":0,"event_name":"Wheel of Change","floor":27,"gold_loss":0,"cards_obtained":["Decay"]},{"damage_healed":0,"gold_gain":0,"player_choice":"Ignored","damage_taken":0,"max_hp_gain":0,"max_hp_loss":0,"event_name":"Ghosts","floor":30,"gold_loss":0},{"cards_removed":["Pommel Strike"],"damage_healed":0,"gold_gain":0,"player_choice":"Removed Attack","damage_taken":0,"max_hp_gain":0,"max_hp_loss":0,"event_name":"Falling","floor":38,"gold_loss":0},{"damage_healed":0,"gold_gain":0,"player_choice":"Memory 2","damage_taken":5,"max_hp_gain":0,"max_hp_loss":0,"event_name":"SensoryStone","floor":41,"gold_loss":0},{"damage_healed":0,"gold_gain":0,"player_choice":"Paid","damage_taken":0,"relics_obtained":["Red Mask"],"max_hp_gain":0,"max_hp_loss":0,"event_name":"Tomb of Lord Red Mask","floor":47,"gold_loss":114}],"is_beta":false,"boss_relics":[{"not_picked":["Coffee Dripper","Calling Bell"],"picked":"Astrolabe"},{"not_picked":["Sozu","Pandora\u0027s Box"],"picked":"SlaversCollar"}],"items_purged_floors":[44],"is_endless":false,"potions_floor_spawned":[7,11,12,16,22,28,36,37,46],"killed_by":"The Heart","ascension_level":1}}