{"host":"q79spna8ofw6hj3r","time":1609791724,"event":{"mods":["Aspiration","BaseMod","Bestiary","Better Altar","Better Match","Better Note","Better Sensory Stone","Better Skull","Better Third Choice","Better Vampires","BetterRewards","Block Reminder","Card Filter","Challenge The Spire","Colored Map","Colored Powertips","Conspire","Custom Start","Energized Spire","Halation","Hubris","Infinite Spire","Jedi Mod","Mimic Mod","Minty Spire (QoL Compilation)","Permanent Neow","Quick Restart","Relic Filter","Relic Sorter","Replay The Spire","Shop Mod","StSLib","SuperFastMode","Synergy Search","The Servant 0.9.4","vexMod"],"gold_per_floor":[112,129,129,229,243,243,268,282,305,318,123,123,123,123,123,218,218,238,255,273,273,73,100,100,130,130,145,158,167,167,267,267,267,267],"floor_reached":33,"playtime":1065,"items_purged":["KidneyShot","Strike_S","Strike_S","Defend_S","Defend_S"],"score":335,"play_id":"5d219a65-2e6f-4406-a8fa-15b15bb82148","local_time":"20210104222204","is_ascension_mode":false,"campfire_choices":[{"data":"KillingDoll","floor":6,"key":"SMITH"},{"data":"SilverBlades","floor":13,"key":"SMITH"},{"data":"Barrier","floor":15,"key":"SMITH"},{"data":"GearUp","floor":24,"key":"SMITH"},{"floor":30,"key":"REST"},{"floor":32,"key":"REST"}],"circlet_count":0,"master_deck":["Strike_S","Defend_S","Defend_S","Exchange","Rearm","KillingDoll+1","SilverBlades+1","Barrier+1","GearUp+1","Rearm","SurpressingFire+1","infinitespire:Starlight"],"relics":["Uniform","Vajra","jedi:cryingmask","Black Star","aspiration:ChemicalBlood","Anchor","Matryoshka","Tiny Chest","CeramicFish","aspiration:SeaSaltIceCream","Pen Nib","StoneMask","Replay:Ringing Soul"],"acts_visited":["Exordium","TheCity"],"potions_floor_usage":[7,23,23,28],"damage_taken":[{"damage":0,"enemies":"Small Slimes","floor":1,"turns":3},{"damage":0,"enemies":"2 Louse","floor":2,"turns":3},{"damage":0,"enemies":"Cultist","floor":5,"turns":4},{"damage":16,"enemies":"Lagavulin","floor":7,"turns":6},{"damage":2,"enemies":"Looter","floor":8,"turns":2},{"damage":3,"enemies":"2 Fungi Beasts","floor":10,"turns":4},{"damage":13,"enemies":"Hexaghost","floor":16,"turns":14},{"damage":5,"enemies":"Chosen","floor":18,"turns":3},{"damage":2,"enemies":"conspire:FuzzyDice","floor":19,"turns":5},{"damage":21,"enemies":"Snake Plant","floor":20,"turns":5},{"damage":37,"enemies":"Gremlin Leader","floor":23,"turns":4},{"damage":0,"enemies":"Nightmare","floor":25,"turns":6},{"damage":3,"enemies":"Centurion and Healer","floor":27,"turns":5},{"damage":0,"enemies":"Chosen and Byrds","floor":28,"turns":3},{"damage":59,"enemies":"Automaton","floor":33,"turns":6}],"seed_played":"1351330146583950693","potions_obtained":[{"floor":5,"key":"Cursed Concoction"},{"floor":7,"key":"Swift Potion"},{"floor":10,"key":"Explosive Potion"},{"floor":19,"key":"Fire Potion"},{"floor":27,"key":"Strength Potion"},{"floor":28,"key":"Swift Potion"}],"is_trial":false,"path_per_floor":["M","M","?","?","M","R","E","M","T","M","$","?","R","?","R","B",null,"M","M","M","?","$","E","R","NM","T","M","M","AVR","R","?","R","B"],"character_chosen":"THE_SERVANT","items_purchased":["Rearm"],"campfire_rested":2,"item_purchase_floors":[11],"current_hp_per_floor":[65,65,65,65,65,65,49,47,47,44,44,49,49,49,49,36,70,65,63,42,42,42,5,5,5,5,2,2,2,23,23,44,0,0],"gold":267,"neow_bonus":"REMOVE_CARD","is_daily":false,"chose_seed":false,"campfire_upgraded":4,"win_rate":0.0,"timestamp":1609791724,"path_taken":["M","M","?","?","M","R","E","M","T","?","$","?","R","?","R","BOSS","M","M","M","?","$","E","R","NM","T","M","?","AVR","R","?","R","BOSS"],"items_purchased_type":["Card"],"build_version":"2020-12-22","purchased_purges":5,"victory":false,"max_hp_per_floor":[65,65,65,65,65,65,65,65,65,65,65,70,70,70,70,70,70,70,70,70,70,70,70,70,70,70,70,70,70,70,70,70,70,70],"card_choices":[{"not_picked":["DoubleEdge","Starlight","Revamp"],"picked":"SKIP","floor":1},{"not_picked":["TimeWarp","Alleviate"],"picked":"Rearm","floor":2},{"not_picked":["Desolation","Unruled","BottledTime"],"picked":"SKIP","floor":5},{"not_picked":["Luminosity","DoubleEdge"],"picked":"SilverBlades","floor":7},{"not_picked":["FastForward","DoubleEdge"],"picked":"Barrier","floor":8},{"not_picked":["Rearm","ReturningBlade"],"picked":"GearUp","floor":10},{"not_picked":["ShatteredReality","Snipe","TimeWarp"],"picked":"SKIP","floor":18},{"not_picked":["DoubleEdge","ShatteredReality+1","Alleviate+1"],"picked":"SKIP","floor":19},{"not_picked":["Alleviate","Replace+1","Rearm"],"picked":"SKIP","floor":20},{"not_picked":["Unruled","Ricochet","BestPractice+1"],"picked":"SKIP","floor":23},{"not_picked":["Revamp","Misdirection"],"picked":"SurpressingFire+1","floor":25},{"not_picked":["DoubleEdge+1","FastForward+1","ShatteredReality"],"picked":"SKIP","floor":27},{"not_picked":["Solidify","ShatteredReality","Revamp"],"picked":"SKIP","floor":28}],"player_experience":200047,"relics_obtained":[{"floor":7,"key":"Vajra"},{"floor":9,"key":"jedi:cryingmask"},{"floor":23,"key":"aspiration:ChemicalBlood"},{"floor":23,"key":"Anchor"},{"floor":25,"key":"Matryoshka"},{"floor":25,"key":"Tiny Chest"},{"floor":26,"key":"CeramicFish"},{"floor":26,"key":"aspiration:SeaSaltIceCream"}],"event_choices":[{"damage_healed":0,"gold_gain":100,"player_choice":"Pray","damage_taken":0,"max_hp_gain":0,"max_hp_loss":0,"event_name":"Golden Shrine","floor":4,"gold_loss":0},{"damage_healed":0,"gold_gain":0,"player_choice":"Donut","damage_taken":0,"max_hp_gain":5,"max_hp_loss":0,"event_name":"Big Fish","floor":12,"gold_loss":0},{"damage_healed":0,"gold_gain":0,"player_choice":"Bought 0 Potions","damage_taken":0,"max_hp_gain":0,"max_hp_loss":0,"event_name":"The Woman in Blue","floor":21,"gold_loss":0},{"damage_healed":0,"gold_gain":100,"player_choice":"Pray","damage_taken":0,"max_hp_gain":0,"max_hp_loss":0,"event_name":"Golden Shrine","floor":31,"gold_loss":0}],"is_beta":false,"boss_relics":[{"not_picked":["aspiration:DefectSkillbook","vexMod:CursedCompass"],"picked":"Black Star"}],"items_purged_floors":[11,11,22,22,29],"is_endless":false,"potions_floor_spawned":[5,7,10,19,27,28],"killed_by":"Automaton","ascension_level":0}}