{"host":"qj91dvco5uhu9oti","time":1609755840,"event":{"mods":["BaseMod","Colored Map","Keyboard Shortcuts","Minty Spire (QoL Compilation)","Permanent Neow","Relic Stats","StSLib","SuperFastMode","everything is the same but u backflip on backflip"],"gold_per_floor":[144,23,23,23,68,68,158,203,203,203,248,248,293,383,383,683,683,728,397,412,392,99,189,234,324,399,453,453,552,606,660,669,669,669],"floor_reached":33,"playtime":899,"items_purged":["Defend_R","Strike_R"],"score":342,"play_id":"a94901d0-cf9b-48b8-8e0c-b3e2b6888518","local_time":"20210104192400","daily_mods":["Chimera","Diverse","Midas"],"is_ascension_mode":false,"campfire_choices":[{"floor":6,"key":"REST"},{"floor":10,"key":"REST"},{"floor":12,"key":"REST"},{"floor":15,"key":"REST"},{"floor":32,"key":"REST"}],"circlet_count":0,"master_deck":["Bash+1","Survivor","Zap","Eruption","Strike_G","Strike_B","Defend_G","Defend_P","Halt","Spot Weakness+1","EmptyFist","Genetic Algorithm","Prepared","Skim","True Grit+1","Go for the Eyes","Sunder","Phantasmal Killer+1","Metallicize","TalkToTheHand","ClearTheMind+1","Mayhem","Sweeping Beam","Dark Shackles+1","Venomology+1","Beam Cell+1","CarveReality+1","Uppercut","Clothesline","Perseverance+1"],"relics":["Cracked Core","Happy Flower","Toxic Egg 2","Thread and Needle","Black Star","Membership Card","Singing Bowl","Toolbox","Oddly Smooth Stone","Dream Catcher","CeramicFish","Darkstone Periapt","Matryoshka","Blue Candle","Boot"],"acts_visited":["Exordium","TheCity"],"potions_floor_usage":[25,27,29,29,30,31],"damage_taken":[{"damage":0,"enemies":"Cultist","floor":1,"turns":2},{"damage":0,"enemies":"Small Slimes","floor":5,"turns":3},{"damage":38,"enemies":"Gremlin Nob","floor":7,"turns":5},{"damage":6,"enemies":"2 Louse","floor":8,"turns":3},{"damage":12,"enemies":"2 Fungi Beasts","floor":11,"turns":2},{"damage":5,"enemies":"Blue Slaver","floor":13,"turns":3},{"damage":16,"enemies":"Lagavulin","floor":14,"turns":4},{"damage":47,"enemies":"The Guardian","floor":16,"turns":11},{"damage":7,"enemies":"Spheric Guardian","floor":18,"turns":5},{"damage":14,"enemies":"2 Thieves","floor":20,"turns":4},{"damage":21,"enemies":"Slavers","floor":23,"turns":6},{"damage":2,"enemies":"Snecko","floor":24,"turns":5},{"damage":2,"enemies":"Book of Stabbing","floor":25,"turns":6},{"damage":2,"enemies":"Cultist and Chosen","floor":27,"turns":4},{"damage":12,"enemies":"Slavers","floor":29,"turns":4},{"damage":11,"enemies":"Shelled Parasite and Fungi","floor":30,"turns":3},{"damage":2,"enemies":"Centurion and Healer","floor":31,"turns":5},{"damage":37,"enemies":"Collector","floor":33,"turns":5}],"seed_played":"-6631355389535803282","potions_obtained":[{"floor":7,"key":"BlessingOfTheForge"},{"floor":8,"key":"Energy Potion"},{"floor":11,"key":"Energy Potion"},{"floor":21,"key":"PowerPotion"},{"floor":29,"key":"PotionOfCapacity"}],"is_trial":false,"path_per_floor":["M","$","?","?","M","R","E","M","T","R","M","R","M","E","R","B",null,"M","$","M","?","$","E","M","E","T","M","?","E","M","M","R","B"],"character_chosen":"DEFECT","items_purchased":["Spot Weakness","EmptyFist","Membership Card","TalkToTheHand","ClearTheMind+1","Mayhem","Singing Bowl","Dark Shackles+1","Toolbox"],"campfire_rested":5,"item_purchase_floors":[2,2,19,19,19,19,22,22,22],"current_hp_per_floor":[75,75,60,65,65,80,42,36,36,60,48,72,67,51,75,28,80,73,73,59,59,59,38,36,36,36,34,34,22,11,9,33,0,0],"gold":669,"neow_bonus":"","is_daily":true,"chose_seed":false,"campfire_upgraded":0,"win_rate":0.0,"timestamp":1609755840,"path_taken":["M","$","?","?","M","R","E","M","T","R","M","R","M","E","R","BOSS","M","$","M","?","$","E","M","E","T","?","?","E","M","M","R","BOSS"],"items_purchased_type":["Card","Card","Relic","Card","Card","Card","Relic","Card","Relic"],"build_version":"2020-12-22","purchased_purges":2,"victory":false,"max_hp_per_floor":[75,75,75,80,80,80,80,80,80,80,80,80,80,80,80,80,80,80,80,80,80,80,80,80,82,82,82,82,82,82,82,82,82,82],"relic_stats":{"Darkstone Periapt":0,"Dream Catcher":1,"Happy Flower":[23],"Singing Bowl":2,"counters":[18,80],"CeramicFish":45,"Blue Candle":[0],"Black Star":3,"Boot":[4],"obtain_stats":[{"Darkstone Periapt":25,"Happy Flower":7,"Singing Bowl":22,"CeramicFish":25,"Blue Candle":29,"Oddly Smooth Stone":23,"Thread and Needle":14,"Boot":29,"Dream Catcher":23,"Matryoshka":26,"Toolbox":22,"Black Star":17,"Membership Card":19,"Toxic Egg 2":9,"Cracked Core":0},{"Darkstone Periapt":13,"Happy Flower":3,"Singing Bowl":10,"CeramicFish":13,"Blue Candle":15,"Oddly Smooth Stone":11,"Thread and Needle":7,"Boot":15,"Dream Catcher":11,"Matryoshka":13,"Toolbox":10,"Black Star":8,"Membership Card":9,"Toxic Egg 2":4,"Cracked Core":0},{"Darkstone Periapt":59,"Happy Flower":10,"Singing Bowl":42,"CeramicFish":59,"Blue Candle":67,"Oddly Smooth Stone":48,"Thread and Needle":22,"Boot":67,"Dream Catcher":48,"Matryoshka":59,"Toolbox":42,"Black Star":33,"Membership Card":38,"Toxic Egg 2":13,"Cracked Core":0}]},"card_choices":[{"not_picked":["EmptyFist","Feel No Pain"],"picked":"Halt","floor":1},{"not_picked":["Second Wind","Halt"],"picked":"Genetic Algorithm","floor":5},{"not_picked":["Outmaneuver","Accuracy"],"picked":"Prepared","floor":7},{"not_picked":["Evaluate","Redo"],"picked":"Skim","floor":8},{"not_picked":["Cleave","CutThroughFate"],"picked":"True Grit+1","floor":11},{"not_picked":["Poisoned Stab","Rage+1"],"picked":"Go for the Eyes","floor":13},{"not_picked":["Prepared+1","CutThroughFate"],"picked":"Sunder","floor":14},{"not_picked":["Creative AI","Multi-Cast+1"],"picked":"Phantasmal Killer+1","floor":16},{"not_picked":["Rupture","Coolheaded+1"],"picked":"Metallicize","floor":18},{"not_picked":["Pray+1","Cleave"],"picked":"Sweeping Beam","floor":20},{"not_picked":["Distraction+1","Perfected Strike"],"picked":"Venomology+1","floor":23},{"not_picked":["Caltrops+1","JustLucky"],"picked":"Beam Cell+1","floor":24},{"not_picked":["Deflect+1","Metallicize","Rupture"],"picked":"Singing Bowl","floor":25},{"not_picked":["Vengeance+1","EmptyFist"],"picked":"Blood for Blood","floor":27},{"not_picked":["Power Through+1","Well Laid Plans"],"picked":"CarveReality+1","floor":29},{"not_picked":["Masterful Stab","Armaments+1"],"picked":"Uppercut","floor":30},{"not_picked":["Halt+1","Quick Slash"],"picked":"Clothesline","floor":31},{"not_picked":["BowlingBash","Flex+1"],"picked":"Perseverance+1","floor":32}],"player_experience":339034,"relics_obtained":[{"floor":7,"key":"Happy Flower"},{"floor":9,"key":"Toxic Egg 2"},{"floor":14,"key":"Thread and Needle"},{"floor":23,"key":"Oddly Smooth Stone"},{"floor":23,"key":"Dream Catcher"},{"floor":25,"key":"CeramicFish"},{"floor":25,"key":"Darkstone Periapt"},{"floor":26,"key":"Matryoshka"},{"floor":29,"key":"Blue Candle"},{"floor":29,"key":"Boot"}],"event_choices":[{"damage_healed":0,"gold_gain":0,"player_choice":"Entered Light","damage_taken":15,"max_hp_gain":0,"max_hp_loss":0,"event_name":"Shining Light","floor":3,"gold_loss":0,"cards_upgraded":["Bash","Spot Weakness"]},{"damage_healed":0,"gold_gain":0,"player_choice":"Donut","damage_taken":0,"max_hp_gain":5,"max_hp_loss":0,"event_name":"Big Fish","floor":4,"gold_loss":0},{"damage_healed":0,"gold_gain":0,"player_choice":"Bought 1 Potion","damage_taken":0,"max_hp_gain":0,"max_hp_loss":0,"event_name":"The Woman in Blue","floor":21,"gold_loss":0},{"cards_removed":["Blood for Blood"],"damage_healed":0,"gold_gain":0,"player_choice":"Elegance","damage_taken":0,"max_hp_gain":0,"max_hp_loss":0,"event_name":"Back to Basics","floor":28,"gold_loss":0}],"is_beta":false,"boss_relics":[{"not_picked":["Cursed Key","Inserter"],"picked":"Black Star"}],"items_purged_floors":[19,22],"is_endless":false,"potions_floor_spawned":[7,8,11,16,24,25,29,30,31],"killed_by":"Collector","ascension_level":0}}