{"host":"hzhtv7n0nkrnil9f","time":1609746454,"event":{"mods":["AchievementEnabler","BaseMod","Colored Map","Minty Spire (QoL Compilation)","Permanent Neow","Quick Restart"],"gold_per_floor":[110,17,28,42,42,72,72,106,183,183,183,183],"floor_reached":11,"playtime":1030,"items_purged":[],"score":89,"play_id":"bfd9bc67-7341-4be7-b31a-d2ba6b148f41","local_time":"20210104084734","is_ascension_mode":true,"campfire_choices":[{"data":"Coolheaded","floor":7,"key":"SMITH"},{"floor":10,"key":"REST"}],"circlet_count":0,"master_deck":["Strike_B","Strike_B","Strike_B","Strike_B","Defend_B","Defend_B","Defend_B","Defend_B","Zap","Dualcast","Pain","Turbo","PanicButton","Capacitor","Coolheaded+1","Conserve Battery","Multi-Cast"],"relics":["Cracked Core","Emotion Chip","Prayer Wheel","Nunchaku","Pear"],"acts_visited":["Exordium"],"potions_floor_usage":[],"damage_taken":[{"damage":5,"enemies":"Cultist","floor":1,"turns":4},{"damage":5,"enemies":"2 Louse","floor":3,"turns":2},{"damage":5,"enemies":"Jaw Worm","floor":4,"turns":3},{"damage":34,"enemies":"Gremlin Nob","floor":6,"turns":5},{"damage":23,"enemies":"3 Sentries","floor":8,"turns":9},{"damage":0,"enemies":"Lagavulin","floor":11,"turns":2}],"seed_played":"8656829838415561256","potions_obtained":[{"floor":6,"key":"BlessingOfTheForge"},{"floor":8,"key":"ColorlessPotion"}],"is_trial":false,"path_per_floor":["M","$","M","M","?","E","R","E","T","R","E"],"character_chosen":"DEFECT","items_purchased":["PanicButton"],"campfire_rested":1,"item_purchase_floors":[2],"current_hp_per_floor":[70,70,65,60,60,26,26,3,13,38,38,38],"gold":183,"neow_bonus":"ONE_RARE_RELIC","is_daily":false,"chose_seed":false,"campfire_upgraded":1,"win_rate":0.0,"timestamp":1609746454,"path_taken":["M","?","M","M","?","E","R","E","T","R","E"],"items_purchased_type":["Card"],"build_version":"2020-12-22","purchased_purges":0,"victory":false,"max_hp_per_floor":[75,75,75,75,75,75,75,75,85,85,85,85],"card_choices":[{"not_picked":["Hello World","Sweeping Beam"],"picked":"Turbo","floor":1},{"not_picked":["Streamline","Redo"],"picked":"Capacitor","floor":3},{"not_picked":["Gash","Static Discharge"],"picked":"Coolheaded","floor":4},{"not_picked":["Reprogram","Redo"],"picked":"Conserve Battery","floor":6},{"not_picked":["Aggregate","Redo"],"picked":"Multi-Cast","floor":8}],"player_experience":253015,"relics_obtained":[{"floor":6,"key":"Prayer Wheel"},{"floor":8,"key":"Nunchaku"},{"floor":9,"key":"Pear"}],"event_choices":[{"damage_healed":0,"gold_gain":0,"player_choice":"Leave","damage_taken":0,"max_hp_gain":0,"max_hp_loss":0,"event_name":"The Cleric","floor":5,"gold_loss":0}],"is_beta":false,"boss_relics":[],"items_purged_floors":[],"is_endless":false,"potions_floor_spawned":[6,8],"killed_by":"Lagavulin","ascension_level":2}}