{"host":"cv77zuuuekizn3ic","time":1609772432,"event":{"mods":["AchievementEnabler","BaseMod","Marisa£®ÏF”Í°°ƒß¿Ì…≥£©","Minty Spire (QoL Compilation)","StSLib","Waifu the Spire","everything is the same but u backflip on backflip","slay the spire mod where everything is the same but ironclad has a cowboy hat"],"gold_per_floor":[117,72,47,58,75,75,90,64,64,64,79,79,79,107,107,208,208,218,143,153,252,167,167,180,207,230,263,263,263,6,6,6,110,110,126,179,229,8,8,40,40,69,138,138,138,173,185,201,201,201,201,201,15,42,42],"floor_reached":56,"playtime":3600,"items_purged":["Strike_B","Defend_B","Defend_B","Defend_B"],"score":1968,"play_id":"8c273a8e-c5da-49c5-9930-4c1026adffb4","local_time":"20210104230032","is_ascension_mode":true,"campfire_choices":[{"data":"Defragment","floor":6.0,"key":"SMITH"},{"data":"Coolheaded","floor":12.0,"key":"SMITH"},{"data":"Coolheaded","floor":15.0,"key":"SMITH"},{"data":"Heatsinks","floor":23.0,"key":"SMITH"},{"data":"Chaos","floor":29.0,"key":"SMITH"},{"data":"Turbo","floor":32.0,"key":"SMITH"},{"data":"Echo Form","floor":41.0,"key":"SMITH"},{"data":"Defragment","floor":44.0,"key":"SMITH"},{"floor":49,"key":"RECALL"},{"data":"Zap","floor":52,"key":"SMITH"}],"circlet_count":0,"master_deck":["AscendersBane","Zap+1","Dualcast+1","Turbo+1","Coolheaded+1","Chaos+1","Defragment+1","Coolheaded+1","Echo Form+1","Electrodynamics","Defragment+1","Thunder Strike+1","Turbo+1","Glacier+1","Heatsinks+1","Steam Power+1","Self Repair","Purity","Machine Learning","Defragment+1","Amplify+1","Coolheaded+1","Capacitor"],"relics":["Cracked Core","NeowsBlessing","Lizard Tail","FossilizedHelix","Pen Nib","Astrolabe","Matryoshka","Dream Catcher","DataDisk","Juzu Bracelet","Sundial","Black Star","CatCart","CaptainsWheel","InkBottle","War Paint","PreservedInsect","Centennial Puzzle","The Courier","Toy Ornithopter","Bird Faced Urn","Strawberry","Turnip"],"acts_visited":["Exordium","TheCity","TheBeyond","TheEnding"],"potions_floor_usage":[],"damage_taken":[{"damage":0.0,"enemies":"Cultist","floor":1.0,"turns":1.0},{"damage":0.0,"enemies":"Jaw Worm","floor":4.0,"turns":1.0},{"damage":0.0,"enemies":"Small Slimes","floor":5.0,"turns":1.0},{"damage":15.0,"enemies":"Gremlin Gang","floor":7.0,"turns":5.0},{"damage":0.0,"enemies":"3 Louse","floor":11.0,"turns":3.0},{"damage":10.0,"enemies":"Gremlin Nob","floor":14.0,"turns":4.0},{"damage":0.0,"enemies":"Slime Boss","floor":16.0,"turns":9.0},{"damage":17.0,"enemies":"3 Byrds","floor":18.0,"turns":4.0},{"damage":0.0,"enemies":"Spheric Guardian","floor":20.0,"turns":3.0},{"damage":0.0,"enemies":"Shelled Parasite and Fungi","floor":24.0,"turns":5.0},{"damage":0.0,"enemies":"Book of Stabbing","floor":25.0,"turns":5.0},{"damage":20.0,"enemies":"Gremlin Leader","floor":27.0,"turns":6.0},{"damage":7.0,"enemies":"Champ","floor":33.0,"turns":6.0},{"damage":9.0,"enemies":"3 Shapes","floor":35.0,"turns":5.0},{"damage":0.0,"enemies":"Orin","floor":36.0,"turns":6.0},{"damage":9.0,"enemies":"2 Orb Walkers","floor":37.0,"turns":4.0},{"damage":12.0,"enemies":"Nemesis","floor":40.0,"turns":5.0},{"damage":0.0,"enemies":"Giant Head","floor":42.0,"turns":4.0},{"damage":0.0,"enemies":"Nemesis","floor":46.0,"turns":4.0},{"damage":0.0,"enemies":"Orb Walker","floor":47.0,"turns":1.0},{"damage":0,"enemies":"Writhing Mass","floor":48,"turns":5},{"damage":84,"enemies":"Awakened One","floor":50,"turns":8},{"damage":27,"enemies":"Shield and Spear","floor":54,"turns":4},{"damage":44,"enemies":"The Heart","floor":55,"turns":7}],"seed_played":"-3280888618903468002","potions_obtained":[{"floor":5.0,"key":"SpeedPotion"},{"floor":7.0,"key":"Ancient Potion"},{"floor":11.0,"key":"SteroidPotion"},{"floor":14.0,"key":"EssenceOfDarkness"},{"floor":18.0,"key":"DistilledChaos"},{"floor":24.0,"key":"LiquidMemories"},{"floor":36.0,"key":"Swift Potion"}],"is_trial":false,"path_per_floor":["M","$","$","M","M","R","M","$","T","?","M","R","?","E","R","B",null,"M","$","M","?","?","R","M","E","T","E","?","R","$","?","R","B",null,"M","?","?","$","$","E","R","E","T","R","?","E","M","M","R","B",null,"R","$","E","B",null],"character_chosen":"DEFECT","items_purchased":["Coolheaded","Compile Driver","Coolheaded","Self Repair","Purity","FairyPotion","Capacitor"],"campfire_rested":0,"item_purchase_floors":[2,3,8,30,30,38,53],"current_hp_per_floor":[68,68,68,68,68,68,53,53,53,53,53,53,53,43,43,43,67,50,50,50,50,50,50,50,50,50,30,30,30,30,30,30,30,64,62,75,73,73,73,68,68,75,75,75,75,75,75,75,75,36,65,65,65,62,49],"gold":42,"neow_bonus":"THREE_ENEMY_KILL","is_daily":false,"chose_seed":false,"campfire_upgraded":9,"win_rate":0.0,"timestamp":1609772432,"path_taken":["M","?","$","M","M","R","M","$","T","?","?","R","?","E","R","BOSS","M","$","?","?","?","R","M","E","T","E","?","R","$","?","R","BOSS","M","?","?","?","$","E","R","E","T","R","?","E","M","M","R","BOSS","R","$","E","BOSS"],"items_purchased_type":["Card","Card","Card","Card","Card","Potion","Card"],"build_version":"2020-12-22","purchased_purges":4,"victory":true,"max_hp_per_floor":[75,75,75,75,75,75,75,75,75,75,75,75,75,75,75,75,75,75,75,75,75,75,75,75,75,75,75,75,75,75,75,75,75,75,75,75,75,75,75,75,75,75,75,75,75,75,75,75,75,75,75,75,75,82,82],"card_choices":[{"not_picked":["Barrage","Steam"],"picked":"Turbo","floor":1.0},{"not_picked":["Lockon","Stack"],"picked":"Chaos","floor":4.0},{"not_picked":["Tempest","Gash"],"picked":"Defragment","floor":5.0},{"not_picked":["Cold Snap","Force Field","Leap"],"picked":"SKIP","floor":7.0},{"not_picked":["Leap","Stack"],"picked":"Echo Form","floor":11.0},{"not_picked":["Genetic Algorithm","Compile Driver","Steam"],"picked":"SKIP","floor":14.0},{"not_picked":["Core Surge","Meteor Strike"],"picked":"Electrodynamics","floor":16.0},{"not_picked":["Sunder","Sweeping Beam"],"picked":"Glacier+1","floor":18.0},{"not_picked":["Leap","Gash"],"picked":"Heatsinks","floor":20.0},{"not_picked":["Hologram","Go for the Eyes"],"picked":"Steam Power+1","floor":24.0},{"not_picked":["Compile Driver+1","Beam Cell","Reprogram"],"picked":"SKIP","floor":25.0},{"not_picked":["Loop+1","Go for the Eyes+1","Genetic Algorithm"],"picked":"SKIP","floor":27.0},{"not_picked":["All For One","Rainbow"],"picked":"Machine Learning","floor":33.0},{"not_picked":["Leap+1","Steam+1","Barrage+1"],"picked":"SKIP","floor":35.0},{"not_picked":["Steam","Coolheaded"],"picked":"Defragment","floor":36.0},{"not_picked":["Redo","Beam Cell+1"],"picked":"Amplify","floor":37.0},{"not_picked":["Ball Lightning+1","Multi-Cast","Steam"],"picked":"SKIP","floor":40.0},{"not_picked":["Go for the Eyes+1","Echo Form"],"picked":"Coolheaded+1","floor":42.0},{"not_picked":["Beam Cell","All For One","Coolheaded"],"picked":"SKIP","floor":46.0},{"not_picked":["Beam Cell","Blizzard+1","Sweeping Beam+1"],"picked":"SKIP","floor":47.0},{"not_picked":["Auto Shields","Ball Lightning+1","Steam Power"],"picked":"SKIP","floor":48},{"not_picked":["Coolheaded+1","Go for the Eyes+1","Stack"],"picked":"SKIP","floor":54}],"player_experience":723187,"relics_obtained":[{"floor":9.0,"key":"Lizard Tail"},{"floor":14.0,"key":"Pen Nib"},{"floor":25.0,"key":"Dream Catcher"},{"floor":26.0,"key":"DataDisk"},{"floor":26.0,"key":"Juzu Bracelet"},{"floor":27.0,"key":"Sundial"},{"floor":36.0,"key":"CatCart"},{"floor":37.0,"key":"CaptainsWheel"},{"floor":40.0,"key":"InkBottle"},{"floor":40.0,"key":"War Paint"},{"floor":42.0,"key":"PreservedInsect"},{"floor":42.0,"key":"Centennial Puzzle"},{"floor":43.0,"key":"The Courier"},{"floor":46.0,"key":"Toy Ornithopter"},{"floor":46.0,"key":"Bird Faced Urn"},{"floor":54,"key":"Strawberry"},{"floor":54,"key":"Turnip"}],"event_choices":[{"damage_healed":0.0,"max_hp_gain":0.0,"max_hp_loss":0.0,"gold_gain":0.0,"event_name":"WeMeetAgain","player_choice":"Gave Potion","floor":10.0,"gold_loss":0.0,"damage_taken":0.0,"relics_obtained":["FossilizedHelix"]},{"damage_healed":0.0,"max_hp_gain":0.0,"max_hp_loss":0.0,"gold_gain":0.0,"event_name":"Match and Keep!","player_choice":"0 cards matched","floor":13.0,"gold_loss":0.0,"damage_taken":0.0,"cards_obtained":[]},{"damage_healed":0.0,"max_hp_gain":0.0,"max_hp_loss":0.0,"gold_gain":99.0,"event_name":"Nest","player_choice":"Stole From Cult","floor":21.0,"gold_loss":0.0,"damage_taken":0.0},{"damage_healed":0.0,"max_hp_gain":0.0,"max_hp_loss":0.0,"gold_gain":0.0,"event_name":"Addict","player_choice":"Obtained Relic","floor":22.0,"gold_loss":85.0,"damage_taken":0.0,"relics_obtained":["Matryoshka"]},{"cards_removed":["Defend_B"],"damage_healed":0.0,"max_hp_gain":0.0,"max_hp_loss":0.0,"gold_gain":0.0,"event_name":"Back to Basics","player_choice":"Elegance","floor":28.0,"gold_loss":0.0,"damage_taken":0.0},{"damage_healed":0.0,"max_hp_gain":0.0,"max_hp_loss":0.0,"gold_gain":0.0,"event_name":"Vampires","player_choice":"Ignored","floor":31.0,"gold_loss":0.0,"damage_taken":0.0},{"damage_healed":0.0,"max_hp_gain":0.0,"max_hp_loss":0.0,"gold_gain":0.0,"event_name":"OrinTheCat","player_choice":"Fight","floor":36.0,"gold_loss":0.0,"damage_taken":0.0},{"damage_healed":0.0,"max_hp_gain":0.0,"max_hp_loss":0.0,"gold_gain":0.0,"event_name":"Mysterious Sphere","player_choice":"Fight","floor":37.0,"gold_loss":0.0,"damage_taken":0.0},{"cards_removed":["Compile Driver"],"damage_healed":0.0,"max_hp_gain":0.0,"max_hp_loss":0.0,"gold_gain":0.0,"event_name":"Falling","player_choice":"Removed Attack","floor":45.0,"gold_loss":0.0,"damage_taken":0.0}],"is_beta":false,"boss_relics":[{"not_picked":["Sozu","Velvet Choker"],"picked":"Astrolabe"},{"not_picked":["Runic Dome","Philosopher\u0027s Stone"],"picked":"Black Star"}],"items_purged_floors":[19,30,38,53],"is_endless":false,"potions_floor_spawned":[5,7,11,14,18,24,36,42,47,48],"ascension_level":11}}