{"host":"ctlqibkg0sskiu65","time":1609734958,"event":{"mods":["2.2 Compatiblity","AchievementEnabler","Aspiration","BaseMod","BetterRewards","Colored Map","Colored Powertips","Conspire","Downfall","Fiend Mod","Infinite Spire","Minty Spire (QoL Compilation)","Quick Restart","Replay The Spire","Shop Mod","StSLib","The Bladedancer","The Cursed","The Hierophant","The Jungle","The Kombatant","The Poker Player","The Servant 0.9.4","TheBandit"],"gold_per_floor":[110,110,129,129,142,142,156,166,245,258,258,269,269,26,26,126,126,137,137,137,82,97,97,128,128,176,210,229,256,256,256,256,359,409,420,520,570,596,613,613,630,684,709,709,737,751,105,140,140,148],"floor_reached":51,"playtime":2939,"items_purged":["Strike_G","Strike_G"],"score":1577,"play_id":"94f60ea7-24a6-4c4d-8023-7e6ba22f96d4","local_time":"20210103223558","is_ascension_mode":true,"campfire_choices":[{"data":"Poisoned Stab","floor":6.0,"key":"SMITH"},{"data":"Noxious Fumes","floor":11.0,"key":"SMITH"},{"data":"Leg Sweep","floor":15.0,"key":"SMITH"},{"data":"infinitespire:Starlight","floor":23.0,"key":"SMITH"},{"floor":25.0,"key":"REST"},{"data":"Poisoned Stab","floor":30.0,"key":"SMITH"},{"data":"Bouncing Flask","floor":32.0,"key":"SMITH"},{"floor":40,"key":"DIG"},{"floor":49,"key":"DIG"}],"circlet_count":0,"master_deck":["AscendersBane","Strike_G+1","Defend_G+1","Defend_G+1","Defend_G+1","Defend_G+1","Survivor","Neutralize","Poisoned Stab+1","Deflect","Deadly Poison","Noxious Fumes+1","Leg Sweep+1","Wraith Form v2","infinitespire:Starlight+1","Fluid Movement+1","Backstab+1","Bouncing Flask+1","Endless Agony","Poisoned Stab+1","infinitespire:Collect","Caltrops+1","Dodge and Roll+1","Dodge and Roll+1","Replay:SS_forest_6+1"],"relics":["Ring of the Snake","Strawberry","Mango","Quantum Egg","ReplayTheSpireMod:Shallot","Pet Ghost","conspire:SpecialSausage","Lizard Tail","Empty Cage","Frozen Egg 2","ReplayTheSpireMod:Lightbulb","Garlic","Art of War","Tiny House","Du-Vu Doll","Replay:Multitool","Gremlin Food","Snake Skull","Pen Nib","Replay:Mystery Machine","Oddly Smooth Stone","Replay:Bottled Eggs","Medical Kit","infinitespire:Eraser","Replay:Bandana"],"acts_visited":["Exordium","TheCity","TheBeyond"],"potions_floor_usage":[36,46],"damage_taken":[{"damage":0.0,"enemies":"Jaw Worm","floor":1.0,"turns":4.0},{"damage":7.0,"enemies":"2 Louse","floor":3.0,"turns":3.0},{"damage":0.0,"enemies":"Cultist","floor":5.0,"turns":3.0},{"damage":9.0,"enemies":"Red Slaver","floor":7.0,"turns":4.0},{"damage":0.0,"enemies":"Exordium Wildlife","floor":8.0,"turns":3.0},{"damage":4.0,"enemies":"Blue Slaver","floor":10.0,"turns":4.0},{"damage":6.0,"enemies":"3 Louse","floor":12.0,"turns":4.0},{"damage":5.0,"enemies":"The Guardian","floor":16.0,"turns":9.0},{"damage":0.0,"enemies":"Shell Parasite","floor":18.0,"turns":7.0},{"damage":0.0,"enemies":"conspire:FuzzyDice","floor":22.0,"turns":7.0},{"damage":54.0,"enemies":"Gremlin Leader","floor":24.0,"turns":7.0},{"damage":65.0,"enemies":"Slavers","floor":27.0,"turns":11.0},{"damage":0.0,"enemies":"Snecko","floor":28.0,"turns":5.0},{"damage":11.0,"enemies":"Replay:Snechameleon","floor":29.0,"turns":7.0},{"damage":83,"enemies":"Champ","floor":33,"turns":12},{"damage":2,"enemies":"Orb Walker","floor":35,"turns":5},{"damage":49,"enemies":"infinitespire:Three Voidlings","floor":36,"turns":6},{"damage":42,"enemies":"Nightmare_Alpha","floor":36,"turns":11},{"damage":0,"enemies":"Mind Bloom Boss Battle","floor":37,"turns":8},{"damage":0,"enemies":"3 Shapes","floor":39,"turns":5},{"damage":0,"enemies":"Maw","floor":41,"turns":7},{"damage":0,"enemies":"R_Hoarder","floor":45,"turns":7},{"damage":18,"enemies":"Spire Growth","floor":46,"turns":6},{"damage":0,"enemies":"Giant Head","floor":48,"turns":12},{"damage":7,"enemies":"Time Eater","floor":50,"turns":12}],"seed_played":"8029451421567901575","potions_obtained":[{"floor":1.0,"key":"Swift Potion"},{"floor":7.0,"key":"Strength Potion"},{"floor":8.0,"key":"PowerPotion"},{"floor":16.0,"key":"FearPotion"},{"floor":18.0,"key":"Energy Potion"},{"floor":28.0,"key":"SteroidPotion"},{"floor":34,"key":"PowerPotion"},{"floor":37,"key":"SpeedPotion"},{"floor":41,"key":"Poison Potion"}],"is_trial":false,"path_per_floor":["M","?","M","?","M","R","M","M","T","M","R","M","T","$","R","B",null,"M","AVR","?","$","M","R","E","R","T","E","M","E","R","?","R","B",null,"M","?","?","T","M","R","M","R","T","?","E","M","$","E","R","B",null],"character_chosen":"THE_SILENT","items_purchased":["Strawberry","Mango","Poisoned Stab","Pet Ghost","Backstab+1","Oddly Smooth Stone","Replay:Bottled Eggs","Replay:SS_forest_6+1","Medical Kit"],"campfire_rested":1,"item_purchase_floors":[0,0,0,14,21,47,47,47,47],"current_hp_per_floor":[84,84,77,77,77,77,68,68,68,64,64,58,58,58,58,53,82,82,82,82,82,91,91,52,79,79,26,41,45,45,75,75,7,75,88,68,83,83,96,96,96,96,96,96,96,82,82,96,96,89],"gold":148,"neow_bonus":"","is_daily":false,"chose_seed":false,"campfire_upgraded":6,"win_rate":0.0,"timestamp":1609734958,"path_taken":["M","?","M","?","M","R","M","M","T","M","R","M","?","$","R","BOSS","M","AVR","?","$","M","R","E","R","T","E","?","E","R","?","R","BOSS","M","?","?","?","M","R","M","R","T","?","E","M","?","E","R","BOSS"],"items_purchased_type":["Relic","Relic","Card","Relic","Card","Relic","Relic","Card","Relic"],"build_version":"2020-12-22","purchased_purges":2,"victory":true,"max_hp_per_floor":[91,91,91,91,91,91,91,91,91,91,91,91,91,91,91,91,91,91,91,91,91,91,91,91,91,91,91,91,91,91,91,91,91,96,96,96,96,96,96,96,96,96,96,96,96,96,96,96,96,96],"card_choices":[{"not_picked":["Blade Dance","Backflip"],"picked":"Deflect","floor":1.0},{"not_picked":["Blade Dance","Skewer"],"picked":"Deadly Poison","floor":3.0},{"not_picked":["Flying Knee","Eviscerate","Dagger Throw"],"picked":"SKIP","floor":5.0},{"not_picked":["ReplayTheSpireMod:Exploit Weakness","Sucker Punch"],"picked":"Noxious Fumes","floor":7.0},{"not_picked":["Flying Knee","Masterful Stab","Blade Dance"],"picked":"SKIP","floor":8.0},{"not_picked":["Accuracy","Outmaneuver"],"picked":"Leg Sweep","floor":10.0},{"not_picked":["Quick Slash","Sucker Punch","Dagger Throw"],"picked":"SKIP","floor":12.0},{"not_picked":["Atom Bomb","Phantasmal Killer"],"picked":"Wraith Form v2","floor":16.0},{"not_picked":["Predator","PiercingWail","Blur"],"picked":"SKIP","floor":18.0},{"not_picked":["Blade Dance+1","Sucker Punch+1","Dagger Spray"],"picked":"SKIP","floor":22.0},{"not_picked":["Prepared+1","Hidden Blade","Backstab"],"picked":"SKIP","floor":24.0},{"not_picked":["Fluid Movement+1","Hidden Blade"],"picked":"Bouncing Flask","floor":27.0},{"not_picked":["Cloak And Dagger+1","Concentrate"],"picked":"Endless Agony","floor":28.0},{"not_picked":["Wraith Form v2+1","ReplayTheSpireMod:The Works"],"picked":"Poisoned Stab","floor":29.0},{"not_picked":["Deadly Poison","Sucker Punch","Sneak Up+1"],"picked":"SKIP","floor":35},{"not_picked":["infinitespire:TheBestDefense","infinitespire:DeathsTouch"],"picked":"infinitespire:Collect","floor":36},{"not_picked":["ReplayTheSpireMod:Speed Training","Flechettes+1"],"picked":"Caltrops+1","floor":37},{"not_picked":["Quick Slash","Underhanded Strike"],"picked":"Dodge and Roll+1","floor":39},{"not_picked":["Slice+1","Choke+1","Predator"],"picked":"SKIP","floor":41},{"not_picked":["Well Laid Plans+1","Dodge and Roll+1","Leg Sweep+1"],"picked":"SKIP","floor":45},{"not_picked":["Outmaneuver","Blade Dance"],"picked":"Dodge and Roll+1","floor":46},{"not_picked":["Quick Slash","Hidden Blade","Underhanded Strike"],"picked":"SKIP","floor":48}],"player_experience":192770,"relics_obtained":[{"floor":9.0,"key":"Quantum Egg"},{"floor":13.0,"key":"ReplayTheSpireMod:Shallot"},{"floor":24.0,"key":"Frozen Egg 2"},{"floor":26.0,"key":"ReplayTheSpireMod:Lightbulb"},{"floor":27.0,"key":"Garlic"},{"floor":29.0,"key":"Art of War"},{"floor":36,"key":"Du-Vu Doll"},{"floor":37,"key":"Replay:Multitool"},{"floor":38,"key":"Gremlin Food"},{"floor":40,"key":"Snake Skull"},{"floor":43,"key":"Pen Nib"},{"floor":45,"key":"Replay:Mystery Machine"},{"floor":48,"key":"infinitespire:Eraser"},{"floor":49,"key":"Replay:Bandana"}],"event_choices":[{"damage_healed":0.0,"max_hp_gain":0.0,"max_hp_loss":0.0,"gold_gain":0.0,"cards_transformed":["Strike_G"],"event_name":"Transmorgrifier","player_choice":"Transformed","floor":20.0,"gold_loss":0.0,"damage_taken":0.0,"cards_obtained":["Fluid Movement"]},{"damage_healed":30.0,"max_hp_gain":0.0,"max_hp_loss":0.0,"gold_gain":0.0,"event_name":"The Library","player_choice":"Heal","floor":31.0,"gold_loss":0.0,"damage_taken":0.0},{"damage_healed":0,"gold_gain":0,"player_choice":"Fight","damage_taken":0,"max_hp_gain":0,"max_hp_loss":0,"event_name":"MindBloom","floor":37,"gold_loss":0},{"damage_healed":0,"gold_gain":0,"player_choice":"Memory 1","damage_taken":0,"max_hp_gain":0,"max_hp_loss":0,"event_name":"SensoryStone","floor":44,"gold_loss":0}],"is_beta":false,"boss_relics":[{"not_picked":["WristBlade","aspiration:PoetsPen_weak"],"picked":"conspire:SpecialSausage"},{"not_picked":["aspiration:SecretTechniqueScroll","Painkiller Herb"],"picked":"Tiny House"}],"items_purged_floors":[0,14],"is_endless":false,"potions_floor_spawned":[1,7,8,16,18,28,37,41,46],"ascension_level":11}}