{"host":"0azimyi6n3ugndj4","time":1609785036,"event":{"mods":["2.2 Compatiblity","BaseMod","Bestiary","Conspire","Curses Come First","Defuse TimeMaze Blight","Hermit","Hyrulean Relics","Infinite Spire","Minty Spire (QoL Compilation)","Relic Stats","Replay The Spire","StSLib","SuperFastMode","The Cursed","The Hierophant","Uncapped","¡¼?Úª?ø«¡½REMEMod"],"gold_per_floor":[159,246,288,115,186,186,267,98,98,176,176,176,176,9,9,258,258,308,308,308,308,141,243,158,296,296,296,296,296,571,571,571,838,838,892,466,563,563,641,784,850,850,896,998,998,567,605,605],"floor_reached":47,"playtime":814,"items_purged":["Hallucinations"],"score":1530,"play_id":"9a0c163f-4eff-412d-98e3-4c42ec079632","local_time":"20210105033036","daily_mods":["SealedDeck","Hoarder","Insanity","Chimera","Specialized","Vintage","ControlledChaos","Allstar","Diverse","Colorless Cards","Heirloom","Time Dilation","Flight","Elite Swarm","Lethality","Midas","Binary"],"is_ascension_mode":true,"campfire_choices":[{"floor":6,"key":"REST"},{"floor":15,"key":"REST"}],"circlet_count":0,"master_deck":["Demon Form+1","Wraith Form v2","Echo Form","DevaForm","AscendersBane","Bash","Survivor","Zap","Strike_R","Strike_G","Strike_B+1","Defend_R+1","Defend_G","Defend_P","TheCursedMod:SurpriseAttack","TheCursedMod:CircleOfAmplification","hierophant:HammerAndAnvil","Power Through","hierophant:MorningPrayer","conspire:DoublingDagger","Clothesline","Clothesline","Infernal Blade","Beam Cell","BowlingBash","hierophant:Upheaval","Headbutt","ClearTheMind","Rebound","TheCursedMod:CircleOfCorruption","hermit:TrackingShot","hierophant:Charity","ReplayTheSpireMod:Dual Polarity","hermit:Ricochet","Hemokinesis+1","Iron Wave","TheCursedMod:CursedAmulet","TheCursedMod:TacticalStrike","Body Slam","hierophant:ArchangelShield","Turbo","Dagger Spray","REME_Whirling","Flex","TheCursedMod:SurpriseAttack","Rupture","Streamline","hermit:WideOpen","Wild Strike","Flash of Steel","TheCursedMod:Torture","REME_Compress","Backflip","Darkness","hermit:Ricochet","Headbutt","Cloak And Dagger","Flex","hermit:Shortfuse","conspire:Banana","Panic Button","ReplayTheSpireMod:Exploit Weakness","Die Die Die","Die Die Die","Die Die Die","Die Die Die","Die Die Die","Die Die Die","Die Die Die","Die Die Die","Die Die Die","Die Die Die","Die Die Die","Die Die Die","Die Die Die","Die Die Die","Die Die Die","hermit:Determination","hermit:Determination","hermit:Determination","BasicCrystalCard","BasicCrystalCard","BasicCrystalCard","Turbo","Turbo","Turbo","Bane","Bane","Bane","Outmaneuver","Outmaneuver","Outmaneuver","Sentinel","Sentinel","Sentinel","hierophant:Empathy","hierophant:Empathy","hierophant:Empathy","TheCursedMod:Wield","TheCursedMod:Wield","TheCursedMod:Wield","Headbutt","Headbutt","Headbutt","hierophant:SealAway","hierophant:SealAway","hierophant:SealAway","REME_SpectralBlade","REME_SpectralBlade","REME_SpectralBlade","Skewer","Skewer","Skewer","Madness","Madness","Madness","Madness","Madness","Madness"],"relics":["Burning Blood","Frozen Eye","Busted Crown","REME_ComplimentaryCards","Prayer Wheel","Bag of Preparation","Divine Protection","Replay:Accelerometer","Juzu Bracelet","zeldaRelics:CourageTriforce","Simple Rune","zeldaRelics:WisdomTriforce","Replay:Bandana","zeldaRelics:HylianShield","Replay:Multitool","ReplayTheSpireMod:Ring of Challenge","ReplayTheSpireMod:Ring of Exchange","Centennial Puzzle","Oddly Smooth Stone","zeldaRelics:PowerTriforce","Chemical X","Empty Cage","MutagenicStrength","Replay:Bronze Core","Mango","StrikeDummy","infinitespire:Lucky Rock","Replay:Kaleidoscope","Calipers","infinitespire:Magic Flask","Vajra","Garlic","infinitespire:PuzzleCube"],"acts_visited":["Exordium","TheCity","TheBeyond"],"potions_floor_usage":[47,47],"damage_taken":[{"damage":0,"enemies":"Cultist","floor":1,"turns":2},{"damage":0,"enemies":"conspire:MimicChest","floor":2,"turns":1},{"damage":7,"enemies":"Jaw Worm","floor":3,"turns":2},{"damage":0,"enemies":"3 Sentries","floor":7,"turns":4},{"damage":0,"enemies":"Gremlin Nob","floor":10,"turns":3},{"damage":69,"enemies":"The Guardian","floor":16,"turns":6},{"damage":0,"enemies":"Chosen","floor":18,"turns":2},{"damage":34,"enemies":"Nightmare","floor":23,"turns":6},{"damage":0,"enemies":"conspire:Head Lice","floor":25,"turns":3},{"damage":66,"enemies":"conspire:MysteriousRune","floor":33,"turns":5},{"damage":6,"enemies":"3 Shapes","floor":35,"turns":2},{"damage":0,"enemies":"Mind Bloom Boss Battle","floor":37,"turns":1},{"damage":36,"enemies":"Giant Head","floor":40,"turns":5},{"damage":0,"enemies":"Orb Walker","floor":41,"turns":1},{"damage":0,"enemies":"Nemesis","floor":44,"turns":3},{"damage":21,"enemies":"infinitespire:Three Voidlings","floor":47,"turns":2},{"damage":20,"enemies":"Nightmare_Alpha","floor":47,"turns":4}],"seed_played":"-7510626736686710856","potions_obtained":[{"floor":2,"key":"infinitespire:BlackPotion"},{"floor":3,"key":"Venom Potion"},{"floor":10,"key":"BloodPotion"}],"is_trial":true,"path_per_floor":["M","?","M","$","T","R","E","$","T","E","?","?","?","$","R","B",null,"M","?","?","?","$","NM","R","E","T","AVR","?","?","?","?","R","B",null,"M","$","?","?","?","E","M","?","T","E","?","$","?"],"character_chosen":"IRONCLAD","items_purchased":["Juzu Bracelet","Simple Rune","Replay:Bandana","Centennial Puzzle","StrikeDummy","infinitespire:Lucky Rock","Garlic","infinitespire:PuzzleCube"],"campfire_rested":2,"item_purchase_floors":[4,8,14,22,36,36,46,46],"current_hp_per_floor":[74,75,75,75,75,76,77,77,77,77,77,70,70,70,77,14,61,67,45,82,82,82,55,55,61,61,61,61,61,61,61,83,23,68,82,82,88,88,56,26,32,27,27,33,16,16,0,0],"gold":605,"neow_bonus":"","is_daily":false,"chose_seed":false,"campfire_upgraded":0,"win_rate":0.0,"timestamp":1609785036,"path_taken":["M","?","?","$","?","R","E","?","T","E","?","?","?","?","R","BOSS","M","?","?","?","$","NM","R","E","T","AVR","?","?","?","?","R","BOSS","M","?","?","?","?","E","M","?","T","E","?","?","?"],"items_purchased_type":["Relic","Relic","Relic","Relic","Relic","Relic","Relic","Relic"],"build_version":"2020-12-22","purchased_purges":1,"victory":false,"max_hp_per_floor":[75,75,76,76,76,76,77,77,77,77,77,77,77,77,77,77,77,77,82,82,82,82,83,83,83,83,83,83,83,83,83,83,83,83,97,97,97,97,97,97,97,97,97,97,97,97,97,97],"relic_stats":{"Centennial Puzzle":[18],"Busted Crown":40,"counters":[17,52],"Prayer Wheel":0,"Bag of Preparation":[32],"Juzu Bracelet":7,"Chemical X":[7],"obtain_stats":[{"Divine Protection":2,"Replay:Accelerometer":3,"ReplayTheSpireMod:Ring of Exchange":21,"Calipers":39,"Vajra":44,"Mango":35,"Bag of Preparation":1,"Juzu Bracelet":4,"Replay:Multitool":18,"Empty Cage":27,"Burning Blood":0,"zeldaRelics:WisdomTriforce":25,"Frozen Eye":0,"Replay:Bandana":14,"Centennial Puzzle":22,"Replay:Bronze Core":34,"Prayer Wheel":0,"zeldaRelics:CouragePiece":5,"Chemical X":27,"zeldaRelics:PowerPiece":26,"zeldaRelics:WisdomPiece":10,"Oddly Smooth Stone":24,"infinitespire:Lucky Rock":36,"Replay:Kaleidoscope":37,"infinitespire:Magic Flask":41,"zeldaRelics:PowerTriforce":43,"zeldaRelics:CourageTriforce":9,"Busted Crown":0,"MutagenicStrength":29,"Simple Rune":8,"Garlic":46,"ReplayTheSpireMod:Ring of Challenge":21,"StrikeDummy":36,"infinitespire:PuzzleCube":46,"REME_ComplimentaryCards":0,"zeldaRelics:HylianShield":17},{"Divine Protection":2,"Replay:Accelerometer":3,"ReplayTheSpireMod:Ring of Exchange":7,"Calipers":12,"Vajra":15,"Mango":11,"Bag of Preparation":1,"Juzu Bracelet":3,"Replay:Multitool":7,"Empty Cage":9,"Burning Blood":0,"zeldaRelics:WisdomTriforce":9,"Frozen Eye":0,"Replay:Bandana":5,"Centennial Puzzle":7,"Replay:Bronze Core":10,"Prayer Wheel":0,"zeldaRelics:CouragePiece":3,"Chemical X":9,"zeldaRelics:PowerPiece":9,"zeldaRelics:WisdomPiece":5,"Oddly Smooth Stone":8,"infinitespire:Lucky Rock":11,"Replay:Kaleidoscope":12,"infinitespire:Magic Flask":14,"zeldaRelics:PowerTriforce":14,"zeldaRelics:CourageTriforce":4,"Busted Crown":0,"MutagenicStrength":9,"Simple Rune":4,"Garlic":15,"ReplayTheSpireMod:Ring of Challenge":7,"StrikeDummy":11,"infinitespire:PuzzleCube":15,"REME_ComplimentaryCards":0,"zeldaRelics:HylianShield":6},{"Divine Protection":3,"Replay:Accelerometer":5,"ReplayTheSpireMod:Ring of Exchange":20,"Calipers":37,"Vajra":46,"Mango":36,"Bag of Preparation":2,"Juzu Bracelet":5,"Replay:Multitool":20,"Empty Cage":29,"Burning Blood":0,"zeldaRelics:WisdomTriforce":29,"Frozen Eye":0,"Replay:Bandana":12,"Centennial Puzzle":20,"Replay:Bronze Core":34,"Prayer Wheel":0,"zeldaRelics:CouragePiece":5,"Chemical X":29,"zeldaRelics:PowerPiece":29,"zeldaRelics:WisdomPiece":12,"Oddly Smooth Stone":26,"infinitespire:Lucky Rock":36,"Replay:Kaleidoscope":37,"infinitespire:Magic Flask":43,"zeldaRelics:PowerTriforce":43,"zeldaRelics:CourageTriforce":9,"Busted Crown":0,"MutagenicStrength":29,"Simple Rune":9,"Garlic":46,"ReplayTheSpireMod:Ring of Challenge":20,"StrikeDummy":36,"infinitespire:PuzzleCube":46,"REME_ComplimentaryCards":0,"zeldaRelics:HylianShield":18}],"Burning Blood":79},"card_choices":[],"player_experience":1521829,"relics_obtained":[{"floor":1,"key":"Bag of Preparation"},{"floor":2,"key":"Divine Protection"},{"floor":3,"key":"Replay:Accelerometer"},{"floor":5,"key":"zeldaRelics:CouragePiece"},{"floor":7,"key":"zeldaRelics:CouragePiece"},{"floor":9,"key":"zeldaRelics:CouragePiece"},{"floor":10,"key":"zeldaRelics:WisdomPiece"},{"floor":18,"key":"Replay:Multitool"},{"floor":21,"key":"ReplayTheSpireMod:Ring of Challenge"},{"floor":21,"key":"ReplayTheSpireMod:Ring of Exchange"},{"floor":23,"key":"zeldaRelics:WisdomPiece"},{"floor":25,"key":"zeldaRelics:WisdomPiece"},{"floor":26,"key":"zeldaRelics:PowerPiece"},{"floor":35,"key":"Mango"},{"floor":37,"key":"Replay:Kaleidoscope"},{"floor":39,"key":"Calipers"},{"floor":40,"key":"zeldaRelics:PowerPiece"},{"floor":41,"key":"infinitespire:Magic Flask"},{"floor":43,"key":"zeldaRelics:PowerPiece"},{"floor":44,"key":"Vajra"}],"event_choices":[{"damage_healed":0,"gold_gain":0,"player_choice":"Got Potions","damage_taken":0,"max_hp_gain":0,"max_hp_loss":0,"event_name":"Lab","floor":11,"gold_loss":0},{"cards_removed":["Eruption"],"damage_healed":0,"gold_gain":0,"player_choice":"Card Removal","damage_taken":7,"max_hp_gain":0,"max_hp_loss":0,"event_name":"Golden Wing","floor":12,"gold_loss":0},{"damage_healed":0,"gold_gain":0,"cards_transformed":["Conclude"],"player_choice":"Transformed","damage_taken":0,"max_hp_gain":0,"max_hp_loss":0,"event_name":"Transmorgrifier","floor":13,"gold_loss":0,"cards_obtained":["Skewer"]},{"damage_healed":0,"gold_gain":0,"player_choice":"Shed Blood","damage_taken":27,"max_hp_gain":5,"max_hp_loss":0,"event_name":"Forgotten Altar","floor":19,"gold_loss":0},{"damage_healed":37,"gold_gain":0,"player_choice":"Full Heal","damage_taken":0,"max_hp_gain":0,"max_hp_loss":0,"event_name":"Wheel of Change","floor":20,"gold_loss":0},{"damage_healed":0,"gold_gain":0,"player_choice":"Obtained Relic","damage_taken":0,"relics_obtained":["Oddly Smooth Stone"],"max_hp_gain":0,"max_hp_loss":0,"event_name":"Addict","floor":24,"gold_loss":85},{"damage_healed":0,"gold_gain":0,"player_choice":"Upgraded","damage_taken":0,"max_hp_gain":0,"max_hp_loss":0,"event_name":"Upgrade Shrine","floor":28,"gold_loss":0,"cards_upgraded":["Demon Form"]},{"damage_healed":0,"gold_gain":0,"player_choice":"Inject Mutagens","damage_taken":0,"relics_obtained":["MutagenicStrength"],"max_hp_gain":0,"max_hp_loss":0,"event_name":"Drug Dealer","floor":29,"gold_loss":0},{"damage_healed":0,"gold_gain":275,"player_choice":"Desecrate","damage_taken":0,"max_hp_gain":0,"max_hp_loss":0,"event_name":"Golden Shrine","floor":30,"gold_loss":0,"cards_obtained":["Regret"]},{"cards_removed":["Regret","Regret","Regret"],"damage_healed":0,"gold_gain":0,"player_choice":"Removed Curses","damage_taken":0,"max_hp_gain":0,"max_hp_loss":0,"event_name":"Fountain of Cleansing","floor":31,"gold_loss":0},{"damage_healed":0,"gold_gain":0,"player_choice":"Fight","damage_taken":0,"max_hp_gain":0,"max_hp_loss":0,"event_name":"MindBloom","floor":37,"gold_loss":0},{"cards_removed":["hierophant:MorningPrayer"],"damage_healed":0,"gold_gain":0,"player_choice":"Removed Skill","damage_taken":0,"max_hp_gain":0,"max_hp_loss":0,"event_name":"Falling","floor":38,"gold_loss":0},{"damage_healed":0,"gold_gain":0,"player_choice":"Leave","damage_taken":0,"max_hp_gain":0,"max_hp_loss":0,"event_name":"conspire:Investor","floor":42,"gold_loss":0},{"damage_healed":0,"gold_gain":0,"player_choice":"Embrace Madness","damage_taken":17,"max_hp_gain":0,"max_hp_loss":0,"event_name":"Winding Halls","floor":45,"gold_loss":0,"cards_obtained":["Madness","Madness"]}],"is_beta":false,"boss_relics":[{"not_picked":["Velvet Choker","Snecko Heart"],"picked":"zeldaRelics:HylianShield"},{"not_picked":["Replay:Lucky Slots","ReplayTheSpireMod:DimensionalGlitch"],"picked":"Replay:Bronze Core"}],"items_purged_floors":[27],"is_endless":true,"potions_floor_spawned":[2,3,10,23,35,40,44],"killed_by":"Nightmare_Alpha","ascension_level":20}}