{"host":"g1wmg2w41xhsnw8g","time":1609743295,"event":{"mods":["100% Spire Juice","2.2 Compatiblity","Act Like it!","BaseMod","Better Altar","Better Match","Better Note","Better Sensory Stone","Better Skull","Better Third Choice","BetterRewards","Booster Modes","CapriCore","Colored Map","Colored Powertips","Curses Come First","Defuse TimeMaze Blight","Displayed Cursed Tome","Evolution","Friendly Minions","GifTheSpireLib","Googly Eyes","Hermit","Infinite Spire","Jedi Mod","JesterMod","Minty Spire (QoL Compilation)","Red Circlet Mod","Relic Sorter","SCP261 Mod","Shop Mod","Spicy Shops","StSLib","The Sage","Transform Curses","Wandering Minibosses","????"],"gold_per_floor":[115,115,129,148,148,176,56,66,66,66,66,66,66,86,86,188,188,208,86,104,120,120,155,4,32,82,82,82,101,101,116,78,181,181,198,212,228,228,278,38,69,84,136,16,51,62,93,107,107,107],"floor_reached":51,"playtime":5112,"items_purged":[],"score":968,"play_id":"46b8cd5d-9d96-4834-aff9-9130529762b9","local_time":"20210104015455","daily_mods":["SealedDeck","Specialized","Heirloom","Elite Swarm"],"is_ascension_mode":true,"campfire_choices":[{"data":"Moonworks:CloudOfSeagulls","floor":7,"key":"SMITH"},{"data":"Moonworks:MiracleWalker","floor":11,"key":"SMITH"},{"data":"Moonworks:AwakeningOfTalent","floor":15,"key":"SMITH"},{"data":"Ghostly","floor":28,"key":"SMITH"},{"data":"Moonworks:MeltingMemories","floor":40,"key":"SMITH"},{"data":"sagemod:Armor_Brew","floor":44,"key":"SMITH"},{"data":"infinitespire:Collect","floor":49,"key":"SMITH"}],"circlet_count":0,"master_deck":["Moonworks:MiracleWalker+1","Moonworks:MiracleWalker","Moonworks:MiracleWalker","Moonworks:MiracleWalker","Moonworks:MiracleWalker","sagemod:Step_Back","Moonworks:SakisCookie","Moonworks:CloudOfSeagulls+1","Moonworks:DeployBits","sagemod:How_To_Befriend_A_Turtle+1","Moonworks:UnpaidWork","sagemod:Armor_Brew+1","Moonworks:RedAndBlue","Moonworks:AwakeningOfTalent+1","sagemod:Energetic_Brew","Moonworks:IntelligenceOfficer","Moonworks:ShieldCounter","sagemod:Energetic_Brew","sagemod:Slalom","sagemod:Light_Weighted","Moonworks:BackdoorTrade","Moonworks:LulusLuckyEgg+1","hermit:EternalForm+1","sagemod:Riches","Moonworks:Wanted","Ghostly","Ghostly","Ghostly+1","Ghostly","Ghostly","Decay","jedi:BattleThirst","infinitespire:Collect+1","Moonworks:ExtendedPhotonRifle","Moonworks:MeltingMemories+1","Moonworks:StiffCrystal","Moonworks:BeyondHell+1","Moonworks:AnotherUltimateWeapon","Moonworks:RocketCannon"],"relics":["Moonworks:BrokenBomb","Moonworks:Homemark","EVO:Axolotl","Du-Vu Doll","jedi:angrymask","jedi:gremlinknob","infinitespire:FocusingShard","infinitespire:Lychee Nut","Chemical X","jedi:Pinwheel","Boot","Coffee Dripper","wanderingMiniBosses:AbyssPearl","Unceasing Top","Bottled Tornado","Anchor","Dead Branch","infinitespire:BottledMercury"],"acts_visited":["Exordium","TheCity","TheBeyond"],"potions_floor_usage":[4,6,8,8,14,16,16,16,16,18,18,18,20,23,23,23,25,25,25,25,29,31,31,31,33,33,33,33,33,35,37,37,38,39,39,41,41,42,42,42,45,46,46,47,47,50,50,50,50,50],"damage_taken":[{"damage":7,"enemies":"Small Slimes","floor":1,"turns":5},{"damage":0,"enemies":"Cultist","floor":3,"turns":4},{"damage":11,"enemies":"2 Louse","floor":4,"turns":6},{"damage":0,"enemies":"Gremlin Nob","floor":6,"turns":5},{"damage":0,"enemies":"Looter","floor":8,"turns":3},{"damage":6,"enemies":"2 Fungi Beasts","floor":14,"turns":3},{"damage":9,"enemies":"The Guardian","floor":16,"turns":10},{"damage":5,"enemies":"Chosen","floor":18,"turns":5},{"damage":0,"enemies":"Spheric Guardian","floor":20,"turns":2},{"damage":0,"enemies":"Snake Plant","floor":21,"turns":5},{"damage":8,"enemies":"Book of Stabbing","floor":23,"turns":6},{"damage":45,"enemies":"Gremlin Leader","floor":25,"turns":10},{"damage":0,"enemies":"Shelled Parasite and Fungi","floor":29,"turns":8},{"damage":0,"enemies":"Snecko","floor":31,"turns":6},{"damage":6,"enemies":"Collector","floor":33,"turns":8},{"damage":2,"enemies":"3 Shapes","floor":35,"turns":3},{"damage":6,"enemies":"3 Darklings","floor":36,"turns":4},{"damage":1,"enemies":"Maw","floor":37,"turns":8},{"damage":2,"enemies":"Mind Bloom Boss Battle","floor":39,"turns":5},{"damage":19,"enemies":"Reptomancer","floor":41,"turns":7},{"damage":0,"enemies":"Transient","floor":42,"turns":5},{"damage":0,"enemies":"Nemesis","floor":45,"turns":7},{"damage":15,"enemies":"3 Darklings","floor":46,"turns":4},{"damage":0,"enemies":"Giant Head","floor":47,"turns":7},{"damage":0,"enemies":"Maw","floor":48,"turns":1},{"damage":12,"enemies":"Donu and Deca","floor":50,"turns":9}],"seed_played":"451115807608602534","potions_obtained":[{"floor":4,"key":"PowerPotion"},{"floor":6,"key":"Regen Potion"},{"floor":13,"key":"GamblersBrew"},{"floor":13,"key":"SCP261:ClockworkPotion"},{"floor":13,"key":"SCP261:BostonMolassesPotion"},{"floor":16,"key":"jedi:mysterypotion"},{"floor":18,"key":"FearPotion"},{"floor":25,"key":"Block Potion"},{"floor":25,"key":"Energy Potion"},{"floor":25,"key":"Energy Potion"},{"floor":36,"key":"SCP261:BarrettColaPotion"},{"floor":37,"key":"Strength Potion"},{"floor":45,"key":"SCP261:GirlTearsPotion"},{"floor":46,"key":"SkillPotion"},{"floor":50,"key":"Energy Potion"},{"floor":50,"key":"Block Potion"},{"floor":50,"key":"Explosive Potion"}],"is_trial":true,"path_per_floor":["M","?","M","M","?","E","R","M","T","?","R","$","?","M","R","B",null,"M","$","M","M","?","E","R","E","T","?","R","M","?","M","R","B",null,"M","M","M","?","?","R","E","M","T","R","E","M","E","M","R","B",null],"character_chosen":"THE_STARBREAKER","items_purchased":["infinitespire:FocusingShard","Chemical X","Moonworks:ExtendedPhotonRifle"],"campfire_rested":0,"item_purchase_floors":[19,24,32],"current_hp_per_floor":[55,70,70,61,54,56,56,70,70,70,70,70,70,64,64,59,70,65,65,70,70,70,52,52,11,11,11,11,21,21,26,26,25,26,26,22,25,25,25,25,10,20,20,20,26,16,26,26,26,36],"gold":107,"neow_bonus":"","is_daily":false,"chose_seed":false,"campfire_upgraded":7,"win_rate":0.0,"timestamp":1609743295,"path_taken":["M","?","?","?","?","E","R","M","T","?","R","?","?","M","R","BOSS","M","?","?","M","?","E","R","E","T","?","R","M","?","?","R","BOSS","M","M","?","?","?","R","E","M","T","R","E","M","E","M","R","BOSS"],"items_purchased_type":["Relic","Relic","Card"],"build_version":"2020-12-22","purchased_purges":0,"victory":true,"max_hp_per_floor":[60,70,70,70,70,70,70,70,70,70,70,70,70,70,70,70,70,70,70,70,70,70,52,52,52,52,26,26,26,26,26,26,26,26,26,26,26,26,26,26,26,26,26,26,26,26,26,26,26,36],"card_choices":[{"not_picked":["Moonworks:BackdoorTrade","sagemod:Tinker"],"picked":"sagemod:Energetic_Brew","floor":1},{"not_picked":["Moonworks:EvilSpyWorkPreparation","Moonworks:ImmovableObject"],"picked":"Moonworks:IntelligenceOfficer","floor":3},{"not_picked":["sagemod:Potion_Trance","Moonworks:EvilSpyWorkPreparation"],"picked":"sagemod:How_To_Charm_A_Sentry","floor":4},{"not_picked":["Moonworks:Gamble","Moonworks:MetallicMonocoque"],"picked":"Moonworks:ShieldCounter","floor":6},{"not_picked":["sagemod:About_Clark","Moonworks:JonathanRush"],"picked":"sagemod:Energetic_Brew","floor":8},{"not_picked":["Moonworks:EvilSpyWorkPreparation","sagemod:How_To_Poke_At_Slimes"],"picked":"sagemod:Slalom","floor":14},{"not_picked":["sagemod:Shatter","sagemod:Swoop_Down"],"picked":"sagemod:Light_Weighted","floor":16},{"not_picked":["Moonworks:FullSpeedAlicianrone","sagemod:How_To_Befriend_A_Turtle","Moonworks:IntelligenceOfficer+1"],"picked":"SKIP","floor":18},{"not_picked":["Moonworks:MixPhenomenon","sagemod:Fire_Brew"],"picked":"Moonworks:BackdoorTrade","floor":20},{"not_picked":["Moonworks:ScrambledEve","sagemod:Pincer_Repair+1"],"picked":"Moonworks:LulusLuckyEgg+1","floor":21},{"not_picked":["Moonworks:AnotherUltimateWeapon","Moonworks:Gamble"],"picked":"sagemod:Riches","floor":23},{"not_picked":["sagemod:On_Fire","Moonworks:EvilMastermind"],"picked":"Moonworks:Wanted","floor":25},{"not_picked":["sagemod:How_To_Poke_At_Slimes","Moonworks:LulusLuckyEgg","sagemod:Crank"],"picked":"SKIP","floor":29},{"not_picked":["infinitespire:Oblivion","infinitespire:NeuralNetwork"],"picked":"infinitespire:Collect","floor":30},{"not_picked":["Moonworks:NicePresent","Moonworks:SakisCookie+1","Moonworks:TacticalRetreat"],"picked":"SKIP","floor":31},{"not_picked":["Moonworks:FinalBattle","sagemod:Folded_Carpet"],"picked":"Moonworks:MeltingMemories","floor":33},{"not_picked":["Moonworks:CloudOfSeagulls","sagemod:Pincer_Repair+1"],"picked":"Moonworks:StiffCrystal","floor":35},{"not_picked":["sagemod:Pour_Tar_Pitch","Moonworks:ImOnFire+1","sagemod:Turn_Around+1"],"picked":"SKIP","floor":36},{"not_picked":["Moonworks:BigMagnum","sagemod:About_Clark","Moonworks:Assault+1"],"picked":"SKIP","floor":37},{"not_picked":["Moonworks:LulusLuckyEgg+1","Moonworks:NicePresent+1"],"picked":"Moonworks:BeyondHell+1","floor":39},{"not_picked":["Moonworks:EvilMastermind","Moonworks:Gamble"],"picked":"Moonworks:AnotherUltimateWeapon","floor":41},{"not_picked":["sagemod:How_To_Charm_A_Sentry+1","Moonworks:EvilSpyWorkPreparation","Moonworks:SealedMemories"],"picked":"SKIP","floor":42},{"not_picked":["sagemod:Light_Weighted","Moonworks:HolyNight"],"picked":"Moonworks:RocketCannon","floor":45},{"not_picked":["Moonworks:CookingTime","sagemod:Salty_Strike+1","sagemod:Fire_Brew"],"picked":"SKIP","floor":46},{"not_picked":["Moonworks:Gamble","Moonworks:ShieldCounter"],"picked":"sagemod:Prey","floor":47},{"not_picked":["sagemod:Pincer_Attack+1","sagemod:Bouncing_Strike","Moonworks:BigMagnum+1"],"picked":"SKIP","floor":48}],"player_experience":939270,"relics_obtained":[{"floor":6,"key":"jedi:angrymask"},{"floor":9,"key":"jedi:gremlinknob"},{"floor":23,"key":"infinitespire:Lychee Nut"},{"floor":25,"key":"jedi:Pinwheel"},{"floor":26,"key":"Boot"},{"floor":37,"key":"wanderingMiniBosses:AbyssPearl"},{"floor":39,"key":"Unceasing Top"},{"floor":41,"key":"Bottled Tornado"},{"floor":43,"key":"Anchor"},{"floor":45,"key":"Dead Branch"},{"floor":47,"key":"infinitespire:BottledMercury"}],"event_choices":[{"cards_removed":["Moonworks:GoAway"],"damage_healed":5,"gold_gain":0,"player_choice":"Offered Rare","damage_taken":0,"max_hp_gain":10,"max_hp_loss":0,"event_name":"Bonfire Elementals","floor":2,"gold_loss":0},{"cards_removed":["sagemod:How_To_Charm_A_Sentry"],"damage_healed":0,"gold_gain":0,"player_choice":"Card Removal","damage_taken":7,"max_hp_gain":0,"max_hp_loss":0,"event_name":"Golden Wing","floor":5,"gold_loss":0},{"damage_healed":0,"gold_gain":0,"player_choice":"Grow","damage_taken":0,"max_hp_gain":0,"max_hp_loss":0,"event_name":"Living Wall","floor":10,"gold_loss":0,"cards_upgraded":["sagemod:How_To_Befriend_A_Turtle"]},{"damage_healed":0,"gold_gain":0,"player_choice":"Got Potions","damage_taken":0,"max_hp_gain":0,"max_hp_loss":0,"event_name":"Lab","floor":13,"gold_loss":0},{"cards_removed":["sagemod:Energetic_Brew"],"damage_healed":0,"gold_gain":0,"player_choice":"Take \u0026 Give","damage_taken":0,"max_hp_gain":0,"max_hp_loss":0,"event_name":"betterNote:BetterNote","floor":22,"gold_loss":0,"cards_obtained":["hermit:EternalForm"]},{"damage_healed":0,"gold_gain":0,"player_choice":"Became a Ghost","damage_taken":0,"max_hp_gain":0,"max_hp_loss":26,"event_name":"Ghosts","floor":27,"gold_loss":0,"cards_obtained":["Ghostly","Ghostly","Ghostly","Ghostly","Ghostly"]},{"damage_healed":0,"gold_gain":0,"player_choice":"Fight","damage_taken":0,"max_hp_gain":0,"max_hp_loss":0,"event_name":"MindBloom","floor":39,"gold_loss":0}],"is_beta":false,"boss_relics":[{"not_picked":["Ectoplasm","Empty Cage","Snecko Eye"]},{"not_picked":["jedi:battlestandard","Runic Dome"],"picked":"Coffee Dripper"}],"items_purged_floors":[],"is_endless":false,"potions_floor_spawned":[4,6,16,18,25,31,36,37,41,45,46],"ascension_level":1}}