{"host":"j3h0p3l2xgzxhnx7","time":1609753742,"event":{"mods":["BaseMod","Luminous","Marisa????????","Minty Spire (QoL Compilation)","Remilia??????","StSLib","The Bug Knight","The Cursed","The Servant 0.9.4"],"gold_per_floor":[119,135,152,152,166,166,197,197,224,247,272,11,34,52,52,181,181,206,206,53,53,68,68,84,120,120,138,138,21,42,56,56,181,181,204,18,31,46,46,46,46,46,46,61,105,105,105,146,146,146,146],"floor_reached":50,"playtime":3591,"items_purged":["Injury","Strike_S","Strike_S"],"score":579,"play_id":"6e6a9d61-2c79-4639-b863-21c56bee1fef","local_time":"20210104174902","is_ascension_mode":true,"campfire_choices":[{"data":"KidneyShot","floor":6,"key":"SMITH"},{"floor":8,"key":"REST"},{"floor":15,"key":"REST"},{"floor":23,"key":"REST"},{"floor":28,"key":"REST"},{"data":"SilverBlades","floor":32,"key":"SMITH"},{"data":"MurderousAura","floor":40,"key":"SMITH"},{"data":"Rearm","floor":42,"key":"SMITH"},{"data":"Rewind","floor":49,"key":"SMITH"}],"circlet_count":0,"master_deck":["Strike_S","Strike_S","Defend_S","Defend_S","Defend_S","Defend_S","KidneyShot+1","Exchange","DoubleEdge","Potential","BottledTime","TimeTheft","Read","Starlight","BestPractice","Misdirection","MoonPhase","TheWorld+1","Revamp","Rewind+1","Starlight+1","Spin","Embodiment","BottledTime","SilverBlades+1","Rearm+1","ShatteredReality+1","MurderousAura+1","CurseOfTheBell","DoubleEdge+1","Writhe","Potential+1","Doubt","Discovery"],"relics":["Uniform","Golden Idol","Blood Vial","Centennial Puzzle","Membership Card","Nunchaku","Philosopher\u0027s Stone","Enchiridion","Toy Ornithopter","PreservedInsect","InkBottle","Oddly Smooth Stone","Calling Bell","Ancient Tea Set","HollowMod:StagPassRelic","Pocketwatch","Kunai","Eternal Feather","Juzu Bracelet","Lantern"],"acts_visited":["Exordium","TheCity","TheBeyond"],"potions_floor_usage":[16,33,33,38,50,50],"damage_taken":[{"damage":4,"enemies":"Cultist","floor":1,"turns":5},{"damage":0,"enemies":"Small Slimes","floor":2,"turns":2},{"damage":0,"enemies":"2 Louse","floor":3,"turns":2},{"damage":16,"enemies":"3 Louse","floor":5,"turns":4},{"damage":30,"enemies":"HollowMod:MossKnight","floor":7,"turns":8},{"damage":10,"enemies":"Looter","floor":10,"turns":3},{"damage":4,"enemies":"Blue Slaver","floor":11,"turns":3},{"damage":1,"enemies":"2 Fungi Beasts","floor":13,"turns":3},{"damage":20,"enemies":"Exordium Thugs","floor":14,"turns":6},{"damage":10,"enemies":"Hexaghost","floor":16,"turns":9},{"damage":15,"enemies":"Spheric Guardian","floor":18,"turns":4},{"damage":12,"enemies":"2 Thieves","floor":22,"turns":4},{"damage":4,"enemies":"3 Cultists","floor":24,"turns":7},{"damage":12,"enemies":"Book of Stabbing","floor":25,"turns":6},{"damage":18,"enemies":"Cultist and Chosen","floor":27,"turns":7},{"damage":10,"enemies":"Snecko","floor":30,"turns":4},{"damage":0,"enemies":"Centurion and Healer","floor":31,"turns":4},{"damage":48,"enemies":"Automaton","floor":33,"turns":9},{"damage":15,"enemies":"3 Darklings","floor":35,"turns":5},{"damage":14,"enemies":"3 Shapes","floor":37,"turns":6},{"damage":23,"enemies":"Transient","floor":38,"turns":5},{"damage":0,"enemies":"Maw","floor":44,"turns":5},{"damage":28,"enemies":"Nemesis","floor":45,"turns":5},{"damage":0,"enemies":"Giant Head","floor":48,"turns":5},{"damage":114,"enemies":"Donu and Deca","floor":50,"turns":6}],"seed_played":"-5104043094337462774","potions_obtained":[{"floor":1,"key":"Strength Potion"},{"floor":5,"key":"Weak Potion"},{"floor":11,"key":"FairyPotion"},{"floor":13,"key":"GamblersBrew"},{"floor":14,"key":"DuplicationPotion"},{"floor":18,"key":"SteroidPotion"},{"floor":37,"key":"ColorlessPotion"},{"floor":38,"key":"LiquidMemories"},{"floor":45,"key":"SpeedPotion"}],"is_trial":false,"path_per_floor":["M","M","M","?","M","R","E","R","T","M","M","$","M","M","R","B",null,"M","?","$","?","M","R","M","E","T","M","R","$","M","M","R","B",null,"M","$","M","M","?","R","$","R","T","M","E","?","?","E","R","B"],"character_chosen":"THE_SERVANT","items_purchased":["Membership Card","Nunchaku","Toy Ornithopter","Rewind","Oddly Smooth Stone","SilverBlades","Kunai"],"campfire_rested":4,"item_purchase_floors":[12,12,20,20,29,29,36],"current_hp_per_floor":[67,67,67,67,51,51,21,42,42,34,32,32,33,15,36,28,71,56,40,40,40,30,51,49,39,39,23,44,44,36,38,38,2,71,56,56,44,28,46,46,46,46,46,48,22,71,71,71,71,0,0],"gold":146,"neow_bonus":"TEN_PERCENT_HP_BONUS","is_daily":false,"chose_seed":false,"campfire_upgraded":5,"win_rate":0.0,"timestamp":1609753742,"path_taken":["M","M","M","?","M","R","E","R","T","M","M","$","M","M","R","BOSS","M","?","$","?","M","R","M","E","T","M","R","$","?","M","R","BOSS","M","$","M","M","?","R","$","R","T","M","E","?","?","E","R","BOSS"],"items_purchased_type":["Relic","Relic","Relic","Card","Relic","Card","Relic"],"build_version":"2020-12-22","purchased_purges":3,"victory":false,"max_hp_per_floor":[71,71,71,71,71,71,71,71,71,71,71,71,71,71,71,71,71,71,71,71,71,71,71,71,71,71,71,71,71,71,71,71,71,71,71,71,71,71,71,71,71,71,71,71,71,71,71,71,71,71,71],"card_choices":[{"not_picked":["Sabotage","FastForward"],"picked":"DoubleEdge","floor":1},{"not_picked":["Alleviate","Defy"],"picked":"Potential","floor":2},{"not_picked":["Sabotage","FanOfKnives"],"picked":"BottledTime","floor":3},{"not_picked":["Defy","TimeWarp"],"picked":"TimeTheft","floor":5},{"not_picked":["SpecialFormula","Advance"],"picked":"Read","floor":7},{"not_picked":["Replace","Unruled"],"picked":"Starlight","floor":10},{"not_picked":["BottledTime","ReturningBlade"],"picked":"BestPractice","floor":11},{"not_picked":["FastForward","Gouge"],"picked":"Misdirection","floor":13},{"not_picked":["Gouge","Solidify"],"picked":"MoonPhase","floor":14},{"not_picked":["Solidify","KillingDoll"],"picked":"TheWorld","floor":16},{"not_picked":["Unruled","Ricochet"],"picked":"Revamp","floor":18},{"not_picked":["Replace+1","Duplication"],"picked":"Starlight+1","floor":22},{"not_picked":["TimeWarp","Ricochet"],"picked":"Spin","floor":24},{"not_picked":["Revamp","Desolation+1"],"picked":"Embodiment","floor":25},{"not_picked":["DoubleEdge","Unruled"],"picked":"BottledTime","floor":27},{"not_picked":["DoubleEdge","Duplication"],"picked":"Rearm","floor":30},{"not_picked":["Revamp","Potential"],"picked":"ShatteredReality+1","floor":31},{"not_picked":["TheWorld","Duplication"],"picked":"MurderousAura","floor":33},{"not_picked":["Ricochet+1","ShatteredReality+1","Replace+1"],"picked":"SKIP","floor":35},{"not_picked":["Desolation","Revamp","ShatteredReality"],"picked":"SKIP","floor":37},{"not_picked":["Manipulate","ShatteredReality"],"picked":"DoubleEdge+1","floor":38},{"not_picked":["Moondial","Advance","Moonlight"],"picked":"SKIP","floor":44},{"not_picked":["Read+1","Comet"],"picked":"Potential+1","floor":45},{"not_picked":["Madness","Good Instincts"],"picked":"Discovery","floor":47},{"not_picked":["Starlight","Duplication","Spin"],"picked":"SKIP","floor":48}],"player_experience":85730,"relics_obtained":[{"floor":7,"key":"Blood Vial"},{"floor":9,"key":"Centennial Puzzle"},{"floor":19,"key":"Enchiridion"},{"floor":25,"key":"PreservedInsect"},{"floor":26,"key":"InkBottle"},{"floor":34,"key":"Ancient Tea Set"},{"floor":34,"key":"HollowMod:StagPassRelic"},{"floor":34,"key":"Pocketwatch"},{"floor":43,"key":"Eternal Feather"},{"floor":45,"key":"Juzu Bracelet"},{"floor":48,"key":"Lantern"}],"event_choices":[{"damage_healed":0,"gold_gain":0,"player_choice":"Take Wound","damage_taken":0,"relics_obtained":["Golden Idol"],"max_hp_gain":0,"max_hp_loss":0,"event_name":"Golden Idol","floor":4,"gold_loss":0,"cards_obtained":["Injury"]},{"damage_healed":0,"gold_gain":0,"player_choice":"Obtained Book","damage_taken":16,"max_hp_gain":0,"max_hp_loss":0,"event_name":"Cursed Tome","floor":19,"gold_loss":0},{"damage_healed":0,"gold_gain":0,"player_choice":"Forge","damage_taken":0,"max_hp_gain":0,"max_hp_loss":0,"event_name":"Accursed Blacksmith","floor":21,"gold_loss":0,"cards_upgraded":["TheWorld"]},{"damage_healed":18,"gold_gain":0,"player_choice":"Writhe","damage_taken":0,"max_hp_gain":0,"max_hp_loss":0,"event_name":"Winding Halls","floor":39,"gold_loss":0,"cards_obtained":["Writhe"]},{"damage_healed":49,"gold_gain":0,"player_choice":"Heal","damage_taken":0,"max_hp_gain":0,"max_hp_loss":0,"event_name":"MindBloom","floor":46,"gold_loss":0,"cards_obtained":["Doubt"]},{"damage_healed":0,"gold_gain":0,"player_choice":"Memory 1","damage_taken":0,"max_hp_gain":0,"max_hp_loss":0,"event_name":"SensoryStone","floor":47,"gold_loss":0}],"is_beta":false,"boss_relics":[{"not_picked":["Runic Dome","Empty Cage"],"picked":"Philosopher\u0027s Stone"},{"not_picked":["SlaversCollar","Black Star"],"picked":"Calling Bell"}],"items_purged_floors":[12,20,36],"is_endless":false,"potions_floor_spawned":[1,5,11,13,14,18,22,27,37,38,45],"killed_by":"Donu and Deca","ascension_level":1}}