{"host":"y7sd46uq4xlni546","time":1609793753,"event":{"mods":["AchievementEnabler","BaseMod","Colored Map","Colored Powertips","Curses Come First","Filter the Spire","Minty Spire (QoL Compilation)","Quick Restart","Random Character Button","Rare Cards Sparkle","StSLib"],"gold_per_floor":[113,113,130,145,145,172,185,84,138,138,159,159,188,208,208,208,208],"floor_reached":16,"playtime":573,"items_purged":["Defend_R"],"score":110,"play_id":"09d38ccf-a871-4942-93c3-2eff82e6476a","local_time":"20210104215553","is_ascension_mode":false,"campfire_choices":[{"floor":12,"key":"REST"},{"floor":15,"key":"DIG"}],"circlet_count":0,"master_deck":["Strike_R","Strike_R","Strike_R","Strike_R+1","Defend_R+1","Defend_R","Defend_R","Bash","CurseOfTheBell","Spot Weakness","Cleave","Combust","Armaments","Rupture","Cleave"],"relics":["Calling Bell","Shovel","Sundial","Blood Vial","Mummified Hand","Strawberry","Odd Mushroom","Art of War","Vajra"],"acts_visited":["Exordium"],"potions_floor_usage":[11,11],"damage_taken":[{"damage":10.0,"enemies":"Jaw Worm","floor":1.0,"turns":6.0},{"damage":0.0,"enemies":"Small Slimes","floor":3.0,"turns":3.0},{"damage":7.0,"enemies":"2 Louse","floor":4.0,"turns":2.0},{"damage":26.0,"enemies":"3 Sentries","floor":6.0,"turns":8.0},{"damage":4.0,"enemies":"Blue Slaver","floor":7.0,"turns":4.0},{"damage":3,"enemies":"The Mushroom Lair","floor":11,"turns":2},{"damage":26,"enemies":"Lagavulin","floor":13,"turns":7},{"damage":8,"enemies":"2 Fungi Beasts","floor":14,"turns":2},{"damage":22,"enemies":"The Guardian","floor":16,"turns":4}],"seed_played":"-7500441831360905942","potions_obtained":[{"floor":1.0,"key":"Energy Potion"},{"floor":7.0,"key":"PowerPotion"},{"floor":13,"key":"SneckoOil"},{"floor":14,"key":"Fire Potion"}],"is_trial":false,"path_per_floor":["M","?","M","M","?","E","M","$","T","?","?","R","E","M","R","B"],"character_chosen":"IRONCLAD","items_purchased":["Armaments"],"campfire_rested":1,"item_purchase_floors":[8],"current_hp_per_floor":[70,54,56,51,44,20,18,18,25,25,24,50,26,20,20,0,0],"gold":208,"neow_bonus":"BOSS_RELIC","is_daily":false,"chose_seed":false,"campfire_upgraded":0,"win_rate":0.0,"timestamp":1609793753,"path_taken":["M","?","M","M","?","E","M","$","T","?","?","R","E","M","R","BOSS"],"items_purchased_type":["Card"],"build_version":"2020-12-22","purchased_purges":1,"victory":false,"max_hp_per_floor":[80,80,80,80,80,80,80,80,87,87,87,87,87,87,87,87,87],"card_choices":[{"not_picked":["Flex","Heavy Blade"],"picked":"Spot Weakness","floor":1.0},{"not_picked":["Headbutt","Battle Trance"],"picked":"Cleave","floor":3.0},{"not_picked":["Sword Boomerang","Disarm","True Grit"],"picked":"SKIP","floor":4.0},{"not_picked":["Searing Blow","Iron Wave","Whirlwind"],"picked":"SKIP","floor":6.0},{"not_picked":["Dark Embrace","Evolve"],"picked":"Combust","floor":7.0},{"not_picked":["Pommel Strike","Clash"],"picked":"Rupture","floor":11},{"not_picked":["Impervious","Blood for Blood"],"picked":"Cleave","floor":13},{"not_picked":["Pummel","Sever Soul","Sentinel"],"picked":"SKIP","floor":14}],"player_experience":602138,"relics_obtained":[{"floor":0.0,"key":"Shovel"},{"floor":0.0,"key":"Sundial"},{"floor":0.0,"key":"Blood Vial"},{"floor":6.0,"key":"Mummified Hand"},{"floor":9.0,"key":"Strawberry"},{"floor":11,"key":"Odd Mushroom"},{"floor":13,"key":"Art of War"},{"floor":15,"key":"Vajra"}],"event_choices":[{"damage_healed":0.0,"max_hp_gain":0.0,"max_hp_loss":0.0,"gold_gain":0.0,"event_name":"Shining Light","player_choice":"Entered Light","floor":2.0,"gold_loss":0.0,"damage_taken":16.0,"cards_upgraded":["Defend_R","Strike_R"]},{"cards_removed":["Strike_R"],"damage_healed":0.0,"max_hp_gain":0.0,"max_hp_loss":0.0,"gold_gain":0.0,"event_name":"Golden Wing","player_choice":"Card Removal","floor":5.0,"gold_loss":0.0,"damage_taken":7.0},{"damage_healed":0,"gold_gain":0,"player_choice":"Fled","damage_taken":0,"max_hp_gain":0,"max_hp_loss":0,"event_name":"Scrap Ooze","floor":10,"gold_loss":0},{"damage_healed":0,"gold_gain":0,"player_choice":"Fought Mushrooms","damage_taken":0,"max_hp_gain":0,"max_hp_loss":0,"event_name":"Mushrooms","floor":11,"gold_loss":0}],"is_beta":false,"boss_relics":[],"items_purged_floors":[8],"is_endless":false,"potions_floor_spawned":[1,7,13,14],"killed_by":"The Guardian","ascension_level":0}}