{"host":"7qmclr78zvlntuh5","time":1609782592,"event":{"mods":["BaseMod","Downfall","Minty Spire (QoL Compilation)","StSLib"],"gold_per_floor":[99,113,133,149,162,176,202,230,242,257,289,309,209,242,257,358,358,358,376,388,69,87,220,220,231,261,278,290,290,304,317,328,427,427,327,337,357,357,369,343,343,390,290,320,339,6,41,41,51,51,51,77,77,77,77,77,77],"floor_reached":55,"playtime":5297,"items_purged":["champ:FalseCounter"],"score":973,"play_id":"d3f62e58-e269-46bf-b490-0d3480406f0a","local_time":"20210104124952","is_ascension_mode":true,"campfire_choices":[{"floor":1,"key":"RECALL"},{"floor":13,"key":"REST"},{"data":"champ:Devastate","floor":18,"key":"SMITH"},{"data":"champ:GladiatorForm","floor":35,"key":"SMITH"},{"data":"champ:EndlessRage","floor":43,"key":"SMITH"},{"floor":54,"key":"REST"}],"circlet_count":0,"master_deck":["champ:Execute","champ:Taunt","champ:Encircle","champ:AdrenalArmor","champ:CheapShot","champ:FanOfKnives","champ:StanceDance","champ:StanceDance","champ:PreciseThrust","champ:BringItOn","champ:SwordSigil","champ:RageSigil","champ:BerserkersShout","champ:EnragedBash","champ:Devastate+1","champ:Duel+1","champ:Encircle","champ:ShieldThrow+1","champ:GladiatorStyle","champ:Lariat","champ:CrookedStrike","champ:ShieldThrow","champ:Backstep","champ:SteelEdge","champ:BerserkerStyle","champ:GutPunch","champ:FaceSlap","champ:EndlessRage+1","champ:EndlessRage+1","champ:StanceDance","champ:StanceDance+1","champ:Duel+1","champ:RageSigil","champ:GladiatorForm+1","champ:FaceSlap+1","champ:BringItOn","champ:AdrenalArmor+1","champ:BringItOn","champ:FaceSlap+1","champ:SwordSigil","champ:Endure","champ:Encircle"],"relics":["champ:ChampionCrown","Bag of Marbles","Boot","Centennial Puzzle","Guardian:PocketSentry","downfall:HeartBlessingRed","Darkstone Periapt","Pandora\u0027s Box","Lantern","Whetstone","Bottled Flame","Ornamental Fan","SlaversCollar","downfall:HeartBlessingGreen","Peace Pipe","downfall:HeartBlessingBlue","Art of War","PreservedInsect","Bag of Preparation"],"acts_visited":["Exordium","TheCity","TheBeyond","TheEnding"],"potions_floor_usage":[16,33,50,55,55],"damage_taken":[{"damage":6,"enemies":"Cultist","floor":2,"turns":3},{"damage":20,"enemies":"Jaw Worm","floor":3,"turns":4},{"damage":13,"enemies":"Small Slimes","floor":4,"turns":4},{"damage":15,"enemies":"Blue Slaver","floor":5,"turns":5},{"damage":27,"enemies":"Large Slime","floor":6,"turns":6},{"damage":11,"enemies":"Gremlin Nob","floor":8,"turns":4},{"damage":7,"enemies":"Red Slaver","floor":9,"turns":2},{"damage":0,"enemies":"Exordium Wildlife","floor":10,"turns":1},{"damage":34,"enemies":"Lagavulin","floor":11,"turns":8},{"damage":3,"enemies":"Exordium Thugs","floor":12,"turns":3},{"damage":10,"enemies":"Gremlin Nob","floor":14,"turns":3},{"damage":13,"enemies":"2 Fungi Beasts","floor":15,"turns":2},{"damage":54,"enemies":"downfall:Defect","floor":16,"turns":6},{"damage":27,"enemies":"Shell Parasite","floor":19,"turns":2},{"damage":15,"enemies":"Shelled Parasite and Fungi","floor":20,"turns":4},{"damage":30,"enemies":"downfall:FleeingMerchant","floor":21,"turns":5},{"damage":13,"enemies":"Snecko","floor":22,"turns":3},{"damage":41,"enemies":"downfall:FleeingMerchant","floor":23,"turns":4},{"damage":21,"enemies":"3 Cultists","floor":25,"turns":3},{"damage":26,"enemies":"Book of Stabbing","floor":26,"turns":2},{"damage":4,"enemies":"Snake Plant","floor":27,"turns":1},{"damage":6,"enemies":"Centurion and Healer","floor":28,"turns":2},{"damage":0,"enemies":"Shelled Parasite and Fungi","floor":30,"turns":1},{"damage":0,"enemies":"Snake Plant","floor":31,"turns":1},{"damage":0,"enemies":"Snecko","floor":32,"turns":2},{"damage":47,"enemies":"ArchetypeAct2MushroomsNewAge","floor":33,"turns":6},{"damage":18,"enemies":"3 Shapes","floor":36,"turns":3},{"damage":32,"enemies":"3 Darklings","floor":37,"turns":5},{"damage":33,"enemies":"Maw","floor":39,"turns":7},{"damage":23,"enemies":"2 Orb Walkers","floor":42,"turns":3},{"damage":17,"enemies":"Reptomancer","floor":44,"turns":1},{"damage":44,"enemies":"Transient","floor":45,"turns":5},{"damage":0,"enemies":"Nemesis","floor":47,"turns":2},{"damage":46,"enemies":"4 Shapes","floor":49,"turns":4},{"damage":72,"enemies":"downfall:Silent","floor":50,"turns":7},{"damage":56,"enemies":"downfall:CharBossMerchant","floor":52,"turns":5},{"damage":157,"enemies":"downfall:NeowBoss","floor":55,"turns":13}],"seed_played":"5766059141597411636","potions_obtained":[{"floor":3,"key":"sneckomod:MuddlingPotion"},{"floor":4,"key":"SpeedPotion"},{"floor":6,"key":"Strength Potion"},{"floor":11,"key":"PowerPotion"},{"floor":12,"key":"Fire Potion"},{"floor":14,"key":"DuplicationPotion"},{"floor":22,"key":"FearPotion"},{"floor":25,"key":"Energy Potion"},{"floor":33,"key":"Fire Potion"}],"is_trial":false,"path_per_floor":["R","M","M","M","M","M","T","E","M","M","E","M","R","E","M","B",null,"R","M","M","$","M","$","T","M","E","M","M","?","M","M","M","B",null,"R","M","M","?","M","$","T","?","R","E","M","?","E","?","M","B",null,"E","$","R","B"],"character_chosen":"THE_CHAMP","items_purchased":["Lantern","champ:BerserkerStyle","Whetstone","champ:EndlessRage","champ:BringItOn"],"campfire_rested":2,"item_purchase_floors":[21,21,23,23,40],"current_hp_per_floor":[90,89,81,79,77,65,65,64,64,64,45,44,71,71,71,47,90,90,86,75,70,59,58,58,52,44,44,44,44,44,44,44,35,90,90,88,79,79,74,74,74,68,78,74,74,113,113,113,113,80,113,98,98,113,0,0,0],"gold":77,"neow_bonus":"RANDOM_COMMON_RELIC","is_daily":false,"chose_seed":false,"campfire_upgraded":3,"win_rate":0.0,"timestamp":1609782592,"path_taken":["R","M","?","M","M","M","T","E","M","M","E","M","R","E","M","BOSS","R","M","M","$","M","$","T","?","E","M","M","?","M","?","M","BOSS","R","M","M","?","M","$","T","?","R","E","M","?","E","?","M","BOSS","E","$","R","BOSS"],"items_purchased_type":["Relic","Card","Relic","Card","Card"],"build_version":"2020-12-22","purchased_purges":1,"victory":false,"max_hp_per_floor":[90,90,90,90,90,90,90,90,90,90,90,90,90,90,90,90,90,90,90,90,90,90,90,90,90,90,90,90,90,90,90,90,90,90,90,90,90,90,90,90,90,90,100,100,100,113,113,113,113,113,113,113,113,113,113,113,113],"card_choices":[{"not_picked":["champ:Shatter","champ:RageSigil"],"picked":"champ:Encircle","floor":2},{"not_picked":["champ:FlashCut","champ:SwordSigil"],"picked":"champ:AdrenalArmor","floor":3},{"not_picked":["champ:EndlessRage","champ:Endure"],"picked":"champ:CheapShot","floor":4},{"not_picked":["champ:Circumvent","champ:EnGarde"],"picked":"champ:FanOfKnives","floor":5},{"not_picked":["champ:Shatter","champ:Parry"],"picked":"champ:StanceDance","floor":6},{"not_picked":["champ:PreciseThrust","champ:FanOfKnives"],"picked":"champ:StanceDance","floor":8},{"not_picked":["champ:DancingMaster","champ:BladeFlurry"],"picked":"champ:PreciseThrust","floor":9},{"not_picked":["champ:GutPunch","champ:RapidStrikes"],"picked":"champ:BringItOn","floor":10},{"not_picked":["champ:ShieldSigil","champ:ShieldThrow"],"picked":"champ:SwordSigil","floor":11},{"not_picked":["champ:FlashCut","champ:EndlessRage"],"picked":"champ:RageSigil","floor":12},{"not_picked":["champ:FocusedDefense","champ:IgnorePain"],"picked":"champ:BerserkersShout","floor":14},{"not_picked":["champ:PerfectedStrike","champ:DefensiveShout"],"picked":"champ:EnragedBash","floor":15},{"not_picked":["champ:ShieldThrow","champ:MurderStrike"],"picked":"champ:Devastate","floor":16},{"not_picked":["champ:Circumvent+1","champ:BerserkersShout","champ:Duel"],"picked":"SKIP","floor":19},{"not_picked":["champ:AdrenalArmor+1","champ:PerfectedStrike"],"picked":"champ:Backstep","floor":20},{"not_picked":["champ:RageSigil+1","champ:RisingSlash+1"],"picked":"champ:SteelEdge","floor":21},{"not_picked":["champ:EnGarde","champ:DefensiveShout"],"picked":"champ:GutPunch","floor":22},{"not_picked":["champ:Circumvent+1","champ:Shatter"],"picked":"champ:FaceSlap","floor":23},{"not_picked":["champ:PerfectedStrike+1","champ:SkillfulDodge","champ:BladeFlurry"],"picked":"SKIP","floor":25},{"not_picked":["champ:Haymaker+1","champ:Duel"],"picked":"champ:EndlessRage+1","floor":26},{"not_picked":["champ:ShieldThrow","champ:Backstep"],"picked":"champ:StanceDance","floor":27},{"not_picked":["champ:Haymaker+1","champ:TornadoPunch"],"picked":"champ:StanceDance+1","floor":28},{"not_picked":["champ:HeartStrike","champ:AdrenalArmor"],"picked":"champ:Duel+1","floor":30},{"not_picked":["champ:FalseCounter","champ:TornadoPunch","champ:FocusedBerserking"],"picked":"SKIP","floor":31},{"not_picked":["champ:BladeFlurry+1","champ:ShieldSigil"],"picked":"champ:RageSigil","floor":32},{"not_picked":["champ:StrikeOfGenius","champ:MurderStrike"],"picked":"champ:GladiatorForm","floor":33},{"not_picked":["champ:Haymaker","champ:ShieldSigil+1","champ:BerserkersShout"],"picked":"SKIP","floor":36},{"not_picked":["champ:GutPunch+1","champ:FocusedDefense"],"picked":"champ:FaceSlap+1","floor":37},{"not_picked":["champ:FocusedBerserking","champ:ViciousMockery","champ:Lariat"],"picked":"SKIP","floor":39},{"not_picked":["champ:PreemptiveStrike","champ:FancyFootwork"],"picked":"champ:AdrenalArmor+1","floor":42},{"not_picked":["champ:Backstep","champ:BerserkersShout"],"picked":"champ:BringItOn","floor":44},{"not_picked":["champ:StrikeOfGenius","champ:PerfectedStrike+1"],"picked":"champ:FaceSlap+1","floor":45},{"not_picked":["champ:Circumvent","champ:PerfectedStrike"],"picked":"champ:SwordSigil","floor":47},{"not_picked":["champ:DeathBlow+1","champ:Circumvent+1"],"picked":"champ:Endure","floor":49},{"not_picked":["champ:EnGarde","champ:BerserkersShout"],"picked":"champ:Encircle","floor":52}],"player_experience":213281,"relics_obtained":[{"floor":7,"key":"Boot"},{"floor":8,"key":"Centennial Puzzle"},{"floor":11,"key":"Guardian:PocketSentry"},{"floor":14,"key":"Darkstone Periapt"},{"floor":24,"key":"Bottled Flame"},{"floor":26,"key":"Ornamental Fan"},{"floor":42,"key":"Peace Pipe"},{"floor":44,"key":"Art of War"},{"floor":47,"key":"PreservedInsect"},{"floor":52,"key":"Bag of Preparation"}],"event_choices":[{"damage_healed":0,"gold_gain":0,"player_choice":"Got Potions","damage_taken":0,"max_hp_gain":0,"max_hp_loss":0,"event_name":"Lab","floor":29,"gold_loss":0},{"damage_healed":0,"gold_gain":0,"player_choice":"Fight","damage_taken":0,"max_hp_gain":0,"max_hp_loss":0,"event_name":"Mysterious Sphere","floor":42,"gold_loss":0}],"is_beta":false,"boss_relics":[{"not_picked":["Tiny House","SacredBark"],"picked":"Pandora\u0027s Box"},{"not_picked":["Velvet Choker","Runic Pyramid"],"picked":"SlaversCollar"}],"items_purged_floors":[21],"is_endless":false,"potions_floor_spawned":[3,4,6,11,12,14,15,22,25,26,28,32,33,37,42,47,49],"killed_by":"downfall:NeowBoss","ascension_level":1}}