{"host":"cv77zuuuekizn3ic","time":1609746861,"event":{"mods":["AchievementEnabler","BaseMod","Marisa£®ÏF”Í°°ƒß¿Ì…≥£©","Minty Spire (QoL Compilation)","StSLib","Waifu the Spire","everything is the same but u backflip on backflip","slay the spire mod where everything is the same but ironclad has a cowboy hat"],"gold_per_floor":[118,118,133,24,35,35,52,52,52,81,124,36,36,36,36,132,132,147,4,4,19,19,19,52,67,94,125,142,142,142],"floor_reached":29,"playtime":1148,"items_purged":["Pain","Zap"],"score":381,"play_id":"97521fc9-fa3b-448a-8fde-affcb679f9b8","local_time":"20210104155421","is_ascension_mode":true,"campfire_choices":[{"data":"Steam Power","floor":6.0,"key":"SMITH"},{"data":"Streamline","floor":8.0,"key":"SMITH"},{"data":"Sunder","floor":13.0,"key":"SMITH"},{"data":"Hologram","floor":15.0,"key":"SMITH"},{"data":"Rainbow","floor":23.0,"key":"SMITH"}],"circlet_count":0,"master_deck":["Strike_B","Strike_B","Strike_B","Defend_B","Defend_B","Defend_B","Defend_B","Dualcast","Sunder+1","Streamline+1","Doom and Gloom","Steam Power+1","Hologram+1","Electrodynamics","Rainbow+1","Coolheaded+1","Hologram+1","Turbo"],"relics":["Sozu","WarpedTongs","MawBank","Meat on the Bone","SlaversCollar","Membership Card","Unceasing Top","Nunchaku","Pen Nib"],"acts_visited":["Exordium","TheCity"],"potions_floor_usage":[],"damage_taken":[{"damage":0.0,"enemies":"2 Louse","floor":1.0,"turns":2.0},{"damage":2.0,"enemies":"Cultist","floor":3.0,"turns":3.0},{"damage":12.0,"enemies":"Small Slimes","floor":5.0,"turns":3.0},{"damage":0.0,"enemies":"Gremlin Gang","floor":7.0,"turns":3.0},{"damage":4.0,"enemies":"Lots of Slimes","floor":10.0,"turns":2.0},{"damage":8.0,"enemies":"Gremlin Nob","floor":11.0,"turns":3.0},{"damage":24.0,"enemies":"The Guardian","floor":16.0,"turns":9.0},{"damage":0.0,"enemies":"Chosen","floor":18.0,"turns":4.0},{"damage":15.0,"enemies":"Shell Parasite","floor":21.0,"turns":4.0},{"damage":13.0,"enemies":"Gremlin Leader","floor":24.0,"turns":7.0},{"damage":12.0,"enemies":"Sentry and Sphere","floor":25.0,"turns":4.0},{"damage":35.0,"enemies":"Slavers","floor":27.0,"turns":6.0},{"damage":22.0,"enemies":"Centurion and Healer","floor":28.0,"turns":4.0},{"damage":18,"enemies":"Book of Stabbing","floor":29,"turns":4}],"seed_played":"6388017510795775777","potions_obtained":[],"is_trial":false,"path_per_floor":["M","?","M","$","M","R","M","R","T","M","E","$","R","?","R","B",null,"M","$","?","M","$","R","E","M","T","E","M","E"],"character_chosen":"DEFECT","items_purchased":["Doom and Gloom","Membership Card"],"campfire_rested":0,"item_purchase_floors":[4,19],"current_hp_per_floor":[68,68,66,66,54,54,54,54,54,50,42,42,42,42,42,30,64,64,64,64,49,49,49,48,48,48,25,15,0,0],"gold":142,"neow_bonus":"BOSS_RELIC","is_daily":false,"chose_seed":false,"campfire_upgraded":5,"win_rate":0.0,"timestamp":1609746861,"path_taken":["M","?","M","$","?","R","M","R","T","M","E","$","R","?","R","BOSS","M","$","?","?","?","R","E","M","T","E","M","E"],"items_purchased_type":["Card","Relic"],"build_version":"2020-12-22","purchased_purges":2,"victory":false,"max_hp_per_floor":[75,75,75,75,75,75,75,75,75,75,75,75,75,75,75,75,75,75,75,75,75,75,75,75,75,75,75,75,75,75],"card_choices":[{"not_picked":["Go for the Eyes","Compile Driver"],"picked":"Sunder","floor":1.0},{"not_picked":["Go for the Eyes","Rebound"],"picked":"Streamline","floor":3.0},{"not_picked":["Capacitor","Steam"],"picked":"Steam Power","floor":5.0},{"not_picked":["FTL","Go for the Eyes","Blizzard"],"picked":"SKIP","floor":7.0},{"not_picked":["Redo","Go for the Eyes"],"picked":"Hologram","floor":10.0},{"not_picked":["Steam","Genetic Algorithm"],"picked":"Electrodynamics","floor":11.0},{"not_picked":["Fission","Reboot"],"picked":"Rainbow","floor":16.0},{"not_picked":["Gash","Conserve Battery"],"picked":"Coolheaded+1","floor":18.0},{"not_picked":["Skim","Gash"],"picked":"Turbo","floor":21.0},{"not_picked":["Redo","Loop","Sweeping Beam+1"],"picked":"SKIP","floor":24.0},{"not_picked":["Gash","Conserve Battery","Go for the Eyes+1"],"picked":"SKIP","floor":25.0},{"not_picked":["Compile Driver","Redo","Storm+1"],"picked":"SKIP","floor":27.0},{"not_picked":["Reprogram","Hologram","Redo"],"picked":"SKIP","floor":28.0}],"player_experience":706623,"relics_obtained":[{"floor":9.0,"key":"MawBank"},{"floor":11.0,"key":"Meat on the Bone"},{"floor":24.0,"key":"Unceasing Top"},{"floor":26.0,"key":"Nunchaku"},{"floor":27.0,"key":"Pen Nib"}],"event_choices":[{"damage_healed":0.0,"max_hp_gain":0.0,"max_hp_loss":0.0,"gold_gain":0.0,"event_name":"Accursed Blacksmith","player_choice":"Rummage","floor":2.0,"gold_loss":0.0,"damage_taken":0.0,"relics_obtained":["WarpedTongs"],"cards_obtained":["Pain"]},{"cards_removed":["Strike_B"],"damage_healed":0.0,"max_hp_gain":0.0,"max_hp_loss":0.0,"gold_gain":0.0,"event_name":"Living Wall","player_choice":"Forget","floor":14.0,"gold_loss":0.0,"damage_taken":0.0},{"damage_healed":0.0,"max_hp_gain":0.0,"max_hp_loss":0.0,"gold_gain":0.0,"event_name":"Duplicator","player_choice":"Copied","floor":20.0,"gold_loss":0.0,"damage_taken":0.0,"cards_obtained":["Hologram"]}],"is_beta":false,"boss_relics":[{"not_picked":["Fusion Hammer","SacredBark"],"picked":"SlaversCollar"}],"items_purged_floors":[4,12],"is_endless":false,"potions_floor_spawned":[3,5,10,16,25],"killed_by":"Book of Stabbing","ascension_level":9}}