{"host":"y9cfhv0nasly8qeh","time":1609761459,"event":{"mods":["BaseMod","Minty Spire (QoL Compilation)","Relic Stats","StSLib","[IsaacMod]ÒÔÈö¼âËþ"],"gold_per_floor":[109,124,144,163,175,200,200,200,200,200,29,48,83,83,83,185,185,212,137,137,137],"floor_reached":20,"playtime":584,"items_purged":["Strike_R","Strike_R"],"score":250,"play_id":"87d38cc9-27d4-4133-94c1-c6afae9b7ee1","local_time":"20210104195739","is_ascension_mode":false,"campfire_choices":[{"data":"Shockwave","floor":8.0,"key":"SMITH"},{"data":"Fiend Fire","floor":10.0,"key":"SMITH"},{"data":"Demon Form","floor":15.0,"key":"SMITH"}],"circlet_count":0,"master_deck":["Strike_R","Strike_R","Defend_R","Defend_R","Defend_R+1","Defend_R+1","Bash","SuicideKing","Fiend Fire+1","Evolve","Feed","Shockwave+1","Second Wind","Demon Form+1","Corruption","Barricade"],"relics":["Burning Blood","HushsDoor","GuppysTail","Bronze Scales","TheBean","War Paint","Incense Burner","Leech","Kunai","DeadEye","BFFS","UnicornStump","ChampionBelt","GuppysCollar","Pear","Gremlin Horn"],"acts_visited":["Exordium","TheCity"],"potions_floor_usage":[],"damage_taken":[{"damage":12.0,"enemies":"Small Slimes","floor":1.0,"turns":3.0},{"damage":11.0,"enemies":"Jaw Worm","floor":2.0,"turns":4.0},{"damage":0.0,"enemies":"Cultist","floor":4.0,"turns":2.0},{"damage":0.0,"enemies":"Looter","floor":5.0,"turns":2.0},{"damage":22.0,"enemies":"3 Sentries","floor":6.0,"turns":6.0},{"damage":0.0,"enemies":"2 Fungi Beasts","floor":12.0,"turns":3.0},{"damage":0.0,"enemies":"Gremlin Nob","floor":13.0,"turns":3.0},{"damage":17.0,"enemies":"The Guardian","floor":16.0,"turns":8.0},{"damage":0,"enemies":"Gremlin Leader","floor":18,"turns":6}],"seed_played":"5201320283036811048","potions_obtained":[{"floor":5.0,"key":"Explosive Potion"},{"floor":6.0,"key":"Swift Potion"},{"floor":12.0,"key":"Dexterity Potion"},{"floor":18,"key":"FearPotion"}],"is_trial":false,"path_per_floor":["M","M","$","M","M","E","?","R","T","R","$","M","E","?","R","B",null,"M","?","?"],"character_chosen":"IRONCLAD","items_purchased":["Bronze Scales","TheBean","Second Wind","Kunai","DeadEye","BFFS","Damocles","GuppysCollar"],"campfire_rested":0,"item_purchase_floors":[3,3,11,11,11,11,17,17],"current_hp_per_floor":[50,45,45,51,57,44,41,41,41,41,41,52,61,46,46,44,61,76,76,0,0],"gold":137,"neow_bonus":"THREE_RARE_CARDS","is_daily":false,"chose_seed":false,"campfire_upgraded":3,"win_rate":0.0,"timestamp":1609761459,"path_taken":["M","M","$","M","M","E","?","R","T","R","$","M","E","?","R","BOSS","M","?","?"],"items_purchased_type":["Relic","Relic","Card","Relic","Relic","Relic","Relic","Relic"],"build_version":"2020-12-22","purchased_purges":2,"victory":false,"max_hp_per_floor":[80,80,80,80,80,83,83,83,83,83,83,86,86,86,86,89,66,76,76,76,76],"relic_stats":{"Gremlin Horn":[0,0],"counters":[9,37],"Bronze Scales":[48],"Kunai":[1],"War Paint":["Defend_R","Defend_R"],"obtain_stats":[{"KeepersGift":0,"GuppysTail":0,"Damocles":17,"UnicornStump":13,"Pear":18,"Gremlin Horn":18,"Incense Burner":7,"DeadEye":11,"War Paint":6,"Burning Blood":0,"BFFS":11,"Leech":9,"TheBean":3,"ChampionBelt":17,"Bronze Scales":3,"Kunai":11,"HushsDoor":0,"GuppysCollar":17},{"KeepersGift":0,"GuppysTail":0,"Damocles":8,"UnicornStump":7,"Pear":9,"Gremlin Horn":9,"Incense Burner":5,"DeadEye":5,"War Paint":5,"Burning Blood":0,"BFFS":5,"Leech":5,"TheBean":2,"ChampionBelt":8,"Bronze Scales":2,"Kunai":5,"HushsDoor":0,"GuppysCollar":8},{"KeepersGift":0,"GuppysTail":0,"Damocles":31,"UnicornStump":23,"Pear":37,"Gremlin Horn":37,"Incense Burner":17,"DeadEye":17,"War Paint":17,"Burning Blood":0,"BFFS":17,"Leech":17,"TheBean":7,"ChampionBelt":31,"Bronze Scales":7,"Kunai":17,"HushsDoor":0,"GuppysCollar":31}],"Burning Blood":48},"card_choices":[{"not_picked":[],"picked":"SuicideKing","floor":0.0},{"not_picked":["Impervious","Demon Form"],"picked":"Fiend Fire","floor":0.0},{"not_picked":["Combust","Thunderclap","Anger"],"picked":"SKIP","floor":1.0},{"not_picked":["Twin Strike","Iron Wave"],"picked":"Evolve","floor":2.0},{"not_picked":["Cleave","Carnage","Wild Strike"],"picked":"SKIP","floor":4.0},{"not_picked":["Inflame","Searing Blow"],"picked":"Feed","floor":5.0},{"not_picked":["Armaments","Intimidate"],"picked":"Shockwave","floor":6.0},{"not_picked":["Sever Soul","Entrench"],"picked":"Demon Form","floor":12.0},{"not_picked":["Ghostly Armor","Sword Boomerang","Hemokinesis"],"picked":"SKIP","floor":13.0},{"not_picked":["Juggernaut","Brutality"],"picked":"Corruption","floor":16.0},{"not_picked":["Rage","Intimidate"],"picked":"Barricade","floor":18}],"player_experience":533515,"relics_obtained":[{"floor":6.0,"key":"War Paint"},{"floor":9.0,"key":"Leech"},{"floor":13.0,"key":"UnicornStump"},{"floor":18,"key":"Pear"},{"floor":18,"key":"Gremlin Horn"}],"event_choices":[{"damage_healed":0.0,"max_hp_gain":0.0,"max_hp_loss":0.0,"gold_gain":0.0,"event_name":"Scrap Ooze","player_choice":"Success","floor":7.0,"gold_loss":0.0,"damage_taken":3.0,"relics_obtained":["Incense Burner"]},{"cards_removed":["Strike_R"],"damage_healed":0,"gold_gain":0,"player_choice":"Gave Gold","damage_taken":0,"max_hp_gain":0,"max_hp_loss":0,"event_name":"Beggar","floor":19,"gold_loss":75},{"damage_healed":0,"gold_gain":0,"player_choice":"Obtained Book","damage_taken":21,"max_hp_gain":0,"max_hp_loss":0,"event_name":"Cursed Tome","floor":20,"gold_loss":0}],"is_beta":false,"boss_relics":[{"not_picked":["Mark of Pain","SacredBark"],"picked":"ChampionBelt"},{"not_picked":[]}],"items_purged_floors":[3,11],"is_endless":false,"potions_floor_spawned":[5,6,12,18],"ascension_level":20}}