{"host":"pe2q1tocp309rrg9","time":1609736605,"event":{"mods":["2.2 Compatiblity","BaseMod","BetterRewards","Downfall","Ekko","Gremlin Mod","Hermit","Jorbs\u0027s Wanderer Trilogy","Minty Spire (QoL Compilation)","Quick Restart","Rare Cards Sparkle","Replay The Spire","StSLib","The Blue Laboratory","The Construct","The Hierophant","Uncapped"],"gold_per_floor":[116,291,305,255,255,255,141,29,77,109,122,155,169,187,187,291,291,309,323,337,371,124,124,139,139,166,197,197,197],"floor_reached":28,"playtime":810,"items_purged":[],"score":260,"play_id":"71fef270-426e-4b5c-964f-bf204fe0de0e","local_time":"20210103230325","is_ascension_mode":true,"campfire_choices":[{"data":"Twin Strike","floor":6.0,"key":"SMITH"},{"floor":15.0,"key":"REST"},{"floor":23.0,"key":"REST"},{"floor":25,"key":"REST"}],"circlet_count":0,"master_deck":["Strike_R","Strike_R","Strike_R","Strike_R","Strike_R","Defend_R","Defend_R","Defend_R","Bash+1","Anger","Twin Strike+1","Inflame+1","Hemogenesis","Hemogenesis","Rupture","Shrug It Off+1","Cleave","Wild Strike","Anger","Rupture","Perfected Strike","Feed","Infernal Blade+1","Pommel Strike+1","Anger+1","Whirlwind","Hemokinesis","Armaments","expansioncontent:ChargeUp","Violence","True Grit","Havoc+1"],"relics":["Black Blood","Omamori","Ginger","Juzu Bracelet","Red Mask","Replay:Wax Seal","Orichalcum","TungstenRod"],"acts_visited":["Exordium","TheCity"],"potions_floor_usage":[24,24],"damage_taken":[{"damage":1.0,"enemies":"2 Louse","floor":1.0,"turns":3.0},{"damage":0.0,"enemies":"Small Slimes","floor":3.0,"turns":4.0},{"damage":28.0,"enemies":"3 Sentries","floor":10.0,"turns":7.0},{"damage":6.0,"enemies":"Jaw Worm","floor":11.0,"turns":3.0},{"damage":31.0,"enemies":"Lagavulin","floor":12.0,"turns":5.0},{"damage":16.0,"enemies":"Exordium Wildlife","floor":13.0,"turns":3.0},{"damage":5.0,"enemies":"3 Louse","floor":14.0,"turns":2.0},{"damage":33.0,"enemies":"The Guardian","floor":16.0,"turns":9.0},{"damage":10.0,"enemies":"Spheric Guardian","floor":18.0,"turns":3.0},{"damage":26.0,"enemies":"3 Byrds","floor":19.0,"turns":6.0},{"damage":29.0,"enemies":"Centurion and Healer","floor":20.0,"turns":7.0},{"damage":48.0,"enemies":"Masked Bandits","floor":21.0,"turns":5.0},{"damage":14,"enemies":"Cultist and Chosen","floor":24,"turns":7},{"damage":79,"enemies":"Book of Stabbing","floor":27,"turns":7},{"damage":21,"enemies":"3 Cultists","floor":28,"turns":4}],"seed_played":"5551133533789718934","potions_obtained":[{"floor":10.0,"key":"blueLaboratory:AbyssPotion"},{"floor":13.0,"key":"AttackPotion"},{"floor":14.0,"key":"Fire Potion"},{"floor":18.0,"key":"EssenceOfSteel"},{"floor":21.0,"key":"blueLaboratory:PhilterOfMotion"},{"floor":27,"key":"Dexterity Potion"}],"is_trial":false,"path_per_floor":["M","?","M","?","?","R","$","$","T","E","M","E","M","M","R","B",null,"M","M","M","?","$","R","M","R","T","E","M"],"character_chosen":"IRONCLAD","items_purchased":["Hemogenesis","Rupture","Shrug It Off+1","Hemokinesis","Replay:Wax Seal","Armaments","expansioncontent:ChargeUp","Violence"],"campfire_rested":3,"item_purchase_floors":[7,8,8,22,22,22,22,22],"current_hp_per_floor":[80,80,80,80,80,80,80,80,80,68,73,53,43,44,68,46,80,83,69,60,27,27,53,56,82,82,15,0,0],"gold":197,"neow_bonus":"RANDOM_EVENT","is_daily":false,"chose_seed":false,"campfire_upgraded":1,"win_rate":0.0,"timestamp":1609736605,"path_taken":["M","?","M","?","?","R","?","$","T","E","M","E","M","M","R","BOSS","M","M","M","?","$","R","M","R","T","E","M"],"items_purchased_type":["Card","Card","Card","Card","Relic","Card","Card","Card"],"build_version":"2020-12-22","purchased_purges":0,"victory":false,"max_hp_per_floor":[80,80,80,80,80,80,80,80,80,80,80,80,80,80,80,80,80,83,83,86,89,89,89,89,89,89,89,89,89],"card_choices":[{"not_picked":["Headbutt","Clash"],"picked":"Anger","floor":1.0},{"not_picked":["Pommel Strike","Metallicize"],"picked":"Twin Strike","floor":3.0},{"not_picked":["Searing Blow","Wild Strike"],"picked":"Cleave","floor":10.0},{"not_picked":["Feed","Burning Pact"],"picked":"Wild Strike","floor":11.0},{"not_picked":["Iron Wave","Clothesline"],"picked":"Anger","floor":12.0},{"not_picked":["ReplayTheSpireMod:Strike From Hell","Shrug It Off"],"picked":"Rupture","floor":13.0},{"not_picked":["Twin Strike","Warcry"],"picked":"Perfected Strike","floor":14.0},{"not_picked":["Barricade","Corruption"],"picked":"Feed","floor":16.0},{"not_picked":["Body Slam","Cleave"],"picked":"Infernal Blade+1","floor":18.0},{"not_picked":["Dropkick","Rampage"],"picked":"Pommel Strike+1","floor":19.0},{"not_picked":["Thunderclap","Wild Strike"],"picked":"Anger+1","floor":20.0},{"not_picked":["Life Link","Clothesline"],"picked":"Whirlwind","floor":21.0},{"not_picked":["Blood for Blood","Massacre"],"picked":"True Grit","floor":24},{"not_picked":["Seeing Red","Sentinel"],"picked":"Havoc+1","floor":27}],"player_experience":690546,"relics_obtained":[{"floor":9.0,"key":"Omamori"},{"floor":10.0,"key":"Ginger"},{"floor":12.0,"key":"Juzu Bracelet"},{"floor":21.0,"key":"Red Mask"},{"floor":26,"key":"Orichalcum"},{"floor":27,"key":"TungstenRod"}],"event_choices":[{"damage_healed":0.0,"max_hp_gain":0.0,"max_hp_loss":0.0,"gold_gain":0.0,"event_name":"Living Wall","player_choice":"Grow","floor":0.0,"gold_loss":0.0,"damage_taken":0.0,"cards_upgraded":["Bash"]},{"damage_healed":0.0,"max_hp_gain":0.0,"max_hp_loss":0.0,"gold_gain":175.0,"event_name":"Liars Game","player_choice":"AGREE","floor":2.0,"gold_loss":0.0,"damage_taken":0.0,"cards_obtained":["Doubt"]},{"cards_removed":["Doubt"],"damage_healed":0.0,"max_hp_gain":0.0,"max_hp_loss":0.0,"gold_gain":0.0,"event_name":"The Cleric","player_choice":"Card Removal","floor":4.0,"gold_loss":50.0,"damage_taken":0.0},{"damage_healed":0.0,"max_hp_gain":0.0,"max_hp_loss":0.0,"gold_gain":0.0,"event_name":"Masked Bandits","player_choice":"Fought Bandits","floor":21.0,"gold_loss":0.0,"damage_taken":0.0}],"is_beta":false,"boss_relics":[{"not_picked":["Astrolabe","Replay:Grab Bag"],"picked":"Black Blood"}],"items_purged_floors":[],"is_endless":false,"potions_floor_spawned":[10,13,14,18,21,27],"killed_by":"3 Cultists","ascension_level":1}}