{"host":"56ghxnzsglgdq727","time":1609752263,"event":{"mods":["AchievementEnabler","BaseMod","Downfall","Minty Spire (QoL Compilation)","StSLib"],"gold_per_floor":[99,99,99,99,99,117,117,117,42,27,27,39,39,39,49,153,153,78,96,107,119,119,153,180,280,280,21,21,31,16,101,114,210,210,210,226,244,268,282,326,326,326,376,404,404,504,804,845,770,770],"floor_reached":51,"playtime":2747,"items_purged":["Guardian:WalkerClaw"],"score":739,"play_id":"f702fa4d-0879-4670-8a8a-72ef05517214","local_time":"20210104042423","is_ascension_mode":false,"campfire_choices":[{"data":"Guardian:TwinSlam","floor":1,"key":"SMITH"},{"floor":9,"key":"RECALL"},{"data":"Guardian:Orbwalk","floor":11,"key":"SMITH"},{"data":"Guardian:DonusPower","floor":13,"key":"SMITH"},{"data":"Guardian:DecasProtection","floor":18,"key":"SMITH"},{"floor":26,"key":"REST"},{"floor":28,"key":"REST"},{"data":"Metamorphosis","floor":35,"key":"SMITH"},{"data":"Guardian:MultiBeam","floor":42,"key":"SMITH"},{"data":"Guardian:TimeSifter","floor":47,"key":"SMITH"},{"floor":49,"key":"REST"}],"circlet_count":0,"master_deck":["Guardian:CurlUp","Guardian:TwinSlam+1","Guardian:DonusPower+1","Guardian:Orbwalk+1","Guardian:Clone","Guardian:ChargeUp","Guardian:TimeSifter+1","Guardian:BronzeArmor","Guardian:MultiBeam+1","Guardian:GatlingBeam","Guardian:ShieldCharger","Guardian:DecasProtection+1","Guardian:Emergency","Guardian:Emergency","Guardian:CrystalBeam","Guardian:BronzeOrb+1","Guardian:TemporalStrike","Guardian:TimeBomb+1","Guardian:GatlingBeam","Metamorphosis+1","Guardian:Preprogram+1","Guardian:TemporalShield+1","Guardian:DecasProtection+1","Guardian:ExploitGems","Guardian:Planning","Guardian:BronzeOrb+1","Guardian:AncientConstruct","Guardian:ChargeUp+1","Guardian:FierceBash"],"relics":["Guardian:ModeShifterPlus","downfall:HeartsMalice","downfall:HeartBlessingBlue","Pandora\u0027s Box","downfall:HeartBlessingRed","Red Mask","Anchor","FossilizedHelix","Mercury Hourglass","Lantern","CeramicFish","Mummified Hand","Ice Cream","downfall:GremlinWheel","Singing Bowl","downfall:HeartBlessingGreen"],"acts_visited":["Exordium","TheCity","TheBeyond"],"potions_floor_usage":[12,15,15,21,25,27,30,40,40,50],"damage_taken":[{"damage":0,"enemies":"2 Louse","floor":2,"turns":1},{"damage":0,"enemies":"Small Slimes","floor":4,"turns":1},{"damage":0,"enemies":"Cultist","floor":5,"turns":1},{"damage":11,"enemies":"Lots of Slimes","floor":6,"turns":4},{"damage":0,"enemies":"downfall:FleeingMerchant","floor":10,"turns":4},{"damage":16,"enemies":"Large Slime","floor":12,"turns":5},{"damage":0,"enemies":"2 Fungi Beasts","floor":15,"turns":2},{"damage":11,"enemies":"downfall:Watcher","floor":16,"turns":6},{"damage":19,"enemies":"Chosen","floor":19,"turns":5},{"damage":14,"enemies":"Spheric Guardian","floor":20,"turns":4},{"damage":39,"enemies":"Snake Plant","floor":21,"turns":5},{"damage":32,"enemies":"Masked Bandits","floor":23,"turns":4},{"damage":14,"enemies":"downfall:Silent","floor":25,"turns":8},{"damage":6,"enemies":"downfall:FleeingMerchant","floor":27,"turns":4},{"damage":0,"enemies":"Shelled Parasite and Fungi","floor":29,"turns":3},{"damage":0,"enemies":"downfall:FleeingMerchant","floor":30,"turns":4},{"damage":6,"enemies":"3 Cultists","floor":32,"turns":4},{"damage":20,"enemies":"downfall:Ironclad","floor":33,"turns":8},{"damage":0,"enemies":"Orb Walker","floor":36,"turns":3},{"damage":0,"enemies":"3 Darklings","floor":37,"turns":4},{"damage":0,"enemies":"Sphere and 2 Shapes","floor":39,"turns":3},{"damage":21,"enemies":"Giant Head","floor":40,"turns":7},{"damage":8,"enemies":"Mind Bloom Boss Battle","floor":43,"turns":5},{"damage":0,"enemies":"Transient","floor":44,"turns":5},{"damage":0,"enemies":"Transient","floor":46,"turns":3},{"damage":45,"enemies":"Reptomancer","floor":48,"turns":5},{"damage":0,"enemies":"downfall:Silent","floor":50,"turns":5}],"seed_played":"-5736713675800127065","potions_obtained":[{"floor":6,"key":"Energy Potion"},{"floor":12,"key":"Explosive Potion"},{"floor":14,"key":"BlessingOfTheForge"},{"floor":14,"key":"Swift Potion"},{"floor":21,"key":"Dexterity Potion"},{"floor":25,"key":"DistilledChaos"},{"floor":29,"key":"Weak Potion"},{"floor":32,"key":"SpeedPotion"},{"floor":37,"key":"Fire Potion"},{"floor":39,"key":"Energy Potion"},{"floor":46,"key":"SpeedPotion"},{"floor":48,"key":"Energy Potion"}],"is_trial":false,"path_per_floor":["R","M","?","M","M","M","T","?","R","$","R","M","R","?","M","B",null,"R","M","M","M","?","?","T","?","R","$","R","M","$","?","M","B",null,"R","M","M","?","M","E","T","R","?","M","?","?","R","E","R","B",null],"character_chosen":"GUARDIAN","items_purchased":["Metamorphosis"],"campfire_rested":3,"item_purchase_floors":[27],"current_hp_per_floor":[80,80,80,80,80,69,69,69,79,79,79,63,63,63,63,52,90,90,71,57,18,48,16,16,2,29,23,50,50,50,34,28,8,90,90,90,90,90,90,69,69,69,61,61,61,61,61,16,43,43],"gold":770,"neow_bonus":"THREE_ENEMY_KILL","is_daily":false,"chose_seed":false,"campfire_upgraded":7,"win_rate":0.0,"timestamp":1609752263,"path_taken":["R","M","?","M","M","M","T","?","R","$","R","?","R","?","M","BOSS","R","M","?","M","?","?","T","?","R","$","R","M","$","?","M","BOSS","R","M","M","?","M","E","T","R","?","M","?","?","R","E","R","BOSS"],"items_purchased_type":["Card"],"build_version":"2020-12-22","purchased_purges":1,"victory":true,"max_hp_per_floor":[80,80,80,80,80,80,80,80,90,90,90,90,90,90,90,90,90,90,90,90,90,90,90,90,90,90,90,90,90,90,90,90,90,90,90,90,90,90,90,90,90,90,90,90,90,90,90,90,90,90],"card_choices":[{"not_picked":["Guardian:WalkerClaw","Guardian:Reroute"],"picked":"Guardian:DonusPower","floor":2},{"not_picked":["Guardian:ShieldCharger","Guardian:SentryBeam"],"picked":"Guardian:WalkerClaw","floor":4},{"not_picked":["Guardian:TimeCapacitor","Guardian:VentSteam"],"picked":"Guardian:Gem_Red","floor":5},{"not_picked":["Guardian:GemFinder","Guardian:PrismaticBarrier"],"picked":"Guardian:Orbwalk","floor":6},{"not_picked":["Guardian:Gem_Green","Guardian:Gem_Cyan"],"picked":"Guardian:Clone","floor":10},{"not_picked":["Guardian:TimeCapacitor","Guardian:PrismaticBarrier","Guardian:PrismaticBeam"],"picked":"SKIP","floor":12},{"not_picked":["Guardian:VentSteam","Guardian:Incinerate"],"picked":"Guardian:ChargeUp","floor":15},{"not_picked":["Guardian:StasisStrike","Guardian:GatlingBeam"],"picked":"Guardian:TimeSifter","floor":16},{"not_picked":["Guardian:Gem_Cyan","Guardian:Gem_Green"],"picked":"Guardian:Gem_Lightblue","floor":19},{"not_picked":["Guardian:ShieldSpikes+1","Guardian:GuardianWhirl"],"picked":"Guardian:Emergency","floor":19},{"not_picked":["Guardian:Gem_Green","Guardian:Gem_Cyan"],"picked":"Guardian:Gem_Red","floor":20},{"not_picked":["Guardian:PrimingBeam","Guardian:PiercingHide+1"],"picked":"Guardian:CrystalBeam","floor":20},{"not_picked":["Guardian:VentSteam","Guardian:Incinerate"],"picked":"Guardian:BronzeOrb+1","floor":21},{"not_picked":["Guardian:Gem_Purple","Guardian:Repulse+1"],"picked":"Guardian:TemporalStrike","floor":23},{"not_picked":["Guardian:PrimingBeam","Guardian:WalkerClaw"],"picked":"Guardian:TimeBomb+1","floor":25},{"not_picked":["Guardian:Recover","Guardian:Gem_Cyan"],"picked":"Guardian:GatlingBeam","floor":27},{"not_picked":["Guardian:PrismaticBarrier","Guardian:ChargeCore"],"picked":"Guardian:Preprogram+1","floor":29},{"not_picked":["Guardian:StasisField","Guardian:Gem_Fragmented"],"picked":"Guardian:TemporalShield+1","floor":30},{"not_picked":["Guardian:Gem_Red","Guardian:PiercingHide"],"picked":"Guardian:DecasProtection+1","floor":32},{"not_picked":["Guardian:SphericShield","Guardian:StasisStrike"],"picked":"Guardian:ExploitGems","floor":33},{"not_picked":["Guardian:Gem_Red","Guardian:Gem_Lightblue"],"picked":"Guardian:Gem_Cyan","floor":33},{"not_picked":["Guardian:Gem_Green","Guardian:Gem_Red"],"picked":"Guardian:Gem_Cyan","floor":36},{"not_picked":["Guardian:Gem_Purple","Guardian:TemporalShield+1","Guardian:Incinerate"],"picked":"SKIP","floor":36},{"not_picked":["Guardian:PiercingHide+1","Guardian:RollAttack"],"picked":"Guardian:Planning","floor":37},{"not_picked":["Guardian:Gem_Green","Guardian:Gem_Red"],"picked":"Guardian:Gem_Cyan","floor":39},{"not_picked":["Guardian:Gem_Green","Guardian:Recover"],"picked":"Guardian:BronzeOrb+1","floor":39},{"not_picked":["Guardian:Harden+1","Guardian:DonusPower"],"picked":"Guardian:AncientConstruct","floor":40},{"not_picked":["Guardian:Incinerate","Guardian:Gem_Cyan"],"picked":"Guardian:ChargeUp+1","floor":44},{"not_picked":["Guardian:Planning+1","Guardian:Incinerate"],"picked":"Guardian:FierceBash","floor":48}],"player_experience":125965,"relics_obtained":[{"floor":23,"key":"Red Mask"},{"floor":24,"key":"Anchor"},{"floor":25,"key":"FossilizedHelix"},{"floor":25,"key":"Mercury Hourglass"},{"floor":38,"key":"Lantern"},{"floor":40,"key":"CeramicFish"},{"floor":41,"key":"Mummified Hand"},{"floor":43,"key":"Ice Cream"},{"floor":46,"key":"downfall:GremlinWheel"},{"floor":48,"key":"Singing Bowl"}],"event_choices":[{"damage_healed":0,"gold_gain":0,"player_choice":"Got Potions","damage_taken":0,"max_hp_gain":0,"max_hp_loss":0,"event_name":"Lab","floor":14,"gold_loss":0},{"damage_healed":30,"gold_gain":0,"player_choice":"Heal","damage_taken":0,"max_hp_gain":0,"max_hp_loss":0,"event_name":"The Library","floor":22,"gold_loss":0},{"damage_healed":0,"gold_gain":0,"player_choice":"Fought Bandits","damage_taken":0,"max_hp_gain":0,"max_hp_loss":0,"event_name":"Masked Bandits","floor":23,"gold_loss":0},{"cards_removed":["Guardian:GemFinder"],"damage_healed":0,"gold_gain":0,"player_choice":"Removed Power","damage_taken":0,"max_hp_gain":0,"max_hp_loss":0,"event_name":"Falling","floor":45,"gold_loss":0},{"damage_healed":0,"gold_gain":300,"player_choice":"Gold","damage_taken":0,"max_hp_gain":0,"max_hp_loss":0,"event_name":"Wheel of Change","floor":47,"gold_loss":0}],"is_beta":false,"boss_relics":[{"not_picked":["Snecko Eye","Astrolabe"],"picked":"Pandora\u0027s Box"},{"not_picked":["Tiny House","Coffee Dripper"],"picked":"Guardian:ModeShifterPlus"}],"items_purged_floors":[27],"is_endless":false,"potions_floor_spawned":[6,12,21,25,29,32,37,39,46,48],"ascension_level":0}}