{"host":"m3herrhkesxm9ooc","time":1609737616,"event":{"mods":["BaseMod","Hermit","Minty Spire (QoL Compilation)","StSLib","The Hierophant"],"gold_per_floor":[112,13,13,13,26,60,60,91,91,105,139,191,209,209,209,288,288,299,299,249,265,288,288,318,3,3,3,22,22,40,40,40,114,114,134,154,154,173,193,193,36,70,70,70,82,82,100,111,111,111,111],"floor_reached":50,"playtime":2694,"items_purged":[],"score":1040,"play_id":"e78594d7-5141-437d-8a75-2c04f5fa01b9","local_time":"20210104142016","is_ascension_mode":true,"campfire_choices":[{"floor":7.0,"key":"REST"},{"floor":15.0,"key":"REST"},{"floor":23.0,"key":"REST"},{"floor":29.0,"key":"REST"},{"floor":32.0,"key":"REST"},{"floor":40.0,"key":"REST"},{"floor":46.0,"key":"REST"},{"data":"hermit:OverwhelmingPower","floor":49.0,"key":"SMITH"}],"circlet_count":0,"master_deck":["AscendersBane","hermit:Strike_Hermit+1","hermit:Strike_Hermit+1","hermit:Strike_Hermit+1","hermit:Strike_Hermit+1","hermit:Defend_Hermit+1","hermit:Defend_Hermit+1","hermit:Defend_Hermit+1","hermit:Defend_Hermit+1","hermit:Snapshot","hermit:Covet","hermit:Headshot","hermit:WideOpen","hermit:TakeAim","hermit:TrackingShot","hermit:Roughhouse+1","hermit:Gestalt","hermit:Glare","hermit:Ricochet","hermit:Snipe","hermit:Magnum","hermit:Spite","hermit:GhostlyPresence+1","hermit:NoHoldsBarred","hermit:Maintenance+1","hermit:Determination+1","hermit:FromBeyond","hermit:Headshot","hermit:Snipe+1","hermit:Ricochet","hermit:Determination","hermit:WideOpen","hermit:BodyArmor","hermit:Enervate","hermit:Brawl","Parasite","hermit:OverwhelmingPower+1"],"relics":["hermit:Momento","Bag of Preparation","HornCleat","Smiling Mask","Incense Burner","hermit:Horseshoe","Ornamental Fan","Sozu","Blood Vial","Sundial","CaptainsWheel","Mummified Hand","SlaversCollar","Bottled Flame","Torii"],"acts_visited":["Exordium","TheCity","TheBeyond"],"potions_floor_usage":[],"damage_taken":[{"damage":9.0,"enemies":"2 Louse","floor":1.0,"turns":2.0},{"damage":0.0,"enemies":"Jaw Worm","floor":5.0,"turns":3.0},{"damage":21.0,"enemies":"3 Sentries","floor":6.0,"turns":8.0},{"damage":0.0,"enemies":"Gremlin Nob","floor":8.0,"turns":3.0},{"damage":0.0,"enemies":"Cultist","floor":10.0,"turns":3.0},{"damage":11.0,"enemies":"3 Sentries","floor":11.0,"turns":6.0},{"damage":1.0,"enemies":"Blue Slaver","floor":13.0,"turns":2.0},{"damage":29.0,"enemies":"Hexaghost","floor":16.0,"turns":10.0},{"damage":13.0,"enemies":"Shell Parasite","floor":18.0,"turns":4.0},{"damage":0.0,"enemies":"3 Byrds","floor":21.0,"turns":5.0},{"damage":32.0,"enemies":"Book of Stabbing","floor":24.0,"turns":6.0},{"damage":20.0,"enemies":"Snake Plant","floor":28.0,"turns":3.0},{"damage":1.0,"enemies":"3 Cultists","floor":30.0,"turns":5.0},{"damage":29.0,"enemies":"Collector","floor":33.0,"turns":10.0},{"damage":30.0,"enemies":"3 Darklings","floor":35.0,"turns":11.0},{"damage":5.0,"enemies":"3 Shapes","floor":36.0,"turns":5.0},{"damage":0.0,"enemies":"Jaw Worm Horde","floor":38.0,"turns":5.0},{"damage":6.0,"enemies":"Transient","floor":39.0,"turns":6.0},{"damage":3.0,"enemies":"Reptomancer","floor":42.0,"turns":7.0},{"damage":8.0,"enemies":"Spire Growth","floor":45.0,"turns":4.0},{"damage":3.0,"enemies":"4 Shapes","floor":47.0,"turns":6.0},{"damage":11.0,"enemies":"Writhing Mass","floor":48.0,"turns":4.0},{"damage":55,"enemies":"Time Eater","floor":50,"turns":7}],"seed_played":"5712703072185062019","potions_obtained":[{"floor":8.0,"key":"GamblersBrew"},{"floor":11.0,"key":"AttackPotion"},{"floor":13.0,"key":"Swift Potion"}],"is_trial":false,"path_per_floor":["M","$","?","T","M","E","R","E","T","M","E","?","M","?","R","B",null,"M","?","?","M","T","R","E","$","T","?","M","R","M","$","R","B",null,"M","M","?","M","M","R","$","E","T","?","M","R","M","M","R","B"],"character_chosen":"HERMIT","items_purchased":["hermit:WideOpen","hermit:TakeAim","CaptainsWheel","hermit:Determination","hermit:WideOpen","hermit:BodyArmor"],"campfire_rested":7,"item_purchase_floors":[2,2,25,41,41,41],"current_hp_per_floor":[62,62,36,36,36,15,38,38,38,38,27,27,26,26,49,20,64,51,51,51,51,51,74,44,44,44,44,26,49,50,50,73,46,70,42,39,39,41,37,60,60,59,59,59,53,76,75,66,66,13,13],"gold":111,"neow_bonus":"TEN_PERCENT_HP_BONUS","is_daily":false,"chose_seed":false,"campfire_upgraded":1,"win_rate":0.0,"timestamp":1609737616,"path_taken":["M","$","?","?","?","E","R","E","T","M","E","?","M","?","R","BOSS","M","?","?","?","?","R","E","$","T","?","M","R","M","?","R","BOSS","M","?","?","M","M","R","?","E","T","?","M","R","?","M","R","BOSS"],"items_purchased_type":["Card","Card","Relic","Card","Card","Card"],"build_version":"2020-12-22","purchased_purges":0,"victory":false,"max_hp_per_floor":[78,78,78,78,78,78,78,78,78,78,78,78,78,78,78,78,78,78,78,78,78,78,78,78,78,78,78,78,78,78,78,78,78,78,78,78,78,78,78,78,78,78,78,78,78,78,78,78,78,78,78],"card_choices":[{"not_picked":["hermit:HoleUp","hermit:Virtue"],"picked":"hermit:Headshot","floor":1.0},{"not_picked":["hermit:FullyLoaded","hermit:ItchyTrigger"],"picked":"hermit:TrackingShot","floor":5.0},{"not_picked":["hermit:BodyArmor","hermit:Malice"],"picked":"hermit:Roughhouse","floor":6.0},{"not_picked":["hermit:Ricochet","hermit:Manifest"],"picked":"hermit:Gestalt","floor":8.0},{"not_picked":["hermit:Manifest","hermit:Combo"],"picked":"hermit:Glare","floor":10.0},{"not_picked":["hermit:WideOpen","hermit:Coalescence"],"picked":"hermit:Ricochet","floor":11.0},{"not_picked":["hermit:HoleUp","hermit:TrackingShot"],"picked":"hermit:Snipe","floor":13.0},{"not_picked":["hermit:FatalDesire","hermit:BlackWind"],"picked":"hermit:Magnum","floor":16.0},{"not_picked":["hermit:SprayPray","hermit:HoleUp"],"picked":"hermit:Spite","floor":18.0},{"not_picked":["hermit:Manifest","hermit:Horror"],"picked":"hermit:GhostlyPresence+1","floor":21.0},{"not_picked":["hermit:LoneWolf","hermit:Gambit"],"picked":"hermit:NoHoldsBarred","floor":24.0},{"not_picked":["hermit:Dive","hermit:Misfire"],"picked":"hermit:Maintenance","floor":28.0},{"not_picked":["hermit:Enervate","hermit:ItchyTrigger"],"picked":"hermit:Determination+1","floor":30.0},{"not_picked":["hermit:FatalDesire","hermit:Purgatory"],"picked":"hermit:FromBeyond","floor":33.0},{"not_picked":["hermit:Feint","hermit:Cheat","hermit:HoleUp+1"],"picked":"SKIP","floor":35.0},{"not_picked":["hermit:SprayPray","hermit:GoldenBullet+1"],"picked":"hermit:Headshot","floor":36.0},{"not_picked":["hermit:Glare","hermit:Desperado+1"],"picked":"hermit:Snipe+1","floor":38.0},{"not_picked":["hermit:Vantage","hermit:Snipe+1"],"picked":"hermit:Ricochet","floor":39.0},{"not_picked":["hermit:Gambit","hermit:Vantage"],"picked":"hermit:Enervate","floor":42.0},{"not_picked":["hermit:Dive","hermit:CalledShot","hermit:HoleUp"],"picked":"SKIP","floor":45.0},{"not_picked":["hermit:LuckOfTheDraw","hermit:TrackingShot+1"],"picked":"hermit:Brawl","floor":47.0},{"not_picked":["hermit:Feint","hermit:Manifest"],"picked":"hermit:OverwhelmingPower","floor":48.0}],"player_experience":671794,"relics_obtained":[{"floor":4.0,"key":"HornCleat"},{"floor":6.0,"key":"Smiling Mask"},{"floor":8.0,"key":"Incense Burner"},{"floor":9.0,"key":"hermit:Horseshoe"},{"floor":11.0,"key":"Ornamental Fan"},{"floor":22.0,"key":"Blood Vial"},{"floor":24.0,"key":"Sundial"},{"floor":26.0,"key":"Mummified Hand"},{"floor":42.0,"key":"Bottled Flame"},{"floor":43.0,"key":"Torii"}],"event_choices":[{"damage_healed":0.0,"max_hp_gain":0.0,"max_hp_loss":0.0,"gold_gain":0.0,"event_name":"Scrap Ooze","player_choice":"Success","floor":3.0,"gold_loss":0.0,"damage_taken":26.0,"relics_obtained":["Bag of Preparation"]},{"damage_healed":0.0,"max_hp_gain":0.0,"max_hp_loss":0.0,"gold_gain":52.0,"event_name":"Golden Wing","player_choice":"Gained Gold","floor":12.0,"gold_loss":0.0,"damage_taken":0.0},{"damage_healed":0.0,"max_hp_gain":0.0,"max_hp_loss":0.0,"gold_gain":0.0,"event_name":"Shining Light","player_choice":"Ignored","floor":14.0,"gold_loss":0.0,"damage_taken":0.0},{"damage_healed":0.0,"max_hp_gain":0.0,"max_hp_loss":0.0,"gold_gain":0.0,"event_name":"Ghosts","player_choice":"Ignored","floor":19.0,"gold_loss":0.0,"damage_taken":0.0},{"damage_healed":0.0,"max_hp_gain":0.0,"max_hp_loss":0.0,"gold_gain":0.0,"event_name":"Designer","player_choice":"Upgrade","floor":20.0,"gold_loss":50.0,"damage_taken":0.0,"cards_upgraded":["hermit:Roughhouse"]},{"damage_healed":0.0,"max_hp_gain":0.0,"max_hp_loss":0.0,"gold_gain":0.0,"event_name":"Back to Basics","player_choice":"Simplicity","floor":27.0,"gold_loss":0.0,"damage_taken":0.0,"cards_upgraded":["hermit:Strike_Hermit","hermit:Strike_Hermit","hermit:Strike_Hermit","hermit:Strike_Hermit","hermit:Defend_Hermit","hermit:Defend_Hermit","hermit:Defend_Hermit","hermit:Defend_Hermit"]},{"damage_healed":0.0,"max_hp_gain":0.0,"max_hp_loss":0.0,"gold_gain":0.0,"event_name":"Purifier","player_choice":"Ignored","floor":37.0,"gold_loss":0.0,"damage_taken":0.0},{"damage_healed":0.0,"max_hp_gain":0.0,"max_hp_loss":0.0,"gold_gain":0.0,"event_name":"Upgrade Shrine","player_choice":"Upgraded","floor":44.0,"gold_loss":0.0,"damage_taken":0.0,"cards_upgraded":["hermit:Maintenance"]}],"is_beta":false,"boss_relics":[{"not_picked":["Tiny House","Pandora\u0027s Box"],"picked":"Sozu"},{"not_picked":["Fusion Hammer","Runic Pyramid"],"picked":"SlaversCollar"}],"items_purged_floors":[],"is_endless":false,"potions_floor_spawned":[8,11,13,18,30,36,38,42,48],"killed_by":"Time Eater","ascension_level":17}}