{"host":"v0dnu0zs4qo0v13s","time":1609782276,"event":{"mods":["BaseMod","Colored Map","Colored Powertips","Minty Spire (QoL Compilation)","Relic Stats","StSLib","SuperFastMode","everything is the same but u backflip on backflip"],"gold_per_floor":[109,109,127,29,41,66,66,98,98,113,113,127,127,142,142,247,247,262,277,292,292,192,192,227,227,227,1,1,33,62,78,78,183,183,195,207,225,243,118,118,172,24,24,24,24,42,55,69,69,69],"floor_reached":51,"playtime":4076,"items_purged":["Defend_P","Strike_P","Strike_P"],"score":1107,"play_id":"d498abc2-32c4-44bc-8c87-ec9b064207b3","local_time":"20210104124436","is_ascension_mode":true,"campfire_choices":[{"data":"MentalFortress","floor":7.0,"key":"SMITH"},{"floor":11.0,"key":"REST"},{"data":"Vigilance","floor":15.0,"key":"SMITH"},{"data":"ConjureBlade","floor":23.0,"key":"SMITH"},{"floor":25.0,"key":"REST"},{"data":"LikeWater","floor":28.0,"key":"SMITH"},{"floor":32.0,"key":"REST"},{"floor":40,"key":"REST"},{"floor":45,"key":"REST"},{"data":"DevaForm","floor":49,"key":"SMITH"}],"circlet_count":0,"master_deck":["Strike_P","Eruption","Vigilance+1","MentalFortress+1","EmptyMind","EmptyBody","Evaluate","ClearTheMind","Meditate","FollowUp","FlurryOfBlows","FlurryOfBlows","ClearTheMind","ConjureBlade+1","EmptyFist","InnerPeace","MentalFortress+1","LikeWater+1","ClearTheMind","Wallop","Establishment","SandsOfTime+1","DevaForm+1","CurseOfTheBell","ClearTheMind+1","Adaptation+1","Wish","TalkToTheHand+1","MasterReality","CarveReality+1","Vengeance","TalkToTheHand","Crescendo","Collect","ThirdEye+1"],"relics":["PureWater","Eternal Feather","Pantograph","Dream Catcher","Mercury Hourglass","SacredBark","FaceOfCleric","Akabeko","Bag of Marbles","DollysMirror","Red Mask","Vajra","Calling Bell","Regal Pillow","Letter Opener","Prayer Wheel","Bird Faced Urn","Strawberry"],"acts_visited":["Exordium","TheCity","TheBeyond"],"potions_floor_usage":[38,50,50],"damage_taken":[{"damage":0.0,"enemies":"Cultist","floor":1.0,"turns":3.0},{"damage":2.0,"enemies":"Small Slimes","floor":3.0,"turns":5.0},{"damage":7.0,"enemies":"Jaw Worm","floor":5.0,"turns":5.0},{"damage":11.0,"enemies":"Lagavulin","floor":6.0,"turns":7.0},{"damage":11.0,"enemies":"3 Sentries","floor":8.0,"turns":14.0},{"damage":4.0,"enemies":"Red Slaver","floor":10.0,"turns":3.0},{"damage":0.0,"enemies":"3 Louse","floor":12.0,"turns":3.0},{"damage":0.0,"enemies":"Looter","floor":14.0,"turns":2.0},{"damage":8.0,"enemies":"Slime Boss","floor":16.0,"turns":7.0},{"damage":5.0,"enemies":"Spheric Guardian","floor":18.0,"turns":3.0},{"damage":3.0,"enemies":"3 Byrds","floor":19.0,"turns":4.0},{"damage":21.0,"enemies":"Snake Plant","floor":20.0,"turns":4.0},{"damage":26.0,"enemies":"Book of Stabbing","floor":24.0,"turns":5.0},{"damage":6.0,"enemies":"Masked Bandits","floor":29.0,"turns":3.0},{"damage":26.0,"enemies":"Slavers","floor":30.0,"turns":5.0},{"damage":3.0,"enemies":"Chosen and Byrds","floor":31.0,"turns":5.0},{"damage":0.0,"enemies":"Automaton","floor":33.0,"turns":6.0},{"damage":40,"enemies":"3 Darklings","floor":35,"turns":6},{"damage":3,"enemies":"3 Shapes","floor":36,"turns":4},{"damage":9,"enemies":"Jaw Worm Horde","floor":37,"turns":5},{"damage":2,"enemies":"Spire Growth","floor":38,"turns":5},{"damage":46,"enemies":"Reptomancer","floor":41,"turns":6},{"damage":33,"enemies":"Writhing Mass","floor":46,"turns":7},{"damage":30,"enemies":"Sphere and 2 Shapes","floor":47,"turns":7},{"damage":2,"enemies":"4 Shapes","floor":48,"turns":6},{"damage":63,"enemies":"Time Eater","floor":50,"turns":8}],"seed_played":"7614964666376690037","potions_obtained":[{"floor":5.0,"key":"Strength Potion"},{"floor":8.0,"key":"PowerPotion"},{"floor":10.0,"key":"Fire Potion"},{"floor":12.0,"key":"CultistPotion"},{"floor":16.0,"key":"Swift Potion"},{"floor":19.0,"key":"Weak Potion"},{"floor":31.0,"key":"FearPotion"},{"floor":35,"key":"FearPotion"},{"floor":37,"key":"Energy Potion"},{"floor":47,"key":"BottledMiracle"},{"floor":48,"key":"StancePotion"}],"is_trial":false,"path_per_floor":["M","?","M","$","M","E","R","E","T","M","R","M","?","M","R","B",null,"M","M","M","?","$","R","E","R","T","$","R","?","E","M","R","B",null,"M","M","M","M","$","R","E","$","T","?","R","M","M","M","R","B",null],"character_chosen":"WATCHER","items_purchased":["EmptyBody","DollysMirror","LikeWater","MasterReality"],"campfire_rested":5,"item_purchase_floors":[4,27,27,42],"current_hp_per_floor":[65,58,56,56,49,38,44,33,33,29,54,54,54,54,63,57,63,58,55,34,34,34,43,18,46,46,46,58,53,28,26,58,70,70,31,29,21,20,20,72,27,27,34,34,82,60,43,48,69,29],"gold":69,"neow_bonus":"REMOVE_TWO","is_daily":false,"chose_seed":false,"campfire_upgraded":5,"win_rate":0.0,"timestamp":1609782276,"path_taken":["M","?","M","$","M","E","R","E","T","M","R","M","?","?","R","BOSS","M","M","M","?","?","R","E","R","T","$","R","?","E","M","R","BOSS","M","M","M","M","$","R","E","$","T","?","R","M","M","M","R","BOSS"],"items_purchased_type":["Card","Relic","Card","Card"],"build_version":"2020-12-22","purchased_purges":3,"victory":true,"max_hp_per_floor":[65,65,65,65,65,65,65,65,65,65,65,65,65,65,65,65,65,65,65,65,65,65,65,66,66,66,66,66,67,68,69,69,70,70,71,72,73,74,74,74,75,75,82,82,82,83,84,85,85,86],"relic_stats":{"Dream Catcher":5,"Regal Pillow":24,"FaceOfCleric":14,"counters":[26,137],"Pantograph":29,"Bird Faced Urn":[34],"Eternal Feather":114,"Prayer Wheel":7,"Letter Opener":[70],"obtain_stats":[{"Regal Pillow":34,"SacredBark":17,"Vajra":30,"Eternal Feather":2,"Letter Opener":34,"Akabeko":24,"Mercury Hourglass":9,"Calling Bell":34,"Dream Catcher":8,"FaceOfCleric":21,"DollysMirror":27,"Pantograph":6,"Bird Faced Urn":41,"Strawberry":43,"Prayer Wheel":34,"Bag of Marbles":26,"Red Mask":29,"PureWater":0},{"Regal Pillow":17,"SacredBark":9,"Vajra":15,"Eternal Feather":1,"Letter Opener":17,"Akabeko":13,"Mercury Hourglass":5,"Calling Bell":17,"Dream Catcher":5,"FaceOfCleric":12,"DollysMirror":13,"Pantograph":4,"Bird Faced Urn":22,"Strawberry":22,"Prayer Wheel":17,"Bag of Marbles":13,"Red Mask":14,"PureWater":0},{"Regal Pillow":83,"SacredBark":49,"Vajra":73,"Eternal Feather":3,"Letter Opener":83,"Akabeko":65,"Mercury Hourglass":34,"Calling Bell":83,"Dream Catcher":34,"FaceOfCleric":60,"DollysMirror":65,"Pantograph":20,"Bird Faced Urn":109,"Strawberry":109,"Prayer Wheel":83,"Bag of Marbles":65,"Red Mask":68,"PureWater":0}],"Mercury Hourglass":[468]},"card_choices":[{"not_picked":["Crescendo","EmptyFist"],"picked":"MentalFortress","floor":1.0},{"not_picked":["DeceiveReality","Worship"],"picked":"EmptyMind","floor":3.0},{"not_picked":["EmptyBody","CutThroughFate"],"picked":"Evaluate","floor":5.0},{"not_picked":["WindmillStrike","Study"],"picked":"ClearTheMind","floor":6.0},{"not_picked":["Prostrate","CrushJoints"],"picked":"Meditate","floor":8.0},{"not_picked":["ReachHeaven","EmptyMind"],"picked":"FollowUp","floor":10.0},{"not_picked":["Crescendo","Vault"],"picked":"FlurryOfBlows","floor":11.0},{"not_picked":["FollowUp","SignatureMove"],"picked":"FlurryOfBlows","floor":12.0},{"not_picked":["Consecrate","CutThroughFate"],"picked":"ClearTheMind","floor":14.0},{"not_picked":["Brilliance","Omniscience"],"picked":"ConjureBlade","floor":16.0},{"not_picked":["Protect","FearNoEvil","SashWhip"],"picked":"SKIP","floor":18.0},{"not_picked":["FlurryOfBlows","LikeWater+1"],"picked":"EmptyFist","floor":19.0},{"not_picked":["PathToVictory","SashWhip"],"picked":"InnerPeace","floor":20.0},{"not_picked":["Weave+1","PathToVictory","BowlingBash"],"picked":"SKIP","floor":24.0},{"not_picked":["PathToVictory","SashWhip+1"],"picked":"ClearTheMind","floor":29.0},{"not_picked":["ReachHeaven","Prostrate+1"],"picked":"Wallop","floor":30.0},{"not_picked":["PathToVictory","Evaluate"],"picked":"Establishment","floor":31.0},{"not_picked":["WindmillStrike","PathToVictory"],"picked":"SandsOfTime+1","floor":32.0},{"not_picked":["Devotion","LessonLearned"],"picked":"DevaForm","floor":33.0},{"not_picked":["Swivel","Conclude+1","FollowUp"],"picked":"SKIP","floor":35},{"not_picked":["BowlingBash+1","EmptyMind","Halt"],"picked":"SKIP","floor":35},{"not_picked":["FollowUp+1","Prostrate"],"picked":"ClearTheMind+1","floor":36},{"not_picked":["WreathOfFlame","FlurryOfBlows+1","CutThroughFate+1"],"picked":"SKIP","floor":36},{"not_picked":["ThirdEye+1","WreathOfFlame+1"],"picked":"Adaptation+1","floor":37},{"not_picked":["Prostrate+1","PathToVictory","Wish"],"picked":"SKIP","floor":37},{"not_picked":["Prostrate+1","PathToVictory"],"picked":"Wish","floor":37},{"not_picked":["CutThroughFate","FlyingSleeves"],"picked":"TalkToTheHand+1","floor":38},{"not_picked":["FlurryOfBlows","ReachHeaven+1","JustLucky"],"picked":"SKIP","floor":38},{"not_picked":["Alpha","Consecrate","Prostrate+1"],"picked":"SKIP","floor":41},{"not_picked":["FearNoEvil+1","Consecrate"],"picked":"CarveReality+1","floor":45},{"not_picked":["FlyingSleeves","Halt"],"picked":"Vengeance","floor":46},{"not_picked":["CrushJoints+1","Protect"],"picked":"TalkToTheHand","floor":46},{"not_picked":["ThirdEye","Consecrate+1"],"picked":"Crescendo","floor":47},{"not_picked":["FollowUp+1","EmptyFist+1","Evaluate"],"picked":"SKIP","floor":47},{"not_picked":["Protect","CutThroughFate+1"],"picked":"Collect","floor":48},{"not_picked":["FearNoEvil","Protect"],"picked":"ThirdEye+1","floor":48}],"player_experience":648176,"relics_obtained":[{"floor":6.0,"key":"Pantograph"},{"floor":8.0,"key":"Dream Catcher"},{"floor":9.0,"key":"Mercury Hourglass"},{"floor":24.0,"key":"Akabeko"},{"floor":26.0,"key":"Bag of Marbles"},{"floor":29.0,"key":"Red Mask"},{"floor":30.0,"key":"Vajra"},{"floor":34.0,"key":"Regal Pillow"},{"floor":34.0,"key":"Letter Opener"},{"floor":34.0,"key":"Prayer Wheel"},{"floor":41,"key":"Bird Faced Urn"},{"floor":43,"key":"Strawberry"}],"event_choices":[{"damage_healed":0.0,"max_hp_gain":0.0,"max_hp_loss":0.0,"gold_gain":0.0,"event_name":"Scrap Ooze","player_choice":"Success","floor":2.0,"gold_loss":0.0,"damage_taken":7.0,"relics_obtained":["Eternal Feather"]},{"cards_removed":["Defend_P"],"damage_healed":0.0,"max_hp_gain":0.0,"max_hp_loss":0.0,"gold_gain":0.0,"event_name":"Bonfire Elementals","player_choice":"Offered Basic","floor":13.0,"gold_loss":0.0,"damage_taken":0.0},{"damage_healed":0.0,"max_hp_gain":0.0,"max_hp_loss":0.0,"gold_gain":0.0,"event_name":"FaceTrader","player_choice":"Trade","floor":21.0,"gold_loss":0.0,"damage_taken":0.0,"relics_obtained":["FaceOfCleric"]},{"damage_healed":0.0,"max_hp_gain":0.0,"max_hp_loss":0.0,"gold_gain":0.0,"event_name":"Masked Bandits","player_choice":"Fought Bandits","floor":29.0,"gold_loss":0.0,"damage_taken":0.0},{"cards_removed":["Strike_P"],"damage_healed":0,"gold_gain":0,"player_choice":"Purged","damage_taken":0,"max_hp_gain":0,"max_hp_loss":0,"event_name":"Purifier","floor":44,"gold_loss":0}],"is_beta":false,"boss_relics":[{"not_picked":["Runic Pyramid","SlaversCollar"],"picked":"SacredBark"},{"not_picked":["Runic Dome","Velvet Choker"],"picked":"Calling Bell"}],"items_purged_floors":[4,22,39],"is_endless":false,"potions_floor_spawned":[5,8,10,12,16,19,31,35,37,47,48],"ascension_level":9}}