{"host":"dmdprxj8bosbz96f","time":1609778539,"event":{"mods":["AchievementEnabler","BaseMod","Colored Map","DeckTracker","Minty Spire (QoL Compilation)","Quick Restart","SuperFastMode","everything is the same but u backflip on backflip"],"gold_per_floor":[119,47,67,67,81,81,113,113,113,113,126,126,141,11,11,11,11],"floor_reached":16,"playtime":478,"items_purged":["Defend_P"],"score":105,"play_id":"562ffef3-d82e-48bd-b2fe-7dfda1c8c5ae","local_time":"20210105014219","is_ascension_mode":true,"campfire_choices":[{"data":"Adaptation","floor":6.0,"key":"SMITH"},{"floor":8.0,"key":"REST"},{"floor":15.0,"key":"REST"}],"circlet_count":0,"master_deck":["Strike_P","Strike_P","Strike_P","Strike_P","Defend_P","Defend_P","Eruption","Vigilance","Adaptation+1","Purity"],"relics":["PureWater","NeowsBlessing","Ancient Tea Set","Blood Vial","The Courier"],"acts_visited":["Exordium"],"potions_floor_usage":[16],"damage_taken":[{"damage":0.0,"enemies":"Cultist","floor":1.0,"turns":1.0},{"damage":0.0,"enemies":"2 Louse","floor":3.0,"turns":1.0},{"damage":0.0,"enemies":"Small Slimes","floor":5.0,"turns":1.0},{"damage":36.0,"enemies":"Lagavulin","floor":7.0,"turns":5.0},{"damage":8.0,"enemies":"Blue Slaver","floor":11.0,"turns":3.0},{"damage":7.0,"enemies":"Exordium Wildlife","floor":13.0,"turns":4.0},{"damage":35,"enemies":"Slime Boss","floor":16,"turns":8}],"seed_played":"-3250119328389247427","potions_obtained":[{"floor":1.0,"key":"SteroidPotion"},{"floor":5.0,"key":"Ancient Potion"},{"floor":7.0,"key":"LiquidBronze"}],"is_trial":false,"path_per_floor":["M","$","M","T","M","R","E","R","T","?","M","?","M","$","R","B"],"character_chosen":"WATCHER","items_purchased":["Adaptation","Purity"],"campfire_rested":2,"item_purchase_floors":[2,14],"current_hp_per_floor":[72,72,72,72,72,72,36,57,57,57,51,51,46,46,67,34,34],"gold":11,"neow_bonus":"THREE_ENEMY_KILL","is_daily":false,"chose_seed":false,"campfire_upgraded":1,"win_rate":0.0,"timestamp":1609778539,"path_taken":["M","$","M","?","M","R","E","R","T","?","M","?","M","?","R","BOSS"],"items_purchased_type":["Card","Card"],"build_version":"2020-12-22","purchased_purges":1,"victory":false,"max_hp_per_floor":[72,72,72,72,72,72,72,72,72,72,72,72,72,72,72,72,72],"card_choices":[{"not_picked":["WheelKick","Meditate","CarveReality"],"picked":"SKIP","floor":1.0},{"not_picked":["FlyingSleeves","BattleHymn","SashWhip"],"picked":"SKIP","floor":3.0},{"not_picked":["FollowUp","ThirdEye","Wallop"],"picked":"SKIP","floor":5.0},{"not_picked":["EmptyBody","Halt","DeceiveReality"],"picked":"SKIP","floor":7.0},{"not_picked":["CarveReality","Evaluate","FlurryOfBlows"],"picked":"SKIP","floor":11.0},{"not_picked":["Evaluate","Prostrate","CutThroughFate"],"picked":"SKIP","floor":13.0}],"player_experience":127532,"relics_obtained":[{"floor":4.0,"key":"Ancient Tea Set"},{"floor":7.0,"key":"Blood Vial"},{"floor":9.0,"key":"The Courier"}],"event_choices":[{"cards_removed":["Defend_P"],"damage_healed":0.0,"max_hp_gain":0.0,"max_hp_loss":0.0,"gold_gain":0.0,"event_name":"Living Wall","player_choice":"Forget","floor":10.0,"gold_loss":0.0,"damage_taken":0.0},{"damage_healed":0.0,"max_hp_gain":0.0,"max_hp_loss":0.0,"gold_gain":0.0,"event_name":"Dead Adventurer","player_choice":"Searched \u00270\u0027 times","floor":12.0,"gold_loss":0.0,"damage_taken":0.0}],"is_beta":false,"boss_relics":[],"items_purged_floors":[14],"is_endless":false,"potions_floor_spawned":[1,5,7],"killed_by":"Slime Boss","ascension_level":1}}