{"host":"474oh00kq6ni8dn3","time":1609779193,"event":{"mods":["AchievementEnabler","Aspiration","BaseMod","Bestiary","Colored Map","Colored Powertips","Conspire","Custom Start","Defuse TimeMaze Blight","Downfall","Duelist Mod","GifTheSpireLib","Googly Eyes","GungeonMod","Halation","Hubris","Infinite Spire","Jedi Mod","Minty Spire (QoL Compilation)","Permanent Neow","Quick Restart","Random Character Button","Replay The Spire","Shop Mod","StSLib","Stuff the Spire","The Construct","The Factory","The Jungle","Trackpad","Unceasing Turn Reminder","vexMod"],"gold_per_floor":[141,153,165,165,90,110,129,129,152,166,166,184,184,197,197,300,300,310,310,325,373,392,392,404,404,404,404,415,230,372,392,392,495,495,515,113,127,141,141,141,141,141,218,234,269,279,279,306,306,306],"floor_reached":51,"playtime":5560,"items_purged":["theDuelist:VampireCurse"],"score":928,"play_id":"5e93b805-56e0-4b46-831e-c0534cf06042","local_time":"20210104165313","is_ascension_mode":false,"campfire_choices":[{"data":"theDuelist:GridRod","floor":11.0,"key":"SMITH"},{"data":"theDuelist:RainbowBridge","floor":13.0,"key":"SMITH"},{"data":"theDuelist:Polymerization","floor":15.0,"key":"SMITH"},{"data":"theDuelist:MythicalBeast","floor":23.0,"key":"SMITH"},{"data":"ReplayTheSpireMod:Chaos Vortex","floor":25.0,"key":"SMITH"},{"data":"theDuelist:WormKing","floor":32.0,"key":"SMITH"},{"data":"theDuelist:ObeliskTormentor","floor":41,"key":"SMITH"},{"data":"hubris:DuctTapeCard","floor":47,"key":"SMITH"},{"data":"hubris:DuctTapeCard+2","floor":49,"key":"SMITH"}],"circlet_count":0,"master_deck":["theDuelist:CoreBlaster","theDuelist:MillenniumShield","theDuelist:GiantSoldier","ReplayTheSpireMod:Chaos Vortex+1","theDuelist:FinalFlame","theDuelist:Sparks+1","theDuelist:DokiDoki","theDuelist:GiantSoldier","Master of Strategy+1","theDuelist:RainbowBridge+1","theDuelist:CastleWalls","theDuelist:GridRod+1","theDuelist:BeaverWarrior","theDuelist:CastleWalls","theDuelist:ScrapFactory","theDuelist:WormWarlord","theDuelist:Sparks","theDuelist:KamionTimelord","theDuelist:FusionWeapon","theDuelist:MythicalBeast+1","theDuelist:WormKing+1","theDuelist:HappyLover+1","theDuelist:SwordsConcealing","theDuelist:StormingMirrorForce","theDuelist:ObeliskTormentor+1","hubris:DuctTapeCard+3","theDuelist:HappyLover+1","theDuelist:YamiForm+1","theDuelist:DokiDoki+1","theDuelist:AmuletAmbition"],"relics":["theDuelist:MillenniumPuzzle","DemoMod:GlassGuonStoneRelic","theDuelist:MillenniumRod","construct:ClawGrip","Champion Belt","aspiration:DSix","Vajra","theJungle:Creamberry","MerchantsRug","infinitespire:CheckeredPen","Busted Crown","Anchor","hubris:Icosahedron","hubris:Towel","hubris:DuctTape","CaptainsWheel","trackpad:ByrdBGone"],"acts_visited":["Exordium","Exordium","theJungle:Jungle"],"potions_floor_usage":[50,50,50],"damage_taken":[{"damage":0.0,"enemies":"Cultist","floor":1.0,"turns":3.0},{"damage":0.0,"enemies":"conspire:RoseBush","floor":2.0,"turns":3.0},{"damage":0.0,"enemies":"Small Slimes","floor":3.0,"turns":3.0},{"damage":0.0,"enemies":"Blue Slaver","floor":6.0,"turns":4.0},{"damage":0.0,"enemies":"Gremlin Gang","floor":7.0,"turns":5.0},{"damage":0.0,"enemies":"3 Louse","floor":10.0,"turns":3.0},{"damage":0.0,"enemies":"Looter","floor":12.0,"turns":2.0},{"damage":0.0,"enemies":"Large Slime","floor":14.0,"turns":4.0},{"damage":0.0,"enemies":"The Guardian","floor":16.0,"turns":13.0},{"damage":0.0,"enemies":"Shell Parasite","floor":18.0,"turns":5.0},{"damage":0.0,"enemies":"theJungle:GiantWrat","floor":20.0,"turns":4.0},{"damage":0.0,"enemies":"theJungle:GiantWrat","floor":21.0,"turns":11.0},{"damage":0.0,"enemies":"theJungle:SlimyTreeVines","floor":22.0,"turns":5.0},{"damage":0.0,"enemies":"theJungle:Lyon","floor":24.0,"turns":3.0},{"damage":0.0,"enemies":"theJungle:JungleHuntersEncounter","floor":28.0,"turns":5.0},{"damage":0.0,"enemies":"theJungle:2_Snecko_Cultists","floor":31.0,"turns":4.0},{"damage":0.0,"enemies":"theJungle:TotemBoss","floor":33.0,"turns":7.0},{"damage":0.0,"enemies":"theFactory:4_Mini-Bots","floor":35.0,"turns":5.0},{"damage":0.0,"enemies":"theFactory:BigBot","floor":37.0,"turns":5.0},{"damage":0,"enemies":"theFactory:Personnel_and_Mini-Bots","floor":38,"turns":5},{"damage":0,"enemies":"theFactory:ShrapnelTosser","floor":44,"turns":5},{"damage":0,"enemies":"theFactory:SmogElemental","floor":45,"turns":5},{"damage":0,"enemies":"theFactory:Personnel_and_Big_Bot","floor":46,"turns":5},{"damage":0,"enemies":"theFactory:DrinkBrewer","floor":48,"turns":6},{"damage":0,"enemies":"theFactory:Experiment01","floor":50,"turns":10}],"seed_played":"3279002258559414691","potions_obtained":[{"floor":1.0,"key":"Dexterity Potion"},{"floor":12.0,"key":"champ:CounterPotion"},{"floor":16.0,"key":"Ancient Potion"},{"floor":22.0,"key":"theDuelist:SealedPackC"},{"floor":24.0,"key":"theDuelist:LavaBottle"},{"floor":37.0,"key":"BlessingOfTheForge"}],"is_trial":false,"path_per_floor":["M","M","M","?","$","M","M","?","T","M","R","M","R","M","R","B",null,"M","?","M","?","M","R","M","R","T","?","M","?","$","M","R","B",null,"M","$","M","M","?","?","R","?","T","M","E","M","R","E","R","B",null],"character_chosen":"THE_DUELIST","items_purchased":["MerchantsRug","infinitespire:CheckeredPen","theDuelist:WormKing","Anchor","theDuelist:StormingMirrorForce","theDuelist:ObeliskTormentor"],"campfire_rested":0,"item_purchase_floors":[30,30,30,36,36,36],"current_hp_per_floor":[72,72,72,72,72,72,72,58,58,58,58,58,58,58,58,58,72,72,54,54,54,59,59,59,59,59,59,59,59,59,59,59,59,72,72,72,72,72,72,72,72,72,72,72,72,72,72,72,72,72],"gold":306,"neow_bonus":"RANDOM_COLORLESS_2","is_daily":false,"chose_seed":false,"campfire_upgraded":9,"win_rate":0.0,"timestamp":1609779193,"path_taken":["M","M","M","?","$","M","M","?","T","M","R","M","R","M","R","BOSS","M","?","M","?","M","R","?","R","T","?","M","?","$","M","R","BOSS","M","$","M","M","?","?","R","?","T","?","E","M","R","E","R","BOSS"],"items_purchased_type":["Relic","Relic","Card","Relic","Card","Card"],"build_version":"2020-12-22","purchased_purges":1,"victory":true,"max_hp_per_floor":[72,72,72,72,72,72,72,72,72,72,72,72,72,72,72,72,72,72,72,72,72,72,72,72,72,72,72,72,72,72,72,72,72,72,72,72,72,72,72,72,72,72,72,72,72,72,72,72,72,72],"card_choices":[{"not_picked":["DemoMod:Invincible","Sadistic Nature"],"picked":"Master of Strategy","floor":0.0},{"not_picked":["theDuelist:LightningVortex","theDuelist:BlockGolem","theDuelist:FutureFusion","theDuelist:CastleDarkIllusions"],"picked":"theDuelist:DokiDoki","floor":1.0},{"not_picked":["theDuelist:SevenCompleted","theDuelist:Mathematician"],"picked":"theDuelist:MillenniumShield","floor":2.0},{"not_picked":["theDuelist:ImperialOrder","theDuelist:GravityAxe","theDuelist:Electrowhip","theDuelist:ElectromagneticShield"],"picked":"theDuelist:GridRod","floor":3.0},{"not_picked":["theDuelist:CombinationAttack","theDuelist:AfterTheStorm","theDuelist:WhiteMagicalHat","theDuelist:Tuningware","theDuelist:BigKoala"],"picked":"SKIP","floor":6.0},{"not_picked":["theDuelist:GaiaMidNightSun","theDuelist:GraniteLoyalist","theDuelist:WingedKuriboh","theDuelist:BigFire"],"picked":"theDuelist:WormWarlord","floor":7.0},{"not_picked":["theDuelist:BigFire","theDuelist:SilverApples","theDuelist:RainbowNeos","theDuelist:Invigoration","theDuelist:WormApocalypse"],"picked":"SKIP","floor":10.0},{"not_picked":["theDuelist:FuryFire","theDuelist:Sangan","theDuelist:OneForOne","theDuelist:PurplePainOni"],"picked":"theDuelist:RainbowBridge","floor":12.0},{"not_picked":["theDuelist:Sangan","theDuelist:DarkCreator","theDuelist:FuryFire","theDuelist:EvilswarmHeliotrope"],"picked":"theDuelist:Polymerization","floor":14.0},{"not_picked":["theDuelist:YamiForm","theDuelist:Wildfire","theDuelist:LightningBlade","theDuelist:GridRod"],"picked":"theDuelist:AmuletAmbition","floor":16.0},{"not_picked":["theDuelist:CoreBlaster","theDuelist:Eva+1","theDuelist:RainbowNeos","theDuelist:OnslaughtFireKings","theDuelist:WhiteHowling+1"],"picked":"SKIP","floor":18.0},{"not_picked":["infinitespire:Oblivion","infinitespire:Collect"],"picked":"ReplayTheSpireMod:Chaos Vortex","floor":19.0},{"not_picked":["theDuelist:RainbowNeos","theDuelist:HappyLover","theDuelist:Eva","theDuelist:RainbowOverdragon"],"picked":"theDuelist:KamionTimelord","floor":20.0},{"not_picked":["theDuelist:SpellShatteringArrow","theDuelist:CombinationAttack","theDuelist:MagnumShield","theDuelist:EgoBoost"],"picked":"theDuelist:FusionWeapon","floor":21.0},{"not_picked":["theDuelist:DarkFactory","theDuelist:BigKoala","theDuelist:PotDuality","theDuelist:AfterGenocide"],"picked":"theDuelist:MythicalBeast","floor":22.0},{"not_picked":["theDuelist:Hinotama+1","theDuelist:BigFire","theDuelist:PowerKaishin","theDuelist:MagnumShield","theDuelist:Sangan"],"picked":"SKIP","floor":24.0},{"not_picked":["theDuelist:CoreBlaster","theDuelist:BigFire","theDuelist:SpiritHarp","theDuelist:FluteKuriboh","theDuelist:MiracleFertilizer"],"picked":"SKIP","floor":28.0},{"not_picked":["theDuelist:RainbowNeos+1","theDuelist:KamionTimelord","theDuelist:Eva","theDuelist:Blockman"],"picked":"theDuelist:HappyLover+1","floor":31.0},{"not_picked":["theDuelist:SevenCompleted","theDuelist:InstantFusion","theDuelist:FeatherShot","theDuelist:Mathematician"],"picked":"theDuelist:SwordsConcealing","floor":33.0},{"not_picked":["theDuelist:RainbowNeos+1"],"picked":"SKIP","floor":35.0},{"not_picked":["theDuelist:MeteorDestruction"],"picked":"SKIP","floor":37.0},{"not_picked":["theDuelist:AfterTheStorm"],"picked":"SKIP","floor":38},{"not_picked":[],"picked":"theDuelist:HappyLover+1","floor":44},{"not_picked":["theDuelist:FeatherShot+2","theDuelist:Mathematician"],"picked":"theDuelist:YamiForm+1","floor":45},{"not_picked":[],"picked":"theDuelist:DokiDoki+1","floor":46},{"not_picked":[],"picked":"theDuelist:AmuletAmbition","floor":48}],"player_experience":65526,"relics_obtained":[{"floor":9.0,"key":"Orichalcum"},{"floor":21.0,"key":"Champion Belt"},{"floor":21.0,"key":"infinitespire:Magic Flask"},{"floor":21.0,"key":"aspiration:DSix"},{"floor":26.0,"key":"Vajra"},{"floor":43,"key":"hubris:DuctTape"},{"floor":45,"key":"CaptainsWheel"},{"floor":48,"key":"trackpad:ByrdBGone"}],"event_choices":[{"damage_healed":0.0,"max_hp_gain":0.0,"max_hp_loss":0.0,"gold_gain":0.0,"event_name":"Millennium Items","player_choice":"Took item - Received: Millennium Rod","duelist":true,"floor":4.0,"gold_loss":0.0,"damage_taken":0.0},{"damage_healed":0.0,"max_hp_gain":0.0,"max_hp_loss":0.0,"gold_gain":0.0,"event_name":"Shining Light","player_choice":"Entered Light","floor":8.0,"gold_loss":0.0,"damage_taken":14.0,"cards_upgraded":["Master of Strategy","theDuelist:Sparks"]},{"damage_healed":0.0,"max_hp_gain":0.0,"max_hp_loss":0.0,"gold_gain":0.0,"event_name":"Battle City","player_choice":"Fight","duelist":true,"floor":21.0,"gold_loss":0.0,"damage_taken":0.0},{"damage_healed":0.0,"max_hp_gain":0.0,"max_hp_loss":0.0,"gold_gain":0.0,"event_name":"Card Trader","player_choice":"Traded Beaver Warrior for Core Blaster","duelist":true,"floor":27.0,"gold_loss":0.0,"damage_taken":0.0},{"damage_healed":0,"gold_gain":0,"player_choice":"Leave","duelist":true,"damage_taken":0,"max_hp_gain":0,"max_hp_loss":0,"event_name":"Tomb of the Nameless","floor":42,"gold_loss":0}],"is_beta":false,"boss_relics":[{"not_picked":["halation:Prosthetics","Velvet Choker"],"picked":"construct:ClawGrip"},{"not_picked":["Fusion Hammer","aspiration:SilentSkillbook"],"picked":"Busted Crown"}],"items_purged_floors":[5],"is_endless":false,"potions_floor_spawned":[1,12,16,22,24,28,31,37,45],"ascension_level":0}}