{"host":"h4lp0eeso8a0ssq0","time":1609751247,"event":{"mods":["2.2 Compatiblity","AchievementEnabler","BaseMod","CapriCore","Colored Map","Minty Spire (QoL Compilation)","StSLib","SuperFastMode"],"gold_per_floor":[112,112,126,51,63,98,98,123,204,204,215,58,89,100,100,204,204,215,230,264,21,37,71,71,84,84,109,122,122,122,141,141,246,246,256,54,54,104,104,129,146,146,146,146,166,116,132,161,161,161,161,161,42,69,69,69],"floor_reached":55,"playtime":1761,"items_purged":["Strike_R","Strike_R","Strike_R","Shame","Strike_R"],"score":760,"play_id":"491a4e73-127f-443d-978e-9feeda99e5eb","local_time":"20210104180727","is_ascension_mode":false,"campfire_choices":[{"data":"Bash","floor":7.0,"key":"SMITH"},{"data":"Spot Weakness","floor":10.0,"key":"SMITH"},{"data":"Berserk","floor":15.0,"key":"SMITH"},{"floor":24.0,"key":"REST"},{"data":"Whirlwind","floor":32.0,"key":"SMITH"},{"floor":42.0,"key":"RECALL"},{"data":"Sword Boomerang","floor":49.0,"key":"SMITH"},{"data":"Sword Boomerang","floor":52.0,"key":"SMITH"}],"circlet_count":0,"master_deck":["Defend_R","Defend_R","Defend_R","Defend_R","Bash+1","Headbutt","Inflame","Spot Weakness+1","Sword Boomerang+1","Heavy Blade+1","Berserk+1","Feed","Pummel","True Grit+1","Sword Boomerang","Pummel","Whirlwind+1","Double Tap+1","Clothesline+1","Sword Boomerang+1","Pummel"],"relics":["Burning Blood","NeowsBlessing","Gambling Chip","Bag of Preparation","Pantograph","Bag of Marbles","Pen Nib","Cursed Key","Red Mask","Juzu Bracelet","Happy Flower","Smiling Mask","Nilry\u0027s Codex","Busted Crown","ClockworkSouvenir","Champion Belt","InkBottle","Omamori","Red Skull"],"acts_visited":["Exordium","TheCity","TheBeyond","TheEnding"],"potions_floor_usage":[55,55],"damage_taken":[{"damage":0.0,"enemies":"Cultist","floor":1.0,"turns":1.0},{"damage":0.0,"enemies":"Small Slimes","floor":3.0,"turns":1.0},{"damage":0.0,"enemies":"2 Louse","floor":5.0,"turns":1.0},{"damage":21.0,"enemies":"3 Sentries","floor":6.0,"turns":6.0},{"damage":28.0,"enemies":"Gremlin Nob","floor":8.0,"turns":4.0},{"damage":13.0,"enemies":"Lots of Slimes","floor":11.0,"turns":3.0},{"damage":18.0,"enemies":"Lagavulin","floor":13.0,"turns":3.0},{"damage":7.0,"enemies":"Blue Slaver","floor":14.0,"turns":2.0},{"damage":35.0,"enemies":"Hexaghost","floor":16.0,"turns":6.0},{"damage":14.0,"enemies":"Spheric Guardian","floor":18.0,"turns":4.0},{"damage":5.0,"enemies":"Chosen","floor":19.0,"turns":2.0},{"damage":20.0,"enemies":"Masked Bandits","floor":20.0,"turns":3.0},{"damage":17.0,"enemies":"Centurion and Healer","floor":22.0,"turns":3.0},{"damage":40.0,"enemies":"Slavers","floor":23.0,"turns":6.0},{"damage":20.0,"enemies":"Chosen and Byrds","floor":25.0,"turns":6.0},{"damage":8.0,"enemies":"Book of Stabbing","floor":27.0,"turns":2.0},{"damage":0.0,"enemies":"Cultist and Chosen","floor":28.0,"turns":4.0},{"damage":13.0,"enemies":"Snecko","floor":31.0,"turns":3.0},{"damage":7.0,"enemies":"Collector","floor":33.0,"turns":6.0},{"damage":0.0,"enemies":"Orb Walker","floor":35.0,"turns":1.0},{"damage":22.0,"enemies":"Mind Bloom Boss Battle","floor":38.0,"turns":6.0},{"damage":17.0,"enemies":"Reptomancer","floor":40.0,"turns":3.0},{"damage":5.0,"enemies":"3 Shapes","floor":41.0,"turns":5.0},{"damage":0.0,"enemies":"Transient","floor":45.0,"turns":5.0},{"damage":6.0,"enemies":"Writhing Mass","floor":47.0,"turns":2.0},{"damage":23.0,"enemies":"Nemesis","floor":48.0,"turns":3.0},{"damage":49.0,"enemies":"Time Eater","floor":50.0,"turns":7.0},{"damage":6.0,"enemies":"Shield and Spear","floor":54.0,"turns":2.0},{"damage":136,"enemies":"The Heart","floor":55,"turns":6}],"seed_played":"-1429072501510598237","potions_obtained":[{"floor":5.0,"key":"SteroidPotion"},{"floor":6.0,"key":"PowerPotion"},{"floor":13.0,"key":"FearPotion"},{"floor":14.0,"key":"BloodPotion"},{"floor":23.0,"key":"PowerPotion"},{"floor":25.0,"key":"BloodPotion"},{"floor":27.0,"key":"DuplicationPotion"},{"floor":41.0,"key":"Fruit Juice"},{"floor":47.0,"key":"Regen Potion"}],"is_trial":false,"path_per_floor":["M","?","M","$","M","E","R","E","T","R","M","$","E","M","R","B",null,"M","M","?","$","M","E","R","M","T","E","M","?","?","M","R","B",null,"M","$","T","?","?","E","M","R","T","?","M","$","M","E","R","B",null,"R","$","E","B"],"character_chosen":"IRONCLAD","items_purchased":["Bag of Marbles","Juzu Bracelet","ClockworkSouvenir","Pummel"],"campfire_rested":1,"item_purchase_floors":[12,21,36,53],"current_hp_per_floor":[80,73,79,79,80,65,65,43,43,43,36,36,24,23,23,19,80,72,76,65,65,57,26,53,57,57,73,82,66,66,59,59,83,95,95,95,95,82,82,71,80,80,80,80,86,86,86,69,69,51,106,106,106,106,0,0],"gold":69,"neow_bonus":"THREE_ENEMY_KILL","is_daily":false,"chose_seed":false,"campfire_upgraded":6,"win_rate":0.0,"timestamp":1609751247,"path_taken":["M","?","M","$","M","E","R","E","T","R","M","$","E","M","R","BOSS","M","M","?","$","M","E","R","M","T","E","M","?","?","M","R","BOSS","M","$","?","?","?","E","M","R","T","?","M","$","M","E","R","BOSS","R","$","E","BOSS"],"items_purchased_type":["Relic","Relic","Relic","Card"],"build_version":"2020-12-22","purchased_purges":5,"victory":false,"max_hp_per_floor":[80,80,80,80,80,80,80,80,80,80,80,80,80,80,80,80,80,80,83,86,86,89,92,92,92,92,92,95,95,95,95,95,95,95,95,95,95,98,98,98,106,106,106,106,106,106,106,106,106,106,106,106,106,106,106,106],"card_choices":[{"not_picked":["Warcry","Sentinel"],"picked":"Headbutt","floor":1.0},{"not_picked":["Dropkick","Infernal Blade"],"picked":"Inflame","floor":3.0},{"not_picked":["Dark Embrace","Infernal Blade"],"picked":"Spot Weakness","floor":5.0},{"not_picked":["Cleave","Dropkick"],"picked":"Sword Boomerang","floor":6.0},{"not_picked":["Seeing Red","Clash","Flex"],"picked":"SKIP","floor":8.0},{"not_picked":["Twin Strike","Dual Wield"],"picked":"Heavy Blade","floor":11.0},{"not_picked":["Iron Wave","Flex","Feel No Pain"],"picked":"SKIP","floor":13.0},{"not_picked":["Perfected Strike","Rupture"],"picked":"Berserk","floor":14.0},{"not_picked":["Demon Form","Reaper"],"picked":"Feed","floor":16.0},{"not_picked":["Flame Barrier","Spot Weakness"],"picked":"Pummel","floor":18.0},{"not_picked":["Body Slam","Warcry"],"picked":"True Grit+1","floor":19.0},{"not_picked":["Second Wind","Wild Strike"],"picked":"Disarm","floor":20.0},{"not_picked":["Body Slam+1","Havoc","True Grit"],"picked":"SKIP","floor":22.0},{"not_picked":["Dark Embrace","Feel No Pain+1"],"picked":"Sword Boomerang","floor":23.0},{"not_picked":["Twin Strike+1","Bloodletting","Carnage"],"picked":"SKIP","floor":25.0},{"not_picked":["Spot Weakness","True Grit"],"picked":"Pummel","floor":27.0},{"not_picked":["Second Wind+1","Cleave+1","Infernal Blade"],"picked":"SKIP","floor":28.0},{"not_picked":["Pommel Strike+1","Perfected Strike"],"picked":"Whirlwind","floor":31.0},{"not_picked":["Exhume","Barricade"],"picked":"Double Tap","floor":33.0},{"not_picked":[],"picked":"Clothesline+1","floor":35.0},{"not_picked":["Iron Wave+1"],"picked":"SKIP","floor":40.0},{"not_picked":["Rage+1"],"picked":"SKIP","floor":41.0},{"not_picked":["Carnage+1"],"picked":"SKIP","floor":45.0},{"not_picked":[],"picked":"Sword Boomerang","floor":47.0},{"not_picked":["Cleave+1"],"picked":"SKIP","floor":48.0},{"not_picked":["True Grit"],"picked":"SKIP","floor":54.0}],"player_experience":52490,"relics_obtained":[{"floor":6.0,"key":"Gambling Chip"},{"floor":8.0,"key":"Bag of Preparation"},{"floor":9.0,"key":"Pantograph"},{"floor":13.0,"key":"Pen Nib"},{"floor":20.0,"key":"Red Mask"},{"floor":23.0,"key":"Happy Flower"},{"floor":27.0,"key":"Smiling Mask"},{"floor":29.0,"key":"Nilry\u0027s Codex"},{"floor":38.0,"key":"Champion Belt"},{"floor":40.0,"key":"InkBottle"},{"floor":48.0,"key":"Omamori"},{"floor":54.0,"key":"Red Skull"}],"event_choices":[{"cards_removed":["Strike_R"],"damage_healed":0.0,"max_hp_gain":0.0,"max_hp_loss":0.0,"gold_gain":0.0,"event_name":"Golden Wing","player_choice":"Card Removal","floor":2.0,"gold_loss":0.0,"damage_taken":7.0},{"damage_healed":0.0,"max_hp_gain":0.0,"max_hp_loss":0.0,"gold_gain":0.0,"event_name":"Masked Bandits","player_choice":"Fought Bandits","floor":20.0,"gold_loss":0.0,"damage_taken":0.0},{"damage_healed":0.0,"max_hp_gain":0.0,"max_hp_loss":0.0,"gold_gain":0.0,"event_name":"Cursed Tome","player_choice":"Obtained Book","floor":29.0,"gold_loss":0.0,"damage_taken":16.0},{"damage_healed":0.0,"max_hp_gain":0.0,"max_hp_loss":0.0,"gold_gain":0.0,"event_name":"Upgrade Shrine","player_choice":"Upgraded","floor":30.0,"gold_loss":0.0,"damage_taken":0.0,"cards_upgraded":["Heavy Blade"]},{"damage_healed":0.0,"max_hp_gain":0.0,"max_hp_loss":0.0,"gold_gain":0.0,"event_name":"MindBloom","player_choice":"Fight","floor":38.0,"gold_loss":0.0,"damage_taken":0.0},{"cards_removed":["Disarm"],"damage_healed":0.0,"max_hp_gain":0.0,"max_hp_loss":0.0,"gold_gain":0.0,"event_name":"Falling","player_choice":"Removed Skill","floor":39.0,"gold_loss":0.0,"damage_taken":0.0},{"damage_healed":0.0,"max_hp_gain":0.0,"max_hp_loss":0.0,"gold_gain":0.0,"event_name":"Upgrade Shrine","player_choice":"Upgraded","floor":44.0,"gold_loss":0.0,"damage_taken":0.0,"cards_upgraded":["Double Tap"]}],"is_beta":false,"boss_relics":[{"not_picked":["Runic Dome","Runic Cube"],"picked":"Cursed Key"},{"not_picked":["SlaversCollar","Pandora\u0027s Box"],"picked":"Busted Crown"}],"items_purged_floors":[4,21,36,46,53],"is_endless":false,"potions_floor_spawned":[5,6,13,14,16,18,19,23,25,27,35,41,47],"killed_by":"The Heart","ascension_level":0}}