{"host":"vm8b3ptwl81uq21f","time":1609785628,"event":{"mods":["Aspiration","BaseMod","BetterRewards","Colored Map","Colored Powertips","Downfall","GifTheSpireLib","Googly Eyes","GungeonMod","Halation","Hubris","Infinite Spire","Minty Spire (QoL Compilation)","Quick Restart","Rare Cards Sparkle","Replay The Spire","Shop Mod","StSLib","Stuff the Spire","The Bug Knight","The IronCluck","[IsaacMod]????"],"gold_per_floor":[116,116,116,16,130,130,156,156,197,267,267,298,298,316,316,417,417,427,427,427,427,460,490,490,506,506,525,525,554,564,102,102,206,206,225,247,247,271,283,283,300,300,326,326,326,340,340,59,59,60],"floor_reached":51,"playtime":2534,"items_purged":["DemoMod:CrossBow","DemoMod:Strike_Huntress","DemoMod:Strike_Huntress","DemoMod:RustySidearm","DemoMod:Defend_Huntress","hexamod:NightmareStrike"],"score":875,"play_id":"8f8762e0-b82f-470d-82a2-006be3f36fac","local_time":"20210104134028","is_ascension_mode":false,"campfire_choices":[{"data":"StuffTheSpire:Innocence","floor":6,"key":"SMITH"},{"data":"DemoMod:Defend_Huntress","floor":11,"key":"PURGE"},{"data":"DemoMod:TableSutra","floor":15,"key":"SMITH"},{"data":"DemoMod:Strike_Huntress","floor":24,"key":"PURGE"},{"data":"hubris:InfiniteBlow+10","floor":32,"key":"SMITH"},{"data":"hubris:InfiniteBlow+11","floor":40,"key":"SMITH"},{"data":"hubris:InfiniteBlow+12","floor":42,"key":"SMITH"},{"data":"hubris:InfiniteBlow+13","floor":44,"key":"SMITH"},{"data":"hubris:InfiniteBlow+14","floor":49,"key":"SMITH"}],"circlet_count":0,"master_deck":["DemoMod:Roll","DemoMod:ManualReload","DemoMod:FastSwitch","Master of Strategy","DemoMod:BattleInHaste","StuffTheSpire:Innocence+1","DemoMod:FortunesFavor+1","DemoMod:HardPowerCard","DemoMod:SniperShot","DemoMod:TableSutra+1","DemoMod:ConditionalReflex","DemoMod:BSG","DemoMod:HardPowerCard","expansioncontent:ChargeUp","expansioncontent:Corrupt","hubris:InfiniteBlow+15"],"relics":["DemoMod:Dog","HushsDoor","SteamSale","StuffTheSpire:HeavyRock","Replay:WaspNest","HandDrill","Pondfish Scales","DemoMod:GnawedKey","Peace Pipe","hubris:Icosahedron","ReplayTheSpireMod:TigerMarble","Sundial","DemoMod:MeltedRock","Bottled Tornado","halation:LoveArrow","Nilry\u0027s Codex","Omamori","halation:AfternoonTea","infinitespire:WardingShard","halation:EternalFortune","PrismaticShard","InkBottle","MerchantsRug","halation:IllGainedPizza","DemoMod:GlassGuonStoneRelic","aspiration:PoetsPen_weak","Succubus","hubris:Towel","StuffTheSpire:Mouthbags","halation:PapillonHeart","infinitespire:PuzzleCube","Vajra"],"acts_visited":["Exordium","TheCity","TheBeyond"],"potions_floor_usage":[48],"damage_taken":[{"damage":0,"enemies":"Jaw Worm","floor":1,"turns":4},{"damage":0,"enemies":"Small Slimes","floor":5,"turns":5},{"damage":0,"enemies":"3 Sentries","floor":7,"turns":19},{"damage":0,"enemies":"2 Louse","floor":9,"turns":6},{"damage":0,"enemies":"Lagavulin","floor":12,"turns":10},{"damage":0,"enemies":"2 Louse","floor":14,"turns":2},{"damage":11,"enemies":"Slime Boss","floor":16,"turns":16},{"damage":0,"enemies":"Chosen","floor":18,"turns":4},{"damage":0,"enemies":"Spheric Guardian","floor":22,"turns":2},{"damage":0,"enemies":"Slavers","floor":23,"turns":3},{"damage":0,"enemies":"Snecko","floor":25,"turns":2},{"damage":0,"enemies":"Centurion and Healer","floor":27,"turns":3},{"damage":0,"enemies":"Sentry and Sphere","floor":29,"turns":20},{"damage":0,"enemies":"Chosen and Byrds","floor":30,"turns":2},{"damage":15,"enemies":"hubris:MusketHawk","floor":33,"turns":5},{"damage":0,"enemies":"Orb Walker","floor":35,"turns":1},{"damage":0,"enemies":"3 Darklings","floor":36,"turns":3},{"damage":0,"enemies":"Spire Growth","floor":38,"turns":2},{"damage":0,"enemies":"Sphere and 2 Shapes","floor":39,"turns":2},{"damage":0,"enemies":"Writhing Mass","floor":41,"turns":1},{"damage":0,"enemies":"Transient","floor":46,"turns":5},{"damage":0,"enemies":"Replay:Hell Engine","floor":50,"turns":2}],"seed_played":"1466190746254227092","potions_obtained":[{"floor":12,"key":"Reflective Coating"},{"floor":14,"key":"Languid Potion"},{"floor":16,"key":"GamblersBrew"}],"is_trial":false,"path_per_floor":["M","?","?","$","M","R","E","?","T","T","R","E","?","M","R","B",null,"M","?","?","AVR","M","E","R","M","T","M","?","M","M","$","R","B",null,"M","M","?","M","M","R","M","R","T","R","?","M","?","$","R","B",null],"character_chosen":"HUNTRESS","items_purchased":["StuffTheSpire:HeavyRock","Replay:WaspNest","HandDrill","DemoMod:FastSwitch","Master of Strategy","DemoMod:GnawedKey","DemoMod:FortunesFavor+1","DemoMod:HardPowerCard","PrismaticShard","InkBottle","expansioncontent:ChargeUp","MerchantsRug","halation:IllGainedPizza","Succubus","infinitespire:PuzzleCube","Vajra","Fruit Juice","Energy Potion"],"campfire_rested":0,"item_purchase_floors":[0,0,0,0,0,0,4,4,31,31,31,31,31,34,48,48,48,48],"current_hp_per_floor":[40,40,33,33,33,33,33,33,33,33,33,33,26,26,26,15,70,70,54,54,54,54,54,54,54,54,54,57,57,65,65,65,53,56,56,56,56,56,56,56,56,56,56,56,56,56,53,58,58,58],"gold":60,"neow_bonus":"","is_daily":false,"chose_seed":false,"campfire_upgraded":7,"win_rate":0.0,"timestamp":1609785628,"path_taken":["M","?","?","$","M","R","E","?","T","?","R","E","?","M","R","BOSS","M","?","?","AVR","M","E","R","M","T","M","?","M","M","$","R","BOSS","M","M","?","M","M","R","M","R","T","R","?","M","?","$","R","BOSS"],"items_purchased_type":["Relic","Relic","Relic","Card","Card","Relic","Card","Card","Relic","Relic","Card","Relic","Relic","Relic","Relic","Relic","Potion","Potion"],"build_version":"2020-12-22","purchased_purges":6,"victory":true,"max_hp_per_floor":[70,70,70,70,70,70,70,70,70,70,70,70,70,70,70,70,70,70,70,70,70,70,70,70,70,70,70,73,73,73,73,73,76,56,56,56,56,56,56,56,56,56,56,56,56,56,53,58,58,58],"card_choices":[{"not_picked":["DemoMod:HuntsMan","DemoMod:GunShield"],"picked":"DemoMod:BattleInHaste","floor":1},{"not_picked":["DemoMod:BoxingGlove","DemoMod:CombinedRifle"],"picked":"DemoMod:SniperShot","floor":5},{"not_picked":["DemoMod:ShadowBullets","DemoMod:FastSwitch"],"picked":"DemoMod:TableSutra","floor":7},{"not_picked":["DemoMod:Rummage","DemoMod:ZorGun","DemoMod:BattleInHaste"],"picked":"SKIP","floor":9},{"not_picked":["DemoMod:Rummage","DemoMod:HuntsMan","DemoMod:DirectionalPad"],"picked":"SKIP","floor":12},{"not_picked":["DemoMod:DoubleSwitch","DemoMod:DirectionalPad"],"picked":"DemoMod:ConditionalReflex","floor":14},{"not_picked":["DemoMod:DarkMarker","DemoMod:SuppressiveFire"],"picked":"DemoMod:BSG","floor":16},{"not_picked":["DemoMod:ProbeStrike","DemoMod:JK47+1","DemoMod:GunstockTap"],"picked":"SKIP","floor":18},{"not_picked":["DemoMod:Unmoved","DemoMod:CombinedRifle","DemoMod:Desperate"],"picked":"SKIP","floor":22},{"not_picked":["DemoMod:Unmoved","DemoMod:StickyCrossBow","DemoMod:SAA"],"picked":"SKIP","floor":23},{"not_picked":["DemoMod:SniperShot+1","DemoMod:DirectionalPad","DemoMod:GunstockTap"],"picked":"SKIP","floor":25},{"not_picked":["DemoMod:SniperShot+1","DemoMod:TripleGun"],"picked":"DemoMod:HardPowerCard","floor":27},{"not_picked":["DemoMod:BattleInHaste+1","DemoMod:HuntsMan","DemoMod:StickyCrossBow"],"picked":"SKIP","floor":29},{"not_picked":["DemoMod:FinishedGun","DemoMod:GunstockTap+1","DemoMod:PracticeMakesPerfect"],"picked":"SKIP","floor":30},{"not_picked":["DemoMod:SAA","DemoMod:HighKaliber","DemoMod:CombinedRifle+1"],"picked":"SKIP","floor":30},{"not_picked":["StuffTheSpire:Recharge","HandOfGreed"],"picked":"expansioncontent:Corrupt","floor":33},{"not_picked":["sneckomod:UnknownWeak+1","hubris:CleavingFinish","hexamod:GhostLash+1"],"picked":"SKIP","floor":35},{"not_picked":["Deflect","Slimebound:Chomp+1","HollowMod:CornifersMapStart+1"],"picked":"SKIP","floor":36},{"not_picked":["sneckomod:DefensiveFlair","HollowMod:VengefulVoid","TalkToTheHand+1"],"picked":"SKIP","floor":38},{"not_picked":["HollowMod:CloakDash+1","Iron Wave+1"],"picked":"hexamod:NightmareStrike","floor":39},{"not_picked":["Slimebound:WasteNot","Guardian:CrystalBeam+1","sneckomod:CheapStock"],"picked":"SKIP","floor":41},{"not_picked":["StuffTheSpire:Pyroclast+1","champ:EnGarde+1","Streamline+1"],"picked":"SKIP","floor":46}],"player_experience":355329,"relics_obtained":[{"floor":7,"key":"ReplayTheSpireMod:TigerMarble"},{"floor":9,"key":"Sundial"},{"floor":10,"key":"DemoMod:MeltedRock"},{"floor":12,"key":"Bottled Tornado"},{"floor":19,"key":"Nilry\u0027s Codex"},{"floor":23,"key":"halation:AfternoonTea"},{"floor":26,"key":"infinitespire:WardingShard"},{"floor":33,"key":"halation:EternalFortune"},{"floor":43,"key":"StuffTheSpire:Mouthbags"}],"event_choices":[{"cards_removed":["DemoMod:Defend_Huntress"],"damage_healed":0,"gold_gain":0,"player_choice":"Card Removal","damage_taken":7,"max_hp_gain":0,"max_hp_loss":0,"event_name":"Golden Wing","floor":13,"gold_loss":0},{"damage_healed":0,"gold_gain":0,"player_choice":"Obtained Book","damage_taken":16,"max_hp_gain":0,"max_hp_loss":0,"event_name":"Cursed Tome","floor":19,"gold_loss":0}],"is_beta":false,"boss_relics":[{"not_picked":["halation:SmartPhone","halation:PinkAlligatorPlush"],"picked":"halation:LoveArrow"},{"not_picked":[]},{"not_picked":["aspiration:RunicSpoon","ChewingGum"],"picked":"aspiration:PoetsPen_weak"},{"not_picked":[]}],"items_purged_floors":[0,4,21,31,34,48],"is_endless":false,"potions_floor_spawned":[12,14,16,22,25,30,35,38],"ascension_level":0}}