{"host":"ffqn1azj9urswy62","time":1609766013,"event":{"mods":["BaseMod","Better Third Choice","Minty Spire (QoL Compilation)","StSLib"],"gold_per_floor":[117,130,205,91,104,104,104,128,128,151,151,172,172,191,191,311,311,326,326,46,46,46,46,46,84,84,84,108,144,144,157,157,287,287,305,368,437,437,437,437,477,493,493,513,536,536,555,555,555],"floor_reached":48,"playtime":3137,"items_purged":["Strike_G","Strike_G"],"score":568,"play_id":"a4e4829d-89a1-4c22-b963-3aa0eee6f0b5","local_time":"20210104081333","is_ascension_mode":true,"campfire_choices":[{"data":"Bouncing Flask","floor":6,"key":"SMITH"},{"data":"Noxious Fumes","floor":13,"key":"SMITH"},{"data":"Leg Sweep","floor":15,"key":"SMITH"},{"data":"Envenom","floor":23,"key":"SMITH"},{"data":"Backflip","floor":27,"key":"SMITH"},{"data":"Blur","floor":30,"key":"SMITH"},{"floor":32,"key":"RECALL"},{"data":"Noxious Fumes","floor":40,"key":"SMITH"},{"data":"Deadly Poison","floor":46,"key":"SMITH"}],"circlet_count":0,"master_deck":["Defend_G","Defend_G+1","Defend_G","Defend_G","Survivor+1","Neutralize","Bouncing Flask+1","Noxious Fumes+1","Burst","Leg Sweep+1","Envenom+1","Blur+1","PiercingWail","Backflip+1","Noxious Fumes+1","Backflip+1","Deadly Poison+1","Well Laid Plans+1"],"relics":["Ring of the Snake","NeowsBlessing","Golden Idol","War Paint","Coffee Dripper","Membership Card","Anchor","Letter Opener","Matryoshka","Eternal Feather","Meat on the Bone","Oddly Smooth Stone","Lantern","Red Mask","Empty Cage","Mango","Ice Cream","Ninja Scroll","Vajra","The Specimen"],"acts_visited":["Exordium","TheCity","TheBeyond"],"potions_floor_usage":[16,16,16,29,37,37],"damage_taken":[{"damage":0,"enemies":"Small Slimes","floor":1,"turns":1},{"damage":0,"enemies":"Jaw Worm","floor":2,"turns":1},{"damage":0,"enemies":"2 Louse","floor":5,"turns":1},{"damage":2,"enemies":"Large Slime","floor":8,"turns":5},{"damage":6,"enemies":"2 Fungi Beasts","floor":10,"turns":2},{"damage":0,"enemies":"3 Louse","floor":12,"turns":7},{"damage":11,"enemies":"Large Slime","floor":14,"turns":7},{"damage":10,"enemies":"The Guardian","floor":16,"turns":8},{"damage":1,"enemies":"Shell Parasite","floor":18,"turns":5},{"damage":31,"enemies":"Gremlin Leader","floor":25,"turns":7},{"damage":21,"enemies":"Masked Bandits","floor":29,"turns":5},{"damage":0,"enemies":"Chosen","floor":31,"turns":5},{"damage":23,"enemies":"Automaton","floor":33,"turns":10},{"damage":5,"enemies":"3 Darklings","floor":35,"turns":4},{"damage":0,"enemies":"Mind Bloom Boss Battle","floor":36,"turns":6},{"damage":25,"enemies":"2 Orb Walkers","floor":37,"turns":6},{"damage":1,"enemies":"Giant Head","floor":41,"turns":9},{"damage":2,"enemies":"Orb Walker","floor":42,"turns":3},{"damage":0,"enemies":"Jaw Worm Horde","floor":44,"turns":5},{"damage":0,"enemies":"4 Shapes","floor":45,"turns":4},{"damage":0,"enemies":"Transient","floor":47,"turns":5},{"damage":0,"enemies":"Jaw Worm Horde","floor":48,"turns":2}],"seed_played":"8262594382428055725","potions_obtained":[{"floor":8,"key":"Swift Potion"},{"floor":12,"key":"FearPotion"},{"floor":14,"key":"PowerPotion"},{"floor":25,"key":"SteroidPotion"},{"floor":29,"key":"Fruit Juice"},{"floor":35,"key":"SpeedPotion"},{"floor":36,"key":"PowerPotion"},{"floor":37,"key":"Strength Potion"},{"floor":42,"key":"Energy Potion"}],"is_trial":false,"path_per_floor":["M","M","?","$","M","R","?","M","T","M","?","M","R","M","R","B",null,"M","?","$","?","?","R","?","E","T","R","T","?","R","M","R","B",null,"M","?","?","?","T","R","E","M","T","M","M","R","M","M"],"character_chosen":"THE_SILENT","items_purchased":["Noxious Fumes","Membership Card","Anchor"],"campfire_rested":0,"item_purchase_floors":[4,20,20],"current_hp_per_floor":[70,70,59,59,59,59,42,40,40,34,34,34,34,23,23,13,70,69,69,69,69,69,69,69,38,38,47,47,43,52,52,61,38,75,70,84,59,59,59,68,67,65,65,65,65,74,74,74,74],"gold":555,"neow_bonus":"THREE_ENEMY_KILL","is_daily":false,"chose_seed":false,"campfire_upgraded":8,"win_rate":0.0,"timestamp":1609766013,"path_taken":["M","M","?","$","M","R","?","M","T","M","?","?","R","M","R","BOSS","M","?","$","?","?","R","?","E","T","R","?","?","R","M","R","BOSS","M","?","?","?","?","R","E","M","T","M","?","R","M","M"],"items_purchased_type":["Card","Relic","Relic"],"build_version":"2020-12-22","purchased_purges":2,"victory":false,"max_hp_per_floor":[70,70,70,70,70,70,70,70,70,70,70,70,70,70,70,70,70,70,70,70,70,70,70,70,70,70,70,70,75,75,75,75,75,75,75,89,89,89,89,89,89,89,89,89,89,89,89,89,89],"card_choices":[{"not_picked":["Outmaneuver","Underhanded Strike","Escape Plan"],"picked":"SKIP","floor":1},{"not_picked":["Dodge and Roll","Blade Dance"],"picked":"Bouncing Flask","floor":2},{"not_picked":["Flying Knee","Sucker Punch"],"picked":"Burst","floor":5},{"not_picked":["Backstab","Quick Slash","Slice"],"picked":"SKIP","floor":8},{"not_picked":["Bouncing Flask","Dodge and Roll"],"picked":"Leg Sweep","floor":10},{"not_picked":["Setup","Deflect"],"picked":"Bane","floor":12},{"not_picked":["Escape Plan","Deflect","Backflip"],"picked":"SKIP","floor":14},{"not_picked":["Venomology","Storm of Steel"],"picked":"Envenom","floor":16},{"not_picked":["Flying Knee","Dagger Spray"],"picked":"Blur","floor":18},{"not_picked":["Calculated Gamble","Masterful Stab","Flying Knee+1"],"picked":"SKIP","floor":25},{"not_picked":["Sucker Punch","Reflex+1"],"picked":"Noxious Fumes","floor":31},{"not_picked":["Outmaneuver","Dagger Throw+1","Sucker Punch+1"],"picked":"SKIP","floor":35},{"not_picked":["Outmaneuver+1","Blade Dance+1"],"picked":"Backflip+1","floor":36},{"not_picked":["Heel Hook+1","Blade Dance+1"],"picked":"Deadly Poison","floor":41},{"not_picked":["Flying Knee+1","Poisoned Stab","Acrobatics"],"picked":"SKIP","floor":42},{"not_picked":["Backstab+1","Prepared+1","Distraction+1"],"picked":"SKIP","floor":44},{"not_picked":["Heel Hook+1","Dagger Throw","Backstab+1"],"picked":"SKIP","floor":45},{"not_picked":["Heel Hook+1","Dagger Throw","Backstab+1"],"picked":"SKIP","floor":45},{"not_picked":["Flechettes+1","Glass Knife"],"picked":"Well Laid Plans+1","floor":47}],"player_experience":607169,"relics_obtained":[{"floor":9,"key":"War Paint"},{"floor":25,"key":"Matryoshka"},{"floor":26,"key":"Eternal Feather"},{"floor":26,"key":"Meat on the Bone"},{"floor":28,"key":"Oddly Smooth Stone"},{"floor":28,"key":"Lantern"},{"floor":29,"key":"Red Mask"},{"floor":36,"key":"Mango"},{"floor":37,"key":"Ice Cream"},{"floor":39,"key":"Ninja Scroll"},{"floor":41,"key":"Vajra"},{"floor":43,"key":"The Specimen"}],"event_choices":[{"damage_healed":0,"gold_gain":75,"player_choice":"Gold","damage_taken":11,"max_hp_gain":0,"max_hp_loss":0,"event_name":"betterThird:BetterGoop","floor":3,"gold_loss":0},{"damage_healed":0,"gold_gain":0,"player_choice":"Take Damage","damage_taken":17,"relics_obtained":["Golden Idol"],"max_hp_gain":0,"max_hp_loss":0,"event_name":"Golden Idol","floor":7,"gold_loss":0},{"damage_healed":0,"gold_gain":0,"player_choice":"Ignored","damage_taken":151,"max_hp_gain":0,"max_hp_loss":0,"event_name":"betterThird:BetterSerpent","floor":11,"gold_loss":0},{"damage_healed":0,"gold_gain":0,"player_choice":"Ignored","damage_taken":0,"max_hp_gain":0,"max_hp_loss":0,"event_name":"Ghosts","floor":19,"gold_loss":0},{"damage_healed":0,"gold_gain":0,"player_choice":"Ignored","damage_taken":0,"max_hp_gain":0,"max_hp_loss":0,"event_name":"Vampires","floor":21,"gold_loss":0},{"damage_healed":0,"gold_gain":0,"cards_transformed":["Strike_G","Strike_G"],"player_choice":"Became Test Subject","damage_taken":0,"max_hp_gain":0,"max_hp_loss":0,"event_name":"Drug Dealer","floor":22,"gold_loss":0,"cards_obtained":["PiercingWail","Backflip"]},{"damage_healed":0,"gold_gain":0,"player_choice":"Opened","damage_taken":0,"relics_obtained":["Letter Opener"],"max_hp_gain":0,"max_hp_loss":0,"event_name":"The Mausoleum","floor":24,"gold_loss":0},{"damage_healed":0,"gold_gain":0,"player_choice":"Fought Bandits","damage_taken":0,"max_hp_gain":0,"max_hp_loss":0,"event_name":"Masked Bandits","floor":29,"gold_loss":0},{"damage_healed":0,"gold_gain":0,"player_choice":"Fight","damage_taken":0,"max_hp_gain":0,"max_hp_loss":0,"event_name":"MindBloom","floor":36,"gold_loss":0},{"damage_healed":0,"gold_gain":0,"player_choice":"Fight","damage_taken":0,"max_hp_gain":0,"max_hp_loss":0,"event_name":"Mysterious Sphere","floor":37,"gold_loss":0},{"cards_removed":["Bane"],"damage_healed":0,"gold_gain":0,"player_choice":"Removed Attack","damage_taken":0,"max_hp_gain":0,"max_hp_loss":0,"event_name":"Falling","floor":38,"gold_loss":0}],"is_beta":false,"boss_relics":[{"not_picked":["Cursed Key","Philosopher\u0027s Stone"],"picked":"Coffee Dripper"},{"not_picked":["Busted Crown","Runic Pyramid"],"picked":"Empty Cage"}],"items_purged_floors":[4,20],"is_endless":false,"potions_floor_spawned":[8,12,14,25,29,35,36,37,42],"killed_by":"Jaw Worm Horde","ascension_level":1}}