{"host":"qgrlfjrqk9z96gfi","time":1609720631,"event":{"mods":["BaseMod","Block Reminder","Colored Map","DeckTracker","Minty Spire (QoL Compilation)"],"gold_per_floor":[111,111,111,127,43,43,43,84,84,84,9,50,31,62,62,62,62],"floor_reached":16,"playtime":421,"items_purged":[],"score":278,"play_id":"8cff2e85-252a-4953-bea4-2c44a2e2e037","local_time":"20210103143711","is_ascension_mode":true,"campfire_choices":[{"data":"Finisher","floor":7,"key":"SMITH"},{"floor":15,"key":"REST"}],"circlet_count":0,"master_deck":["AscendersBane","Strike_G","Strike_G","Strike_G","Strike_G","Defend_G","Defend_G","Defend_G","Defend_G","Defend_G","Survivor","Neutralize+1","Quick Slash","Footwork","Finisher+1","Sucker Punch","Leg Sweep","Backflip"],"relics":["Ring of the Snake","NeowsBlessing","Golden Idol","The Courier","Gambling Chip","Art of War","HornCleat","Regal Pillow"],"acts_visited":["Exordium"],"potions_floor_usage":[12,14,16],"damage_taken":[{"damage":0,"enemies":"Small Slimes","floor":1,"turns":1},{"damage":0,"enemies":"2 Louse","floor":4,"turns":1},{"damage":0,"enemies":"Gremlin Nob","floor":8,"turns":1},{"damage":49,"enemies":"3 Sentries","floor":12,"turns":13},{"damage":17,"enemies":"Lagavulin","floor":14,"turns":7},{"damage":45,"enemies":"Hexaghost","floor":16,"turns":14}],"seed_played":"-7507079665020116806","potions_obtained":[{"floor":4,"key":"Regen Potion"},{"floor":12,"key":"LiquidMemories"},{"floor":14,"key":"AttackPotion"}],"is_trial":false,"path_per_floor":["M","?","?","M","$","?","R","E","T","?","?","E","$","E","R","B"],"character_chosen":"THE_SILENT","items_purchased":["Finisher","Backflip"],"campfire_rested":1,"item_purchase_floors":[5,13],"current_hp_per_floor":[59,64,64,64,64,64,64,64,64,59,59,25,25,8,42,0,0],"gold":62,"neow_bonus":"THREE_ENEMY_KILL","is_daily":false,"chose_seed":false,"campfire_upgraded":1,"win_rate":0.0,"timestamp":1609720631,"path_taken":["M","?","?","?","$","?","R","E","T","?","?","E","$","E","R","BOSS"],"items_purchased_type":["Card","Card"],"build_version":"2020-12-22","purchased_purges":0,"victory":false,"max_hp_per_floor":[66,71,71,71,71,64,64,64,64,64,64,64,64,64,64,64,64],"card_choices":[{"not_picked":["PiercingWail","Dagger Spray"],"picked":"Quick Slash","floor":1},{"not_picked":["Well Laid Plans","Dagger Throw"],"picked":"Footwork","floor":4},{"not_picked":["Underhanded Strike","Acrobatics"],"picked":"Sucker Punch","floor":8},{"not_picked":["Bane","Riddle With Holes"],"picked":"Leg Sweep","floor":12},{"not_picked":["Deflect","Acrobatics","Heel Hook"],"picked":"SKIP","floor":14}],"player_experience":963870,"relics_obtained":[{"floor":8,"key":"The Courier"},{"floor":9,"key":"Gambling Chip"},{"floor":12,"key":"HornCleat"},{"floor":14,"key":"Regal Pillow"}],"event_choices":[{"damage_healed":0,"gold_gain":0,"player_choice":"Donut","damage_taken":0,"max_hp_gain":5,"max_hp_loss":0,"event_name":"Big Fish","floor":2,"gold_loss":0},{"damage_healed":0,"gold_gain":0,"player_choice":"Forge","damage_taken":0,"max_hp_gain":0,"max_hp_loss":0,"event_name":"Accursed Blacksmith","floor":3,"gold_loss":0,"cards_upgraded":["Neutralize"]},{"damage_healed":0,"gold_gain":0,"player_choice":"Lose Max HP","damage_taken":0,"relics_obtained":["Golden Idol"],"max_hp_gain":0,"max_hp_loss":7,"event_name":"Golden Idol","floor":6,"gold_loss":0},{"damage_healed":0,"gold_gain":0,"player_choice":"Success","damage_taken":5,"relics_obtained":["Art of War"],"max_hp_gain":0,"max_hp_loss":0,"event_name":"Scrap Ooze","floor":10,"gold_loss":0},{"cards_removed":["Strike_G"],"damage_healed":0,"gold_gain":0,"player_choice":"Card Removal","damage_taken":0,"max_hp_gain":0,"max_hp_loss":0,"event_name":"The Cleric","floor":11,"gold_loss":75}],"is_beta":false,"boss_relics":[],"items_purged_floors":[],"is_endless":false,"potions_floor_spawned":[4,12,14],"killed_by":"Hexaghost","ascension_level":20}}