{"host":"7o30bgpqouqblh42","time":1609804567,"event":{"mods":["AchievementEnabler","Aspiration","BaseMod","Colored Map","Downfall","Highlight Path","Minty Spire (QoL Compilation)","StSLib","SuperFastMode"],"gold_per_floor":[110,110,141,153,165,177,206,218,230,253,297,309,335,408,420,534,546,574,586,617,640,652,664,694,329,329,184,204,220,220,254,254,352,352,364,364,239,239,252,252,278,278,278,291,291,310,15,30,30,30],"floor_reached":51,"playtime":2775,"items_purged":["Strike_P","Strike_P","Strike_P","Eruption+1"],"score":729,"play_id":"8feacf1e-eac9-4731-b835-fa7454159159","local_time":"20210104185607","is_ascension_mode":true,"campfire_choices":[{"data":"Swivel","floor":6,"key":"SMITH"},{"data":"ClearTheMind","floor":8,"key":"SMITH"},{"data":"PathToVictory","floor":12,"key":"SMITH"},{"data":"PathToVictory","floor":15,"key":"SMITH"},{"data":"PathToVictory","floor":23,"key":"SMITH"},{"data":"PathToVictory","floor":30,"key":"SMITH"},{"data":"SpiritShield","floor":42,"key":"SMITH"},{"data":"SpiritShield","floor":45,"key":"SMITH"},{"data":"DeusExMachina","floor":49,"key":"SMITH"}],"circlet_count":0,"master_deck":["Strike_P+1","Defend_P","Defend_P","Defend_P","Vigilance","Swivel+1","EmptyBody","ClearTheMind+1","PathToVictory+1","PathToVictory+1","SpiritShield+1","PathToVictory+1","SpiritShield+1","Evaluate+1","Consecrate","PathToVictory+1","PathToVictory+1","ThirdEye","DeusExMachina+1","DeceiveReality+1"],"relics":["Coffee Dripper","MawBank","MealTicket","Pantograph","Whetstone","VioletLotus","aspiration:ArtOfWarUpgrade","Anchor","aspiration:HiddenCompartment","Oddly Smooth Stone","Busted Crown","Bag of Preparation","Toy Ornithopter","Lee\u0027s Waffle"],"acts_visited":["Exordium","TheCity","TheBeyond"],"potions_floor_usage":[14,16,20,20,31,31,35,41,48,50],"damage_taken":[{"damage":1,"enemies":"Jaw Worm","floor":1,"turns":3},{"damage":2,"enemies":"2 Louse","floor":3,"turns":3},{"damage":0,"enemies":"Cultist","floor":7,"turns":3},{"damage":2,"enemies":"2 Fungi Beasts","floor":10,"turns":4},{"damage":15,"enemies":"3 Sentries","floor":11,"turns":11},{"damage":0,"enemies":"Exordium Thugs","floor":13,"turns":2},{"damage":12,"enemies":"Lagavulin Event","floor":14,"turns":5},{"damage":39,"enemies":"Slime Boss","floor":16,"turns":7},{"damage":0,"enemies":"Shell Parasite","floor":18,"turns":4},{"damage":9,"enemies":"2 Thieves","floor":20,"turns":4},{"damage":42,"enemies":"3 Cultists","floor":21,"turns":6},{"damage":13,"enemies":"Snake Plant","floor":24,"turns":3},{"damage":0,"enemies":"Cultist and Chosen","floor":28,"turns":4},{"damage":5,"enemies":"Centurion and Healer","floor":29,"turns":4},{"damage":27,"enemies":"Gremlin Leader","floor":31,"turns":5},{"damage":40,"enemies":"Automaton","floor":33,"turns":8},{"damage":20,"enemies":"3 Darklings","floor":35,"turns":4},{"damage":0,"enemies":"Orb Walker","floor":39,"turns":2},{"damage":21,"enemies":"Nemesis","floor":41,"turns":7},{"damage":0,"enemies":"Writhing Mass","floor":44,"turns":3},{"damage":0,"enemies":"3 Darklings","floor":46,"turns":4},{"damage":16,"enemies":"Sphere and 2 Shapes","floor":48,"turns":5},{"damage":38,"enemies":"Awakened One","floor":50,"turns":11}],"seed_played":"-2824178548751398621","potions_obtained":[{"floor":1,"key":"Energy Potion"},{"floor":11,"key":"BottledMiracle"},{"floor":13,"key":"Regen Potion"},{"floor":18,"key":"SkillPotion"},{"floor":24,"key":"champ:CounterPotion"},{"floor":29,"key":"LiquidBronze"},{"floor":33,"key":"PowerPotion"},{"floor":39,"key":"Explosive Potion"},{"floor":44,"key":"Weak Potion"},{"floor":48,"key":"Fruit Juice"}],"is_trial":false,"path_per_floor":["M","?","M","$","?","R","M","R","T","M","E","R","M","?","R","B",null,"M","?","M","M","$","R","M","$","T","$","M","M","R","E","R","B",null,"M","?","$","?","M","R","E","R","T","M","R","M","$","M","R","B",null],"character_chosen":"WATCHER","items_purchased":["Art of War","Anchor","PathToVictory","Lee\u0027s Waffle"],"campfire_rested":0,"item_purchase_floors":[25,25,27,47],"current_hp_per_floor":[71,59,57,57,57,57,57,57,57,55,40,40,40,37,37,23,72,72,72,63,21,36,36,23,38,38,53,53,48,48,21,21,6,72,52,59,72,72,72,72,51,51,51,51,51,51,79,68,68,51],"gold":30,"neow_bonus":"BOSS_RELIC","is_daily":false,"chose_seed":false,"campfire_upgraded":9,"win_rate":0.0,"timestamp":1609804567,"path_taken":["M","?","M","$","?","R","?","R","T","M","E","R","M","?","R","BOSS","M","?","M","M","$","R","M","$","T","$","M","M","R","E","R","BOSS","M","?","$","?","M","R","E","R","T","?","R","M","?","M","R","BOSS"],"items_purchased_type":["Relic","Relic","Card","Relic"],"build_version":"2020-12-22","purchased_purges":4,"victory":true,"max_hp_per_floor":[72,72,72,72,72,72,72,72,72,72,72,72,72,72,72,72,72,72,72,72,72,72,72,72,72,72,72,72,72,72,72,72,72,72,72,72,72,72,72,72,72,72,72,72,72,72,79,79,79,84],"card_choices":[{"not_picked":["Study","BowlingBash"],"picked":"Swivel","floor":1},{"not_picked":["CrushJoints","FlyingSleeves"],"picked":"EmptyBody","floor":3},{"not_picked":["FlurryOfBlows","WaveOfTheHand"],"picked":"ClearTheMind","floor":7},{"not_picked":["WheelKick","ClearTheMind"],"picked":"PathToVictory","floor":10},{"not_picked":["Tantrum","Protect"],"picked":"PathToVictory","floor":11},{"not_picked":["WreathOfFlame","Halt"],"picked":"SpiritShield","floor":13},{"not_picked":["JustLucky","EmptyBody"],"picked":"PathToVictory","floor":14},{"not_picked":["Establishment","Omniscience"],"picked":"SpiritShield","floor":16},{"not_picked":["Fasting2","FollowUp","WreathOfFlame"],"picked":"SKIP","floor":18},{"not_picked":["Pray+1","CarveReality"],"picked":"Evaluate+1","floor":20},{"not_picked":["FlyingSleeves+1","ClearTheMind+1"],"picked":"Consecrate","floor":21},{"not_picked":["Collect","Consecrate"],"picked":"PathToVictory","floor":24},{"not_picked":["Consecrate+1","Swivel","LessonLearned"],"picked":"SKIP","floor":28},{"not_picked":["EmptyFist","Fasting2","Halt"],"picked":"SKIP","floor":29},{"not_picked":["Weave+1","Devotion"],"picked":"ThirdEye","floor":31},{"not_picked":["ConjureBlade","Blasphemy"],"picked":"DeusExMachina","floor":33},{"not_picked":["Worship+1"],"picked":"SKIP","floor":35},{"not_picked":["BowlingBash"],"picked":"SKIP","floor":39},{"not_picked":[],"picked":"DeceiveReality+1","floor":41},{"not_picked":["CrushJoints+1"],"picked":"SKIP","floor":44},{"not_picked":["ClearTheMind"],"picked":"SKIP","floor":46},{"not_picked":["FlurryOfBlows"],"picked":"SKIP","floor":48}],"player_experience":234935,"relics_obtained":[{"floor":9,"key":"MealTicket"},{"floor":11,"key":"Pantograph"},{"floor":14,"key":"Whetstone"},{"floor":26,"key":"aspiration:HiddenCompartment"},{"floor":31,"key":"Oddly Smooth Stone"},{"floor":41,"key":"Bag of Preparation"},{"floor":43,"key":"Toy Ornithopter"}],"event_choices":[{"damage_healed":0,"gold_gain":0,"player_choice":"Success","damage_taken":12,"relics_obtained":["MawBank"],"max_hp_gain":0,"max_hp_loss":0,"event_name":"Scrap Ooze","floor":2,"gold_loss":0},{"cards_removed":["Defend_P"],"damage_healed":0,"gold_gain":0,"player_choice":"Purged","damage_taken":0,"max_hp_gain":0,"max_hp_loss":0,"event_name":"Purifier","floor":5,"gold_loss":0},{"damage_healed":0,"gold_gain":0,"player_choice":"Searched \u00271\u0027 times","damage_taken":0,"max_hp_gain":0,"max_hp_loss":0,"event_name":"Dead Adventurer","floor":14,"gold_loss":0},{"damage_healed":0,"gold_gain":0,"player_choice":"Ignored","damage_taken":0,"max_hp_gain":0,"max_hp_loss":0,"event_name":"Vampires","floor":19,"gold_loss":0},{"damage_healed":0,"gold_gain":0,"player_choice":"Forge","damage_taken":0,"max_hp_gain":0,"max_hp_loss":0,"event_name":"Accursed Blacksmith","floor":38,"gold_loss":0,"cards_upgraded":["PathToVictory"]}],"is_beta":false,"boss_relics":[{"not_picked":["Philosopher\u0027s Stone","aspiration:RitualDagger"],"picked":"VioletLotus"},{"not_picked":["Astrolabe","SlaversCollar"],"picked":"Busted Crown"}],"items_purged_floors":[25,27,37,47],"is_endless":false,"potions_floor_spawned":[1,11,13,18,24,29,33,39,44,48],"ascension_level":1}}