{"host":"e52c7hvho6xny3hd","time":1609735913,"event":{"mods":["AchievementEnabler","BaseMod","Colored Map","DeckTracker","Minty Spire (QoL Compilation)","Permanent Neow","StSLib"],"gold_per_floor":[113,127,147,165,165,165,197,197,265,440,440,325,325,339,339,339,339],"floor_reached":16,"playtime":502,"items_purged":["Strike_B"],"score":135,"play_id":"89f40378-90d3-44eb-be86-60b9ca81dece","local_time":"20210104135153","is_ascension_mode":true,"campfire_choices":[{"data":"Defragment","floor":6,"key":"SMITH"},{"floor":8,"key":"REST"},{"data":"Redo","floor":11,"key":"SMITH"},{"data":"Zap","floor":15,"key":"SMITH"}],"circlet_count":0,"master_deck":["Strike_B","Strike_B","Defend_B","Defend_B","Defend_B","Defend_B","Zap+1","Dualcast","Genetic Algorithm","Defragment+1","Redo+1","Thunder Strike","Genetic Algorithm","BootSequence","Doubt","Self Repair","Conserve Battery","Leap","FTL"],"relics":["Cracked Core","Prayer Wheel","Bag of Marbles","Pear"],"acts_visited":["Exordium"],"potions_floor_usage":[2],"damage_taken":[{"damage":1,"enemies":"2 Louse","floor":1,"turns":4},{"damage":13,"enemies":"Jaw Worm","floor":2,"turns":6},{"damage":0,"enemies":"Small Slimes","floor":3,"turns":3},{"damage":10,"enemies":"2 Fungi Beasts","floor":4,"turns":4},{"damage":40,"enemies":"Lagavulin","floor":7,"turns":6},{"damage":0,"enemies":"Large Slime","floor":14,"turns":4},{"damage":43,"enemies":"Slime Boss","floor":16,"turns":8}],"seed_played":"153033875440951076","potions_obtained":[{"floor":1,"key":"Regen Potion"},{"floor":4,"key":"GamblersBrew"}],"is_trial":false,"path_per_floor":["M","M","M","M","?","R","E","R","T","?","R","$","?","M","R","B"],"character_chosen":"DEFECT","items_purchased":["Self Repair"],"campfire_rested":1,"item_purchase_floors":[12],"current_hp_per_floor":[67,68,68,58,46,46,6,28,38,38,38,38,38,38,38,0,0],"gold":339,"neow_bonus":"THREE_CARDS","is_daily":false,"chose_seed":false,"campfire_upgraded":3,"win_rate":0.0,"timestamp":1609735913,"path_taken":["M","M","M","M","?","R","E","R","T","?","R","$","?","M","R","BOSS"],"items_purchased_type":["Card"],"build_version":"2020-12-22","purchased_purges":1,"victory":false,"max_hp_per_floor":[75,75,75,75,75,75,75,75,85,85,85,85,85,85,85,85,85],"card_choices":[{"not_picked":["Beam Cell","Skim"],"picked":"Genetic Algorithm","floor":0},{"not_picked":["Undo","Aggregate"],"picked":"Defragment","floor":1},{"not_picked":["Hologram","Compile Driver"],"picked":"Redo","floor":2},{"not_picked":["Cold Snap","Double Energy"],"picked":"Thunder Strike","floor":3},{"not_picked":["Gash","Beam Cell"],"picked":"Genetic Algorithm","floor":4},{"not_picked":["Gash","Go for the Eyes"],"picked":"BootSequence","floor":7},{"not_picked":["Redo","Stack"],"picked":"Leap","floor":14},{"not_picked":["Streamline","Lockon"],"picked":"FTL","floor":14}],"player_experience":611876,"relics_obtained":[{"floor":7,"key":"Bag of Marbles"},{"floor":9,"key":"Pear"}],"event_choices":[{"damage_healed":0,"gold_gain":0,"player_choice":"Success","damage_taken":12,"relics_obtained":["Prayer Wheel"],"max_hp_gain":0,"max_hp_loss":0,"event_name":"Scrap Ooze","floor":5,"gold_loss":0},{"damage_healed":0,"gold_gain":175,"player_choice":"AGREE","damage_taken":0,"max_hp_gain":0,"max_hp_loss":0,"event_name":"Liars Game","floor":10,"gold_loss":0,"cards_obtained":["Doubt"]},{"damage_healed":0,"gold_gain":0,"cards_transformed":["Strike_B"],"player_choice":"Change","damage_taken":0,"max_hp_gain":0,"max_hp_loss":0,"event_name":"Living Wall","floor":13,"gold_loss":0,"cards_obtained":["Conserve Battery"]}],"is_beta":false,"boss_relics":[],"items_purged_floors":[12],"is_endless":false,"potions_floor_spawned":[1,4],"killed_by":"Slime Boss","ascension_level":7}}