{"host":"zpo0s982nnba8fjk","time":1609776539,"event":{"mods":["Act Like it!","BaseMod","Downfall","GifTheSpireLib","Hubris","Infinite Spire","Minty Spire (QoL Compilation)","Replay The Spire","StSLib"],"gold_per_floor":[99,114,389,402,75,75,75,93,116,116,132,150,150,150,150],"floor_reached":14,"playtime":582,"items_purged":["Regret"],"score":80,"play_id":"41ba03c4-65b5-4c51-837a-9f8201476f33","local_time":"20210104170859","is_ascension_mode":false,"campfire_choices":[{"data":"sneckomod:SnekBite","floor":1,"key":"SMITH"},{"data":"sneckomod:CheapStock","floor":6,"key":"SMITH"},{"data":"sneckomod:TailWhip","floor":10,"key":"SMITH"},{"data":"sneckomod:SerpentIdol","floor":13,"key":"SMITH"}],"circlet_count":0,"master_deck":["sneckomod:Strike","sneckomod:Strike","sneckomod:Strike","sneckomod:Defend","sneckomod:Defend","sneckomod:Defend","sneckomod:TailWhip+1","sneckomod:SnekBite+1","sneckomod:Unknown","sneckomod:Unknown","sneckomod:CheapStock+1","sneckomod:RainOfDice","sneckomod:DangerNoodle","sneckomod:CheapStock","sneckomod:DiceBlock","sneckomod:SerpentIdol+1"],"relics":["Sozu","Bottled Tornado","Odd Mushroom"],"acts_visited":["Exordium"],"potions_floor_usage":[],"damage_taken":[{"damage":1,"enemies":"2 Louse","floor":2,"turns":2},{"damage":2,"enemies":"Cultist","floor":4,"turns":2},{"damage":6,"enemies":"downfall:FleeingMerchant","floor":5,"turns":4},{"damage":0,"enemies":"Small Slimes","floor":8,"turns":2},{"damage":10,"enemies":"The Mushroom Lair","floor":9,"turns":5},{"damage":12,"enemies":"Blue Slaver","floor":11,"turns":3},{"damage":19,"enemies":"3 Louse","floor":12,"turns":3},{"damage":49,"enemies":"Gremlin Nob","floor":14,"turns":4}],"seed_played":"-8098696270278157080","potions_obtained":[],"is_trial":false,"path_per_floor":["R","M","?","M","$","R","T","M","?","R","M","M","R","E"],"character_chosen":"THE_SNECKO","items_purchased":["sneckomod:DangerNoodle","sneckomod:CheapStock"],"campfire_rested":0,"item_purchase_floors":[5,5],"current_hp_per_floor":[90,89,89,87,81,81,81,81,71,71,59,44,44,0,0],"gold":150,"neow_bonus":"BOSS_RELIC","is_daily":false,"chose_seed":false,"campfire_upgraded":4,"win_rate":0.0,"timestamp":1609776539,"path_taken":["R","M","?","?","$","R","T","M","?","R","M","M","R","E"],"items_purchased_type":["Card","Card"],"build_version":"2020-12-22","purchased_purges":1,"victory":false,"max_hp_per_floor":[90,90,90,90,90,90,90,90,90,90,90,90,90,90,90],"card_choices":[{"not_picked":["sneckomod:QuickMove","sneckomod:QuickBite","sneckomod:UnknownWeak"],"picked":"SKIP","floor":2},{"not_picked":["sneckomod:UnknownBlock","sneckomod:DiceCrush"],"picked":"sneckomod:CheapStock","floor":4},{"not_picked":["sneckomod:UnknownClassPURPLE","sneckomod:QuickBite"],"picked":"sneckomod:RainOfDice","floor":5},{"not_picked":["sneckomod:SoulRoll","sneckomod:UnknownWeak"],"picked":"sneckomod:DiceBlock","floor":8},{"not_picked":["sneckomod:QuickMove","sneckomod:UnknownBlock","sneckomod:UnknownX"],"picked":"SKIP","floor":11},{"not_picked":["sneckomod:DiceBlock","sneckomod:UnknownClassPURPLE"],"picked":"sneckomod:SerpentIdol","floor":12}],"player_experience":283329,"relics_obtained":[{"floor":7,"key":"Bottled Tornado"},{"floor":9,"key":"Odd Mushroom"}],"event_choices":[{"damage_healed":0,"gold_gain":0,"player_choice":"Fought Mushrooms","damage_taken":0,"max_hp_gain":0,"max_hp_loss":0,"event_name":"Mushrooms","floor":9,"gold_loss":0}],"is_beta":false,"boss_relics":[],"items_purged_floors":[5],"is_endless":false,"potions_floor_spawned":[2,8,12],"killed_by":"Gremlin Nob","ascension_level":0}}