{"host":"ox77rn1xcurm2t5a","time":1609791812,"event":{"mods":["2.2 Compatiblity","AchievementEnabler","Act Like it!","Aspiration","BaseMod","Best Route Mod","Better Match","Better Note","Better Sensory Stone","Block Reminder","Colored Map","Colored Powertips","Conjunction","Conspire","Custom Start","Energized Spire","GifTheSpireLib","Gold Saver","Gremlin Skip","Halation","Highlight Path","Hubris","Infinite Spire","Minty Spire (QoL Compilation)","Pale of the Ancients","Quick Restart","Replay The Spire","Reworked Bosses","ShortenTheSpire","Spire Exporter","StSLib","Stuff the Spire","Wandering Minibosses","vexMod"],"gold_per_floor":[115,130,352,352,646,675,688,688,762,790,806,832,832,842,842,939,939,955,296,496,496,496],"floor_reached":21,"playtime":4239,"items_purged":["Strike_B","Strike_B","Strike_B"],"score":344,"play_id":"3d8919e0-536c-4582-97c0-2a3f6dd9b5ea","local_time":"20210104222332","is_ascension_mode":true,"campfire_choices":[{"floor":8,"key":"RECALL"},{"floor":13,"key":"REST"},{"data":"Zap","floor":15,"key":"SMITH"}],"circlet_count":0,"master_deck":["AscendersBane","Strike_B","Defend_B","Defend_B","Defend_B","Defend_B","Zap+1","Dualcast","Chaos+1","Storm+1","White Noise+1","Storm+1","Crystallizer+1","Darkness"],"relics":["Cracked Core","NeowsBlessing","Incense Burner","StuffTheSpire:PointBlank","infinitespire:SolderingIron","halation:Jellyphish","Replay:Baseball","halation:Pancakes","Counterbalance","vexMod:ImprovementManual","infinitespire:Satchel","Iron Hammer","TheAbacus","vexMod:TanglingVine"],"acts_visited":["Exordium","TheCity"],"potions_floor_usage":[11,14],"damage_taken":[{"damage":0,"enemies":"Jaw Worm","floor":1,"turns":1},{"damage":0,"enemies":"2 Louse","floor":2,"turns":1},{"damage":0,"enemies":"Lagavulin","floor":6,"turns":1},{"damage":0,"enemies":"Cultist","floor":7,"turns":4},{"damage":50,"enemies":"3 Sentries","floor":10,"turns":12},{"damage":1,"enemies":"2 Fungi Beasts","floor":11,"turns":2},{"damage":41,"enemies":"Lagavulin","floor":12,"turns":7},{"damage":9,"enemies":"Red Slaver","floor":14,"turns":4},{"damage":32,"enemies":"The Guardian","floor":16,"turns":12},{"damage":43,"enemies":"2 Thieves","floor":18,"turns":4},{"damage":27,"enemies":"3 Byrds","floor":21,"turns":3}],"seed_played":"-5081389210014815274","potions_obtained":[{"floor":1,"key":"Elixir"},{"floor":10,"key":"PowerPotion"},{"floor":12,"key":"Swift Potion"}],"is_trial":false,"path_per_floor":["M","M","$","?","$","E","M","R","T","E","M","E","R","M","R","B",null,"M","$","?","M"],"character_chosen":"DEFECT","items_purchased":["Incense Burner","StuffTheSpire:PointBlank","Storm","infinitespire:SolderingIron","halation:Jellyphish","infinitespire:Satchel","Iron Hammer","TheAbacus"],"campfire_rested":1,"item_purchase_floors":[3,3,5,5,5,19,19,19],"current_hp_per_floor":[68,68,68,73,73,73,73,73,73,65,64,23,47,38,38,6,62,19,19,19,0,0],"gold":496,"neow_bonus":"THREE_ENEMY_KILL","is_daily":false,"chose_seed":false,"campfire_upgraded":1,"win_rate":0.0,"timestamp":1609791812,"path_taken":["M","M","$","?","$","E","M","R","T","E","M","E","R","M","R","BOSS","M","$","?","?"],"items_purchased_type":["Relic","Relic","Card","Relic","Relic","Relic","Relic","Relic"],"build_version":"2020-12-22","purchased_purges":3,"victory":false,"max_hp_per_floor":[75,75,75,80,80,80,80,80,80,80,80,80,80,80,80,80,80,80,80,80,80,80],"card_choices":[{"not_picked":["Hello World","Barrage"],"picked":"Chaos","floor":1},{"not_picked":["Steam","hubris:PowerSurge","Heatsinks"],"picked":"SKIP","floor":2},{"not_picked":["Rebound","Lockon"],"picked":"White Noise","floor":6},{"not_picked":["Leap","Hello World"],"picked":"Storm","floor":7},{"not_picked":["Conserve Battery","Barrage","Crystallizer"],"picked":"SKIP","floor":10},{"not_picked":["Go for the Eyes","Sweeping Beam","Redo"],"picked":"SKIP","floor":11},{"not_picked":["Sweeping Beam","FIFO Queue"],"picked":"Crystallizer","floor":12},{"not_picked":["Coolheaded","Rebound","Reinforced Body"],"picked":"SKIP","floor":14},{"not_picked":["Coolheaded","ReplaySort+1"],"picked":"Darkness","floor":18}],"player_experience":2892000,"relics_obtained":[{"floor":6,"key":"Replay:Baseball"},{"floor":10,"key":"halation:Pancakes"},{"floor":12,"key":"Counterbalance"}],"event_choices":[{"damage_healed":0,"gold_gain":0,"player_choice":"Donut","damage_taken":0,"max_hp_gain":5,"max_hp_loss":0,"event_name":"Big Fish","floor":4,"gold_loss":0},{"damage_healed":0,"gold_gain":200,"player_choice":"Gold","damage_taken":0,"max_hp_gain":0,"max_hp_loss":0,"event_name":"Wheel of Change","floor":20,"gold_loss":0}],"is_beta":false,"boss_relics":[{"not_picked":["energizedSpire:EnergizedDie","conspire:RoyalGoblet"],"picked":"vexMod:ImprovementManual"}],"items_purged_floors":[3,5,19],"is_endless":false,"potions_floor_spawned":[1,10,12],"killed_by":"3 Byrds","ascension_level":11}}