{"host":"0cm5wy4nhuju7tij","time":1609725927,"event":{"mods":["2.2 Compatiblity","AchievementEnabler","Arknights The Spire","Aspiration","BaseMod","Better Third Choice","BetterRewards","CCEM","CapriCore","Colored Powertips","Custom Start","Displayed Cursed Tome","Downfall","Energized Spire","Evolution","Filter the Spire","Fireblade Mod","Hermit","Highlight Path","Jess\u0027s Bottle","Minty Spire (QoL Compilation)","Permanent Neow","Railgun Mod","Relic Stats","Shop Mod","Spicy Shops","StSLib","The Cursed","The Servant 0.9.4"],"gold_per_floor":[122,122,145,172,201,201,243,268,295,334,24,50,50,78,78,191,159,184,144,169,188,66,66,106,106,157,193,193,216,256,283,283,388,388,413,513,536,64,84,120,129,170,218,218,260,287,326,349,349,349,349],"floor_reached":50,"playtime":3853,"items_purged":["TheCursedMod:Strike_TheCursed"],"score":794,"play_id":"d368d0a4-964a-482c-8f9b-c88bb800a11c","local_time":"20210103210527","is_ascension_mode":true,"campfire_choices":[{"data":"TheCursedMod:HellsGateOpen","floor":6,"key":"SMITH"},{"data":"TheCursedMod:SpreadPlague","floor":13,"key":"SMITH"},{"data":"TheCursedMod:HellfireBreathing","floor":15,"key":"SMITH"},{"data":"TheCursedMod:ManaCirculation","floor":23,"key":"SMITH"},{"floor":25,"key":"REST"},{"floor":32,"key":"REST"},{"floor":44,"key":"REST"},{"floor":49,"key":"REST"}],"circlet_count":0,"master_deck":["TheCursedMod:CleanUpWorkshop","TheCursedMod:SpitefulStrike+1","TheCursedMod:TacticalStrike","TheCursedMod:VitalStrike","TheCursedMod:FuryStrike","TheCursedMod:FuryStrike","TheCursedMod:CursedSpellbook+1","TheCursedMod:StunningStrike","TheCursedMod:CursedBlade","TheCursedMod:WearCloak","TheCursedMod:DoubleShield+1","TheCursedMod:HellsGateOpen+1","TheCursedMod:StingEye","TheCursedMod:CursedStaff+1","TheCursedMod:CursedShiv","TheCursedMod:SpreadPlague+1","TheCursedMod:WearCloak","TheCursedMod:CursedMace+1","TheCursedMod:SmokeScreen","TheCursedMod:HellfireBreathing+1","TheCursedMod:ManaCirculation+1","TheCursedMod:Hemoplague+1","TheCursedMod:Stigma","TheCursedMod:HellsGateOpen+1","TheCursedMod:AbyssShockwave+1","TheCursedMod:CursedBoomerang","TheCursedMod:CursedSpellbook+1","TheCursedMod:LuckyCharm","TheCursedMod:SoulReap+1","TheCursedMod:SpitefulPray","TheCursedMod:RapidMovement","TheCursedMod:CursedBlade","TheCursedMod:OutForBlood","TheCursedMod:HellfireBreathing+1","TheCursedMod:WearCloak+1","TheCursedMod:Torture+1","TheCursedMod:CursedAmulet+1","TheCursedMod:HellsGateOpen","TheCursedMod:Grudge+1","TheCursedMod:SpitefulPray+1","TheCursedMod:SurpriseAttack","TheCursedMod:SoulReap+1","TheCursedMod:BloodBarrier+1"],"relics":["TheCursedMod:FourLeafCloverCharm","jessBottle:WaterBottleRelic","CeramicFish","Mercury Hourglass","Vajra","CCEMRelics:FryingPan","Anchor","energizedSpire:HugeHouse","CCEMRelics:TinyMinotavrHorn","Regal Pillow","Pen Nib","Whetstone","Philosopher\u0027s Stone","Toxic Egg 2","War Paint","Pocketwatch","HornCleat","Potion Belt","Akabeko","StrikeDummy"],"acts_visited":["Exordium","TheCity","TheBeyond"],"potions_floor_usage":[20],"damage_taken":[{"damage":0,"enemies":"Small Slimes","floor":1,"turns":1},{"damage":0,"enemies":"Cultist","floor":3,"turns":1},{"damage":3,"enemies":"Jaw Worm","floor":4,"turns":2},{"damage":0,"enemies":"Looter","floor":5,"turns":2},{"damage":0,"enemies":"Lagavulin","floor":7,"turns":5},{"damage":2,"enemies":"Gremlin Gang","floor":8,"turns":3},{"damage":0,"enemies":"Gremlin Nob","floor":10,"turns":2},{"damage":0,"enemies":"Exordium Wildlife","floor":12,"turns":2},{"damage":0,"enemies":"Lots of Slimes","floor":14,"turns":3},{"damage":11,"enemies":"Slime Boss","floor":16,"turns":6},{"damage":0,"enemies":"3 Byrds","floor":18,"turns":2},{"damage":10,"enemies":"Spheric Guardian","floor":20,"turns":3},{"damage":0,"enemies":"Cultist and Chosen","floor":21,"turns":5},{"damage":21,"enemies":"Book of Stabbing","floor":24,"turns":4},{"damage":40,"enemies":"Slavers","floor":27,"turns":4},{"damage":0,"enemies":"3 Cultists","floor":29,"turns":3},{"damage":12,"enemies":"Book of Stabbing","floor":30,"turns":2},{"damage":0,"enemies":"Snake Plant","floor":31,"turns":3},{"damage":23,"enemies":"Collector","floor":33,"turns":7},{"damage":1,"enemies":"Orb Walker","floor":35,"turns":2},{"damage":8,"enemies":"3 Darklings","floor":37,"turns":4},{"damage":34,"enemies":"Sphere and 2 Shapes","floor":39,"turns":4},{"damage":8,"enemies":"Nemesis","floor":40,"turns":5},{"damage":4,"enemies":"Giant Head","floor":42,"turns":5},{"damage":15,"enemies":"Nemesis","floor":45,"turns":3},{"damage":21,"enemies":"Writhing Mass","floor":46,"turns":4},{"damage":27,"enemies":"Reptomancer","floor":47,"turns":4},{"damage":0,"enemies":"Jaw Worm Horde","floor":48,"turns":2},{"damage":58,"enemies":"Time Eater","floor":50,"turns":8}],"seed_played":"-2060631130242539962","potions_obtained":[{"floor":4,"key":"SkillPotion"},{"floor":7,"key":"SpeedPotion"},{"floor":12,"key":"ColorlessPotion"},{"floor":18,"key":"ColorlessPotion"},{"floor":29,"key":"DuplicationPotion"},{"floor":33,"key":"Swift Potion"},{"floor":42,"key":"SneckoOil"}],"is_trial":false,"path_per_floor":["M","?","M","M","M","R","E","M","T","E","$","M","R","M","R","B",null,"M","?","M","M","$","R","E","R","T","E","?","M","E","M","R","B",null,"M","?","M","$","M","E","?","E","T","R","E","M","E","M","R","B"],"character_chosen":"THE_CURSED","items_purchased":["TheCursedMod:SpreadPlague","Anchor","TheCursedMod:WearCloak","TheCursedMod:CursedMace","TheCursedMod:CursedBoomerang","TheCursedMod:CursedSpellbook","Toxic Egg 2","War Paint"],"campfire_rested":4,"item_purchase_floors":[11,11,11,11,22,22,38,38],"current_hp_per_floor":[75,60,60,57,57,57,57,55,55,55,55,55,55,55,55,44,70,70,70,60,60,60,60,39,60,60,20,43,43,31,31,67,52,70,69,69,61,61,35,39,39,45,45,70,55,34,7,7,43,0,0],"gold":349,"neow_bonus":"RANDOM_COMMON_RELIC","is_daily":false,"chose_seed":false,"campfire_upgraded":4,"win_rate":0.0,"timestamp":1609725927,"path_taken":["M","?","M","M","M","R","E","M","T","E","$","M","R","M","R","BOSS","M","?","M","M","?","R","E","R","T","E","?","M","E","M","R","BOSS","M","?","M","$","?","E","?","E","T","R","E","M","E","?","R","BOSS"],"items_purchased_type":["Card","Relic","Card","Card","Card","Card","Relic","Relic"],"build_version":"2020-12-22","purchased_purges":1,"victory":false,"max_hp_per_floor":[75,75,75,75,75,75,75,75,75,75,75,75,75,75,75,75,70,70,70,70,70,70,70,70,70,70,70,70,70,70,70,70,70,70,70,70,70,70,70,70,70,70,70,70,70,70,70,70,70,70,70],"relic_stats":{"Regal Pillow":34,"counters":[29,96],"CeramicFish":324,"Pen Nib":[13],"Whetstone":["TheCursedMod:CursedStaff","TheCursedMod:CursedMace"],"War Paint":["TheCursedMod:DoubleShield","TheCursedMod:CursedSpellbook"],"obtain_stats":[{"Potion Belt":43,"TheCursedMod:FourLeafCloverCharm":0,"Regal Pillow":26,"CeramicFish":0,"Vajra":9,"Pen Nib":27,"EVO:Axolotl":0,"Whetstone":30,"War Paint":38,"Akabeko":45,"Mercury Hourglass":7,"Anchor":11,"HornCleat":42,"CCEMRelics:FryingPan":10,"Philosopher\u0027s Stone":34,"CCEMRelics:TinyMinotavrHorn":24,"energizedSpire:HugeHouse":17,"Toxic Egg 2":38,"jessBottle:WaterBottleRelic":0,"StrikeDummy":47,"Pocketwatch":40},{"Potion Belt":24,"TheCursedMod:FourLeafCloverCharm":0,"Regal Pillow":14,"CeramicFish":0,"Vajra":6,"Pen Nib":15,"EVO:Axolotl":0,"Whetstone":17,"War Paint":21,"Akabeko":25,"Mercury Hourglass":5,"Anchor":7,"HornCleat":24,"CCEMRelics:FryingPan":7,"Philosopher\u0027s Stone":19,"CCEMRelics:TinyMinotavrHorn":14,"energizedSpire:HugeHouse":10,"Toxic Egg 2":21,"jessBottle:WaterBottleRelic":0,"StrikeDummy":27,"Pocketwatch":23},{"Potion Belt":75,"TheCursedMod:FourLeafCloverCharm":0,"Regal Pillow":39,"CeramicFish":0,"Vajra":14,"Pen Nib":42,"EVO:Axolotl":0,"Whetstone":46,"War Paint":62,"Akabeko":78,"Mercury Hourglass":11,"Anchor":16,"HornCleat":75,"CCEMRelics:FryingPan":16,"Philosopher\u0027s Stone":56,"CCEMRelics:TinyMinotavrHorn":39,"energizedSpire:HugeHouse":27,"Toxic Egg 2":62,"jessBottle:WaterBottleRelic":0,"StrikeDummy":86,"Pocketwatch":70}],"Mercury Hourglass":[379],"Pocketwatch":[6]},"card_choices":[{"not_picked":["TheCursedMod:CursedShiv","TheCursedMod:SoulCrush"],"picked":"TheCursedMod:CursedBlade","floor":1},{"not_picked":["TheCursedMod:SpitefulStrike","TheCursedMod:ManaBullet"],"picked":"TheCursedMod:WearCloak","floor":3},{"not_picked":["TheCursedMod:WearCloak","TheCursedMod:CursedBlade"],"picked":"TheCursedMod:DoubleShield","floor":4},{"not_picked":["TheCursedMod:CursedAmulet","TheCursedMod:LuckyCharm"],"picked":"TheCursedMod:HellsGateOpen","floor":5},{"not_picked":["TheCursedMod:CursedBlade","TheCursedMod:DemonicPact"],"picked":"TheCursedMod:StingEye","floor":7},{"not_picked":["TheCursedMod:Obscuration","TheCursedMod:SaltUponWound"],"picked":"TheCursedMod:CursedStaff","floor":8},{"not_picked":["TheCursedMod:Stretching","TheCursedMod:StunningStrike"],"picked":"TheCursedMod:CursedShiv","floor":10},{"not_picked":["TheCursedMod:Stretching","TheCursedMod:SaltUponWound"],"picked":"TheCursedMod:SmokeScreen","floor":12},{"not_picked":["TheCursedMod:Obscuration","TheCursedMod:CircleOfFlame"],"picked":"TheCursedMod:HellfireBreathing","floor":14},{"not_picked":["TheCursedMod:ForbiddenAlchemy","TheCursedMod:NeowsMight"],"picked":"TheCursedMod:ManaCirculation","floor":16},{"not_picked":["TheCursedMod:WearCloak","TheCursedMod:VitalStrike"],"picked":"TheCursedMod:Stigma","floor":18},{"not_picked":["TheCursedMod:RapidMovement","TheCursedMod:SmokeScreen"],"picked":"TheCursedMod:HellsGateOpen+1","floor":20},{"not_picked":["TheCursedMod:CircleOfFlame","TheCursedMod:AntiAging"],"picked":"TheCursedMod:AbyssShockwave+1","floor":21},{"not_picked":["TheCursedMod:Stretching","TheCursedMod:RapidMovement+1"],"picked":"TheCursedMod:LuckyCharm","floor":24},{"not_picked":["TheCursedMod:CircleOfFocus+1","TheCursedMod:BloodBarrier"],"picked":"TheCursedMod:SoulReap+1","floor":27},{"not_picked":["TheCursedMod:SmokeScreen","TheCursedMod:Mangle"],"picked":"TheCursedMod:SpitefulPray","floor":29},{"not_picked":["TheCursedMod:SoulCrush+1","TheCursedMod:DarkBarrier"],"picked":"TheCursedMod:RapidMovement","floor":30},{"not_picked":["TheCursedMod:RavingStaff+1","TheCursedMod:SmokeScreen"],"picked":"TheCursedMod:CursedBlade","floor":31},{"not_picked":["TheCursedMod:VoidForm","TheCursedMod:AntiAging"],"picked":"TheCursedMod:OutForBlood","floor":33},{"not_picked":["TheCursedMod:CircleOfAmplification+1","TheCursedMod:Torture"],"picked":"TheCursedMod:HellfireBreathing+1","floor":35},{"not_picked":["TheCursedMod:FleshFromBone","TheCursedMod:Obscuration+1"],"picked":"TheCursedMod:WearCloak+1","floor":37},{"not_picked":["TheCursedMod:Wield","TheCursedMod:CursedAmulet+1"],"picked":"TheCursedMod:Torture+1","floor":39},{"not_picked":["TheCursedMod:Stretching+1","TheCursedMod:RapidMovement+1"],"picked":"TheCursedMod:CursedAmulet+1","floor":40},{"not_picked":["TheCursedMod:ManaBullet","TheCursedMod:RapidMovement+1"],"picked":"TheCursedMod:Grudge+1","floor":42},{"not_picked":["TheCursedMod:DoubleShield+1","TheCursedMod:PrepareRite+1"],"picked":"TheCursedMod:SpitefulPray+1","floor":45},{"not_picked":["TheCursedMod:Wield+1","TheCursedMod:Evocation+1"],"picked":"TheCursedMod:SurpriseAttack","floor":46},{"not_picked":["TheCursedMod:SurpriseAttack","TheCursedMod:TacticalStrike"],"picked":"TheCursedMod:SoulReap+1","floor":47},{"not_picked":["TheCursedMod:Stretching+1","TheCursedMod:AshesToAshes+1"],"picked":"TheCursedMod:BloodBarrier+1","floor":48}],"player_experience":328042,"relics_obtained":[{"floor":0,"key":"jessBottle:WaterBottleRelic"},{"floor":7,"key":"Mercury Hourglass"},{"floor":9,"key":"Vajra"},{"floor":10,"key":"CCEMRelics:FryingPan"},{"floor":24,"key":"CCEMRelics:TinyMinotavrHorn"},{"floor":26,"key":"Regal Pillow"},{"floor":27,"key":"Pen Nib"},{"floor":30,"key":"Whetstone"},{"floor":40,"key":"Pocketwatch"},{"floor":42,"key":"HornCleat"},{"floor":43,"key":"Potion Belt"},{"floor":45,"key":"Akabeko"},{"floor":47,"key":"StrikeDummy"}],"event_choices":[{"damage_healed":75,"gold_gain":0,"player_choice":"Upgrade","damage_taken":15,"max_hp_gain":0,"max_hp_loss":75,"event_name":"betterThird:BetterShining","floor":2,"gold_loss":0,"cards_upgraded":["TheCursedMod:CircleOfWindfury","TheCursedMod:SpitefulStrike"]},{"damage_healed":0,"gold_gain":0,"player_choice":"Upgraded Two","damage_taken":0,"max_hp_gain":0,"max_hp_loss":0,"event_name":"Designer","floor":19,"gold_loss":40,"cards_upgraded":["TheCursedMod:Hemoplague","TheCursedMod:CursedSpellbook"]},{"damage_healed":23,"gold_gain":0,"player_choice":"Heal","damage_taken":0,"max_hp_gain":0,"max_hp_loss":0,"event_name":"The Library","floor":28,"gold_loss":0},{"damage_healed":0,"gold_gain":100,"player_choice":"Pray","damage_taken":0,"max_hp_gain":0,"max_hp_loss":0,"event_name":"Golden Shrine","floor":36,"gold_loss":0},{"damage_healed":0,"gold_gain":0,"cards_transformed":["TheCursedMod:Strike_TheCursed"],"player_choice":"Transformed","damage_taken":0,"max_hp_gain":0,"max_hp_loss":0,"event_name":"Transmorgrifier","floor":41,"gold_loss":0,"cards_obtained":["TheCursedMod:HellsGateOpen"]}],"is_beta":false,"boss_relics":[{"not_picked":["aspiration:PoetsPen_weak","Tiny House"],"picked":"energizedSpire:HugeHouse"},{"not_picked":["CCEMRelics:TransientCore","CCEMRelics:GreenEgg"],"picked":"Philosopher\u0027s Stone"}],"items_purged_floors":[38],"is_endless":false,"potions_floor_spawned":[4,7,12,16,18,29,33,39,40,42],"killed_by":"Time Eater","ascension_level":1}}