{"host":"uflv0e3ja7hvnij7","time":1609796655,"event":{"mods":["Aspiration","BaseMod","Better Altar","Better Match","Better Note","Better Sensory Stone","Better Skull","Better Third Choice","Hubris","Minty Spire (QoL Compilation)","Permanent Neow","Shop Mod","StSLib"],"gold_per_floor":[110,128,128,53,67,67,98,98,98,137,237,237,276,304,304,412,412,412],"floor_reached":17,"playtime":855,"items_purged":["Strike_P"],"score":216,"play_id":"471919cd-7d21-4052-9973-73aba6a71620","local_time":"20210104164415","is_ascension_mode":true,"campfire_choices":[{"data":"Vigilance","floor":6,"key":"SMITH"},{"data":"hubris:EnhanceAbility","floor":12,"key":"SMITH"},{"data":"Wallop","floor":15,"key":"SMITH"}],"circlet_count":0,"master_deck":["Strike_P","Strike_P","Strike_P","Defend_P","Defend_P","Defend_P","Defend_P","Eruption+1","Vigilance+1","FlyingSleeves","Protect","ReachHeaven","hubris:EnhanceAbility+1","Wallop+1","CrushJoints","MentalFortress","Devotion"],"relics":["PureWater","aspiration:Nostalgia","Burning Blood","Pen Nib","CeramicFish","Mummified Hand","White Beast Statue","Runic Dome"],"acts_visited":["Exordium","TheCity"],"potions_floor_usage":[10,10,10],"damage_taken":[{"damage":4,"enemies":"Jaw Worm","floor":1,"turns":5},{"damage":0,"enemies":"Cultist","floor":2,"turns":2},{"damage":0,"enemies":"2 Louse","floor":5,"turns":1},{"damage":11,"enemies":"Lagavulin","floor":7,"turns":6},{"damage":12,"enemies":"3 Sentries","floor":10,"turns":6},{"damage":6,"enemies":"Lagavulin","floor":13,"turns":6},{"damage":0,"enemies":"Looter","floor":14,"turns":2},{"damage":8,"enemies":"Slime Boss","floor":16,"turns":5}],"seed_played":"139849091332614360","potions_obtained":[{"floor":1,"key":"SkillPotion"},{"floor":2,"key":"Swift Potion"},{"floor":5,"key":"EssenceOfSteel"},{"floor":13,"key":"Ancient Potion"},{"floor":14,"key":"SkillPotion"},{"floor":16,"key":"EntropicBrew"}],"is_trial":false,"path_per_floor":["M","M","?","$","M","R","E","?","T","E","?","R","E","M","R","B",null],"character_chosen":"WATCHER","items_purchased":[],"campfire_rested":0,"item_purchase_floors":[],"current_hp_per_floor":[72,72,72,72,72,72,67,67,67,61,61,61,61,67,67,65,70,70],"gold":412,"neow_bonus":"NOSTALGIA","is_daily":false,"chose_seed":false,"campfire_upgraded":3,"win_rate":0.0,"timestamp":1609796655,"path_taken":["M","M","?","$","?","R","E","?","T","E","?","R","E","M","R","BOSS"],"items_purchased_type":[],"build_version":"2020-12-22","purchased_purges":1,"victory":false,"max_hp_per_floor":[72,72,72,72,72,72,72,72,72,72,72,72,72,72,72,72,72,72],"card_choices":[{"not_picked":["Swivel","ThirdEye"],"picked":"FlyingSleeves","floor":1},{"not_picked":["Evaluate","JustLucky","PathToVictory"],"picked":"SKIP","floor":2},{"not_picked":["Consecrate","EmptyFist"],"picked":"Protect","floor":5},{"not_picked":["CutThroughFate","FollowUp"],"picked":"ReachHeaven","floor":7},{"not_picked":["Deep Breath","Bandage Up"],"picked":"hubris:EnhanceAbility","floor":8},{"not_picked":["WreathOfFlame","Ragnarok"],"picked":"Wallop","floor":10},{"not_picked":["Nirvana","Sanctity"],"picked":"CrushJoints","floor":13},{"not_picked":["Protect","Conclude"],"picked":"MentalFortress","floor":14},{"not_picked":["Brilliance","Omniscience"],"picked":"Devotion","floor":16}],"player_experience":480072,"relics_obtained":[{"floor":7,"key":"Pen Nib"},{"floor":9,"key":"CeramicFish"},{"floor":10,"key":"Mummified Hand"},{"floor":13,"key":"White Beast Statue"}],"event_choices":[{"damage_healed":0,"gold_gain":0,"player_choice":"Upgraded","damage_taken":0,"max_hp_gain":0,"max_hp_loss":0,"event_name":"Upgrade Shrine","floor":3,"gold_loss":0,"cards_upgraded":["Eruption"]},{"damage_healed":0,"gold_gain":1,"player_choice":"1","damage_taken":0,"max_hp_gain":0,"max_hp_loss":0,"event_name":"betterStone:BetterStone","floor":8,"gold_loss":0},{"damage_healed":0,"gold_gain":100,"player_choice":"Pray","damage_taken":0,"max_hp_gain":0,"max_hp_loss":0,"event_name":"Golden Shrine","floor":11,"gold_loss":0}],"is_beta":false,"boss_relics":[{"not_picked":["Fusion Hammer","hubris:HollowSoul"],"picked":"Runic Dome"}],"items_purged_floors":[4],"is_endless":false,"potions_floor_spawned":[1,2,5,13,14,16],"ascension_level":5}}