{"host":"qheym18ww6mhskxf","time":1609769611,"event":{"mods":["BaseMod","CapriCore","Friendly Minions","GungeonMod","KOR Keyword Fix","Minty Spire (QoL Compilation)","Prisma Mod","Quick Restart","RRrroohrrRGHHhhh!!","Rare Cards Sparkle","Shop Mod","Spicy Shops","StSLib","Username Fix"],"gold_per_floor":[109,109,9,84,108,108,108,133,159,198,198,239,239,258,258,258,258],"floor_reached":16,"playtime":316,"items_purged":["Strike_R"],"score":229,"play_id":"d34c3c84-30dc-48f1-8b16-d32088eaafe9","local_time":"20210104231331","daily_mods":["Time Dilation","Flight","DeadlyEvents","Elite Swarm"],"is_ascension_mode":true,"campfire_choices":[{"data":"PrismaMod:IllyaGun","floor":6.0,"key":"SMITH"},{"data":"Infernal Blade","floor":7.0,"key":"SMITH"},{"floor":11.0,"key":"REST"},{"data":"Double Tap","floor":13.0,"key":"SMITH"},{"data":"PrismaMod:IllyaPartialInstallAssassin","floor":15,"key":"SMITH"}],"circlet_count":0,"master_deck":["Strike_R","Strike_R","Strike_R","Strike_R","Defend_R","Defend_R","Defend_R","Defend_R","Bash","Infernal Blade+1","PrismaMod:IllyaGun+1","Cleave","Double Tap+1","PrismaMod:IllyaPartialInstallAssassin+1"],"relics":["Burning Blood","Golden Idol","Pen Nib","StoneCalendar","Art of War"],"acts_visited":["Exordium"],"potions_floor_usage":[],"damage_taken":[{"damage":1.0,"enemies":"Cultist","floor":1.0,"turns":3.0},{"damage":0.0,"enemies":"2 Louse","floor":5.0,"turns":2.0},{"damage":11.0,"enemies":"Small Slimes","floor":8.0,"turns":3.0},{"damage":28.0,"enemies":"Lagavulin","floor":10.0,"turns":5.0},{"damage":34.0,"enemies":"3 Sentries","floor":12.0,"turns":7.0},{"damage":6,"enemies":"Exordium Wildlife","floor":14,"turns":2},{"damage":24,"enemies":"Hexaghost","floor":16,"turns":4}],"seed_played":"4417582622555175182","potions_obtained":[{"floor":5.0,"key":"Block Potion"},{"floor":10.0,"key":"Regen Potion"},{"floor":12.0,"key":"PowerPotion"}],"is_trial":true,"path_per_floor":["M","?","$","?","M","R","R","M","T","E","R","E","R","M","R","B"],"character_chosen":"IRONCLAD","items_purchased":["PrismaMod:IllyaGun"],"campfire_rested":1,"item_purchase_floors":[3],"current_hp_per_floor":[77,57,57,49,55,55,55,50,50,28,52,39,39,39,39,15,15],"gold":258,"neow_bonus":"","is_daily":false,"chose_seed":false,"campfire_upgraded":4,"win_rate":0.0,"timestamp":1609769611,"path_taken":["M","?","$","?","?","R","R","M","T","E","R","E","R","M","R","BOSS"],"items_purchased_type":["Card"],"build_version":"2020-12-22","purchased_purges":1,"victory":false,"max_hp_per_floor":[80,80,80,80,80,80,80,80,80,80,80,80,80,80,80,80,80],"card_choices":[{"not_picked":["PrismaMod:IllyaBlindPoisonToss","Thunderclap"],"picked":"Infernal Blade","floor":1.0},{"not_picked":["PrismaMod:IllyaBoysLove","PrismaMod:IllyaCheapChannelAttack","Bloodletting"],"picked":"SKIP","floor":5.0},{"not_picked":["PrismaMod:IllyaHassanGift","Hemokinesis"],"picked":"Cleave","floor":8.0},{"not_picked":["Offering","Juggernaut","Corruption"],"picked":"SKIP","floor":10.0},{"not_picked":["rorgmod:Immolate","PrismaMod:IllyaZwei"],"picked":"Double Tap","floor":12.0},{"not_picked":["rorgmod:Searing Blow","Uppercut"],"picked":"PrismaMod:IllyaPartialInstallAssassin","floor":14}],"player_experience":508103,"relics_obtained":[{"floor":9.0,"key":"Pen Nib"},{"floor":10.0,"key":"StoneCalendar"},{"floor":12.0,"key":"Art of War"}],"event_choices":[{"damage_healed":0.0,"max_hp_gain":0.0,"max_hp_loss":0.0,"gold_gain":0.0,"event_name":"Golden Idol","player_choice":"Take Damage","floor":2.0,"gold_loss":0.0,"damage_taken":20.0,"relics_obtained":["Golden Idol"]},{"damage_healed":0.0,"max_hp_gain":0.0,"max_hp_loss":0.0,"gold_gain":75.0,"event_name":"FaceTrader","player_choice":"Touch","floor":4.0,"gold_loss":0.0,"damage_taken":8.0}],"is_beta":false,"boss_relics":[],"items_purged_floors":[3],"is_endless":true,"potions_floor_spawned":[5,10,12],"killed_by":"Hexaghost","ascension_level":9}}