{"host":"Qube","time":1609800123,"event":{"mods":["AchievementEnabler","BaseMod","Colored Map","Colored Powertips","Minty Spire (QoL Compilation)","Quick Restart","Random Character Button","StSLib"],"gold_per_floor":[119,194,205,205,220,220,255,430,457,140,140,155,172,205,205,283,283,293,293,293,39,58,58,89,89,114,149,179,179,204,221,221,300,300,316,330,33,255,280,280,313,313,392,392,412,429,441,459,459,459],"floor_reached":51,"playtime":2604,"items_purged":["Doubt","Defend_R"],"score":1388,"play_id":"1fe8775d-009a-45b4-966a-b86c6a6c5d20","local_time":"20210104144203","is_ascension_mode":true,"campfire_choices":[{"data":"True Grit","floor":6.0,"key":"SMITH"},{"data":"Armaments","floor":11.0,"key":"SMITH"},{"data":"Bludgeon","floor":15.0,"key":"SMITH"},{"data":"The Bomb","floor":23.0,"key":"SMITH"},{"floor":25.0,"key":"REST"},{"data":"Fiend Fire","floor":29.0,"key":"SMITH"},{"data":"Entrench","floor":32.0,"key":"SMITH"},{"data":"Fiend Fire","floor":40.0,"key":"SMITH"},{"data":"Madness","floor":44.0,"key":"SMITH"},{"data":"Barricade","floor":49,"key":"SMITH"}],"circlet_count":0,"master_deck":["AscendersBane","Defend_R","Defend_R","Defend_R","Bash+1","True Grit+1","Reckless Charge+1","Rampage","Madness","Wild Strike","Impervious","The Bomb+1","Armaments+1","Thunderclap","Dropkick","Bludgeon+1","Fiend Fire+1","Power Through","Bite","Bite","Bite","Bite","Bite","Corruption","Flame Barrier","Body Slam","Shrug It Off","Ghostly Armor","Cleave+1","Ghostly Armor","Fiend Fire+1","Entrench+1","Barricade+1","Shrug It Off","Spot Weakness+1","Madness+1","Madness","Parasite","Parasite","Second Wind","Shrug It Off"],"relics":["Burning Blood","NeowsBlessing","Happy Flower","Whetstone","Gremlin Horn","Runic Pyramid","Pantograph","Strawberry","Red Mask","Ice Cream","Girya","Cursed Key","Bronze Scales","TungstenRod","Paper Frog","InkBottle"],"acts_visited":["Exordium","TheCity","TheBeyond"],"potions_floor_usage":[50,50],"damage_taken":[{"damage":0.0,"enemies":"Cultist","floor":1.0,"turns":1.0},{"damage":0.0,"enemies":"2 Louse","floor":3.0,"turns":1.0},{"damage":0.0,"enemies":"Jaw Worm","floor":5.0,"turns":1.0},{"damage":41.0,"enemies":"Lagavulin","floor":7.0,"turns":8.0},{"damage":6.0,"enemies":"Blue Slaver","floor":12.0,"turns":5.0},{"damage":2.0,"enemies":"2 Fungi Beasts","floor":13.0,"turns":3.0},{"damage":2.0,"enemies":"3 Sentries","floor":14.0,"turns":4.0},{"damage":4.0,"enemies":"Slime Boss","floor":16.0,"turns":6.0},{"damage":28.0,"enemies":"2 Thieves","floor":18.0,"turns":3.0},{"damage":4.0,"enemies":"Chosen","floor":22.0,"turns":4.0},{"damage":20.0,"enemies":"Book of Stabbing","floor":24.0,"turns":5.0},{"damage":8.0,"enemies":"Masked Bandits","floor":27.0,"turns":4.0},{"damage":28.0,"enemies":"Slavers","floor":28.0,"turns":4.0},{"damage":13.0,"enemies":"Gremlin Leader","floor":30.0,"turns":9.0},{"damage":23.0,"enemies":"Shelled Parasite and Fungi","floor":31.0,"turns":5.0},{"damage":5.0,"enemies":"Collector","floor":33.0,"turns":6.0},{"damage":0.0,"enemies":"Orb Walker","floor":35.0,"turns":2.0},{"damage":33.0,"enemies":"3 Darklings","floor":36.0,"turns":3.0},{"damage":5.0,"enemies":"Mind Bloom Boss Battle","floor":39.0,"turns":7.0},{"damage":0.0,"enemies":"Reptomancer","floor":41.0,"turns":5.0},{"damage":28.0,"enemies":"Writhing Mass","floor":45.0,"turns":5.0},{"damage":0.0,"enemies":"Maw","floor":46.0,"turns":7.0},{"damage":5.0,"enemies":"Sphere and 2 Shapes","floor":47.0,"turns":8.0},{"damage":0,"enemies":"4 Shapes","floor":48,"turns":7},{"damage":27,"enemies":"Awakened One","floor":50,"turns":13}],"seed_played":"1715689385105835325","potions_obtained":[{"floor":3.0,"key":"LiquidBronze"},{"floor":5.0,"key":"SpeedPotion"},{"floor":12.0,"key":"LiquidMemories"},{"floor":22.0,"key":"Explosive Potion"},{"floor":24.0,"key":"GamblersBrew"},{"floor":30.0,"key":"SteroidPotion"},{"floor":31.0,"key":"Weak Potion"},{"floor":35.0,"key":"LiquidMemories"},{"floor":39.0,"key":"Explosive Potion"},{"floor":41.0,"key":"Weak Potion"},{"floor":48,"key":"Fire Potion"}],"is_trial":false,"path_per_floor":["M","?","M","?","M","R","E","?","T","$","R","M","M","E","R","B",null,"M","?","?","$","M","R","E","R","T","?","E","R","E","M","R","B",null,"M","M","$","?","?","R","E","?","T","R","M","M","M","M","R","B",null],"character_chosen":"IRONCLAD","items_purchased":["The Bomb","Armaments","Corruption","Flame Barrier","Body Slam","Shrug It Off","Shrug It Off","Bronze Scales"],"campfire_rested":1,"item_purchase_floors":[10,10,21,21,21,21,37,37],"current_hp_per_floor":[74,63,69,69,75,75,40,40,40,40,40,40,44,48,48,50,69,47,47,39,39,47,47,37,54,61,64,46,46,57,45,45,64,64,64,41,41,41,64,64,64,57,57,57,37,53,60,64,64,51],"gold":459,"neow_bonus":"THREE_ENEMY_KILL","is_daily":false,"chose_seed":false,"campfire_upgraded":9,"win_rate":0.0,"timestamp":1609800123,"path_taken":["M","?","M","?","?","R","E","?","T","$","R","M","M","E","R","BOSS","M","?","?","$","M","R","E","R","T","?","E","R","E","?","R","BOSS","M","M","$","?","?","R","E","?","T","R","M","M","M","M","R","BOSS"],"items_purchased_type":["Card","Card","Card","Card","Card","Card","Card","Relic"],"build_version":"2020-12-18","purchased_purges":2,"victory":true,"max_hp_per_floor":[75,75,75,75,75,75,75,75,75,75,75,75,75,75,75,75,75,75,52,57,57,57,57,57,57,64,64,64,64,64,64,64,64,64,64,64,64,64,64,64,64,64,64,64,64,64,64,64,64,64],"card_choices":[{"not_picked":["Clash","Dual Wield"],"picked":"True Grit","floor":1.0},{"not_picked":["Clothesline","Shrug It Off"],"picked":"Reckless Charge","floor":3.0},{"not_picked":["Iron Wave","Clothesline"],"picked":"Wild Strike","floor":5.0},{"not_picked":["Sword Boomerang","Pummel"],"picked":"Impervious","floor":7.0},{"not_picked":["Flex","Shockwave"],"picked":"Thunderclap","floor":12.0},{"not_picked":["Iron Wave","Hemokinesis"],"picked":"Dropkick","floor":13.0},{"not_picked":["Shrug It Off","Burning Pact"],"picked":"Bludgeon","floor":14.0},{"not_picked":["Feed","Corruption"],"picked":"Fiend Fire","floor":16.0},{"not_picked":["Heavy Blade+1","Armaments"],"picked":"Power Through","floor":18.0},{"not_picked":["Hemokinesis","Battle Trance"],"picked":"Ghostly Armor","floor":22.0},{"not_picked":["Sword Boomerang","Sever Soul"],"picked":"Cleave+1","floor":24.0},{"not_picked":["Heavy Blade","Reckless Charge+1"],"picked":"Ghostly Armor","floor":27.0},{"not_picked":["Sever Soul","Headbutt"],"picked":"Fiend Fire","floor":28.0},{"not_picked":["True Grit","Havoc","Anger"],"picked":"SKIP","floor":30.0},{"not_picked":["Iron Wave","Twin Strike"],"picked":"Entrench","floor":31.0},{"not_picked":["Reaper","Demon Form"],"picked":"Barricade","floor":33.0},{"not_picked":["Pummel","Pommel Strike","Wild Strike"],"picked":"SKIP","floor":35.0},{"not_picked":["Dropkick","Blood for Blood","Body Slam"],"picked":"SKIP","floor":36.0},{"not_picked":["Clash","Fire Breathing+1"],"picked":"Spot Weakness+1","floor":41.0},{"not_picked":["Inflame","Double Tap","True Grit"],"picked":"SKIP","floor":45.0},{"not_picked":["Battle Trance","Fire Breathing"],"picked":"Second Wind","floor":46.0},{"not_picked":["True Grit","Thunderclap"],"picked":"Shrug It Off","floor":47.0},{"not_picked":["Flex+1","True Grit","Anger"],"picked":"SKIP","floor":48}],"player_experience":753532,"relics_obtained":[{"floor":7.0,"key":"Happy Flower"},{"floor":9.0,"key":"Whetstone"},{"floor":14.0,"key":"Gremlin Horn"},{"floor":24.0,"key":"Pantograph"},{"floor":26.0,"key":"Strawberry"},{"floor":27.0,"key":"Red Mask"},{"floor":28.0,"key":"Ice Cream"},{"floor":30.0,"key":"Girya"},{"floor":39.0,"key":"TungstenRod"},{"floor":41.0,"key":"Paper Frog"},{"floor":43.0,"key":"InkBottle"}],"event_choices":[{"damage_healed":0.0,"max_hp_gain":0.0,"max_hp_loss":0.0,"gold_gain":75.0,"event_name":"World of Goop","player_choice":"Gather Gold","floor":2.0,"gold_loss":0.0,"damage_taken":11.0},{"damage_healed":0.0,"max_hp_gain":0.0,"max_hp_loss":0.0,"gold_gain":0.0,"event_name":"Match and Keep!","player_choice":"2 cards matched","floor":4.0,"gold_loss":0.0,"damage_taken":0.0,"cards_obtained":["Rampage","Madness"]},{"damage_healed":0.0,"max_hp_gain":0.0,"max_hp_loss":0.0,"gold_gain":175.0,"event_name":"Liars Game","player_choice":"AGREE","floor":8.0,"gold_loss":0.0,"damage_taken":0.0,"cards_obtained":["Doubt"]},{"damage_healed":0.0,"max_hp_gain":0.0,"max_hp_loss":23.0,"gold_gain":0.0,"event_name":"Vampires","player_choice":"Became a vampire","floor":19.0,"gold_loss":0.0,"damage_taken":0.0,"cards_obtained":["Bite","Bite","Bite","Bite","Bite"]},{"damage_healed":0.0,"max_hp_gain":5.0,"max_hp_loss":0.0,"gold_gain":0.0,"event_name":"Forgotten Altar","player_choice":"Shed Blood","floor":20.0,"gold_loss":0.0,"damage_taken":13.0},{"damage_healed":0.0,"max_hp_gain":0.0,"max_hp_loss":0.0,"gold_gain":0.0,"event_name":"Masked Bandits","player_choice":"Fought Bandits","floor":27.0,"gold_loss":0.0,"damage_taken":0.0},{"damage_healed":0.0,"max_hp_gain":0.0,"max_hp_loss":0.0,"gold_gain":222.0,"event_name":"Tomb of Lord Red Mask","player_choice":"Wore Mask","floor":38.0,"gold_loss":0.0,"damage_taken":0.0},{"damage_healed":0.0,"max_hp_gain":0.0,"max_hp_loss":0.0,"gold_gain":0.0,"event_name":"MindBloom","player_choice":"Fight","floor":39.0,"gold_loss":0.0,"damage_taken":0.0},{"damage_healed":0.0,"max_hp_gain":0.0,"max_hp_loss":0.0,"gold_gain":0.0,"event_name":"Winding Halls","player_choice":"Embrace Madness","floor":42.0,"gold_loss":0.0,"damage_taken":8.0,"cards_obtained":["Madness","Madness"]}],"is_beta":true,"boss_relics":[{"not_picked":["Ectoplasm","Mark of Pain"],"picked":"Runic Pyramid"},{"not_picked":["Runic Dome","Fusion Hammer"],"picked":"Cursed Key"}],"items_purged_floors":[10,37],"is_endless":false,"potions_floor_spawned":[3,5,12,22,24,30,31,35,39,41,48],"ascension_level":14}}