{"host":"ox77rn1xcurm2t5a","time":1609803775,"event":{"mods":["2.2 Compatiblity","AchievementEnabler","Act Like it!","Aspiration","BaseMod","Best Route Mod","Better Match","Better Note","Better Sensory Stone","Block Reminder","Colored Map","Colored Powertips","Conjunction","Conspire","Custom Start","Energized Spire","GifTheSpireLib","Gold Saver","Gremlin Skip","Halation","Highlight Path","Hubris","Infinite Spire","Minty Spire (QoL Compilation)","Pale of the Ancients","Quick Restart","Replay The Spire","Reworked Bosses","ShortenTheSpire","Spire Exporter","StSLib","Stuff the Spire","Wandering Minibosses","vexMod"],"gold_per_floor":[802,730,743,755,773,798,811,811,885,885,885,911,911,911,911],"floor_reached":14,"playtime":391,"items_purged":[],"score":155,"play_id":"d8877c10-68fb-4f90-bed4-3c04490e9c7f","local_time":"20210105014255","is_ascension_mode":true,"campfire_choices":[{"floor":8,"key":"RECALL"},{"floor":10,"key":"REST"},{"data":"Zap","floor":13,"key":"SMITH"}],"circlet_count":0,"master_deck":["AscendersBane","Strike_B","Strike_B","Strike_B","Strike_B","Defend_B","Defend_B","Defend_B","Defend_B","Zap+1","Dualcast","Gash","Gash","Capacitor"],"relics":["Cracked Core","infinitespire:PuzzleCube","Garlic","hubris:SoftwareUpdate","conspire:Flyswatter"],"acts_visited":["Exordium"],"potions_floor_usage":[6,6,12,14],"damage_taken":[{"damage":0,"enemies":"Cultist","floor":1,"turns":3},{"damage":7,"enemies":"Jaw Worm","floor":3,"turns":2},{"damage":4,"enemies":"2 Louse","floor":4,"turns":2},{"damage":8,"enemies":"Red Slaver","floor":5,"turns":4},{"damage":29,"enemies":"Lagavulin","floor":6,"turns":6},{"damage":5,"enemies":"Looter","floor":7,"turns":3},{"damage":69,"enemies":"Gremlin Nob","floor":12,"turns":5},{"damage":25,"enemies":"3 Sentries","floor":14,"turns":5}],"seed_played":"6789623992982437218","potions_obtained":[{"floor":3,"key":"Fire Potion"},{"floor":4,"key":"EntropicBrew"},{"floor":12,"key":"Conjunction:LightningMarble"}],"is_trial":false,"path_per_floor":["M","?","M","M","M","E","M","R","T","R","?","E","R","E"],"character_chosen":"DEFECT","items_purchased":[],"campfire_rested":1,"item_purchase_floors":[],"current_hp_per_floor":[68,68,61,57,49,20,15,15,15,37,37,22,22,0,0],"gold":911,"neow_bonus":"RANDOM_COMMON_RELIC","is_daily":false,"chose_seed":false,"campfire_upgraded":1,"win_rate":0.0,"timestamp":1609803775,"path_taken":["M","?","M","?","M","E","M","R","T","R","?","E","R","E"],"items_purchased_type":[],"build_version":"2020-12-22","purchased_purges":0,"victory":false,"max_hp_per_floor":[75,75,75,75,75,75,75,75,75,75,75,75,75,75,75],"card_choices":[{"not_picked":["StuffTheSpire:LoadUp","Static Discharge"],"picked":"Gash","floor":1},{"not_picked":["Beam Cell","Time Bomb","Panic Button"],"picked":"SKIP","floor":3},{"not_picked":["Rebound","Stack","Self Repair"],"picked":"SKIP","floor":4},{"not_picked":["ReplayGash","Compile Driver","Doom and Gloom"],"picked":"SKIP","floor":5},{"not_picked":["All For One","StuffTheSpire:GlassShard"],"picked":"Gash","floor":6},{"not_picked":["StuffTheSpire:LoadUp","Turbo","Coolheaded"],"picked":"SKIP","floor":7},{"not_picked":["Sweeping Beam","StuffTheSpire:Rend"],"picked":"Capacitor","floor":12}],"player_experience":2892000,"relics_obtained":[{"floor":6,"key":"hubris:SoftwareUpdate"},{"floor":12,"key":"conspire:Flyswatter"}],"event_choices":[{"damage_healed":0,"gold_gain":0,"player_choice":"Paid Gold","damage_taken":0,"relics_obtained":["Garlic"],"max_hp_gain":0,"max_hp_loss":0,"event_name":"WeMeetAgain","floor":2,"gold_loss":72}],"is_beta":false,"boss_relics":[],"items_purged_floors":[],"is_endless":false,"potions_floor_spawned":[3,4,12],"killed_by":"3 Sentries","ascension_level":11}}