{"host":"w7dhjqgqsib0c3vt","time":1609780349,"event":{"mods":["ATMod(°¢èªMod)","BaseMod","Minty Spire (QoL Compilation)","Shop Mod","StSLib","TheWitcher"],"gold_per_floor":[120,135,154,6,16,41,41,68,68,86,86,100,110,80,80,175,175,187,102,27,43,43,43,55,55,108,118,118,148,178,19,19,124,124,138,138,150,150,167,197,197,197,197,46,66,66,66,118,118,118],"floor_reached":51,"playtime":1576,"items_purged":["Decay"],"score":1249,"play_id":"320a1ee9-a490-4a25-b39d-0eb26c7a23f1","local_time":"20210105011229","is_ascension_mode":true,"campfire_choices":[{"floor":7.0,"key":"REST"},{"floor":15.0,"key":"REST"},{"data":"1","floor":23.0,"key":"LIFT"},{"data":"2","floor":28.0,"key":"LIFT"},{"floor":32.0,"key":"REST"},{"floor":41,"key":"REST"},{"data":"3","floor":47,"key":"LIFT"},{"floor":49,"key":"REST"}],"circlet_count":0,"master_deck":["AscendersBane","Strike_G","Strike_G","Strike_G","Defend_G","Defend_G","Defend_G","Defend_G","Survivor","Neutralize","AT_ManFootWork","Leg Sweep+1","Blur+1","AT_ArcaneSupremacy+1","Dash","Slice","Crippling Poison","Footwork","Deadly Poison","Bullet Time","Poisoned Stab","Deadly Poison","Phantasmal Killer","AT_EmpoweredMortalDraw","Deadly Poison+1","AT_Desolate","Dagger Spray","Necronomicurse","Masterful Stab","Crippling Poison","PiercingWail","Trip","Corpse Explosion","Bane","Writhe","Purity","AT_WindRun+1","Masterful Stab","Blade Dance+1","AT_FocusSwordFire"],"relics":["AT_ATBox","Astrolabe","Toolbox","Vajra","HornCleat","CaptainsWheel","AT_MortalBlade","Girya","Necronomicon","AT_ChloranthyRing","Red Mask","Toy Ornithopter","Runic Pyramid","FossilizedHelix","Pear","TwistedFunnel","Torii"],"acts_visited":["Exordium","TheCity","TheBeyond"],"potions_floor_usage":[40,40],"damage_taken":[{"damage":0.0,"enemies":"Cultist","floor":1.0,"turns":5.0},{"damage":0.0,"enemies":"2 Louse","floor":2.0,"turns":4.0},{"damage":0.0,"enemies":"Small Slimes","floor":3.0,"turns":5.0},{"damage":1.0,"enemies":"Exordium Thugs","floor":5.0,"turns":4.0},{"damage":20.0,"enemies":"Gremlin Nob","floor":6.0,"turns":6.0},{"damage":15.0,"enemies":"Lagavulin","floor":8.0,"turns":9.0},{"damage":0.0,"enemies":"Exordium Wildlife","floor":10.0,"turns":5.0},{"damage":8.0,"enemies":"2 Fungi Beasts","floor":12.0,"turns":2.0},{"damage":0.0,"enemies":"Blue Slaver","floor":13.0,"turns":4.0},{"damage":0.0,"enemies":"The Guardian","floor":16.0,"turns":8.0},{"damage":0.0,"enemies":"2 Thieves","floor":18.0,"turns":1.0},{"damage":0.0,"enemies":"3 Byrds","floor":21.0,"turns":1.0},{"damage":0.0,"enemies":"Centurion and Healer","floor":22.0,"turns":1.0},{"damage":7.0,"enemies":"Chosen and Byrds","floor":24.0,"turns":3.0},{"damage":0.0,"enemies":"Snake Plant","floor":27.0,"turns":4.0},{"damage":0.0,"enemies":"Masked Bandits","floor":29.0,"turns":3.0},{"damage":7.0,"enemies":"Gremlin Leader","floor":30.0,"turns":6.0},{"damage":49.0,"enemies":"Automaton","floor":33.0,"turns":8.0},{"damage":16.0,"enemies":"3 Darklings","floor":35.0,"turns":2.0},{"damage":22.0,"enemies":"3 Shapes","floor":37.0,"turns":3.0},{"damage":0.0,"enemies":"Jaw Worm Horde","floor":39.0,"turns":1.0},{"damage":35,"enemies":"Giant Head","floor":40,"turns":8},{"damage":0,"enemies":"3 Darklings","floor":45,"turns":2},{"damage":0,"enemies":"Sphere and 2 Shapes","floor":46,"turns":1},{"damage":0,"enemies":"2 Orb Walkers","floor":48,"turns":2},{"damage":40,"enemies":"Donu and Deca","floor":50,"turns":4}],"seed_played":"4505782817418883447","potions_obtained":[{"floor":2.0,"key":"LiquidBronze"},{"floor":5.0,"key":"Fire Potion"},{"floor":10.0,"key":"Explosive Potion"},{"floor":13.0,"key":"Swift Potion"},{"floor":14.0,"key":"CultistPotion"},{"floor":14.0,"key":"AttackPotion"},{"floor":18.0,"key":"DistilledChaos"},{"floor":27.0,"key":"SkillPotion"},{"floor":29.0,"key":"Regen Potion"},{"floor":37.0,"key":"PowerPotion"},{"floor":39.0,"key":"CunningPotion"}],"is_trial":false,"path_per_floor":["M","M","M","$","M","E","R","E","T","M","?","M","M","?","R","B",null,"M","?","$","M","M","R","M","?","T","M","R","?","E","$","R","B",null,"M","?","M","?","M","E","R","?","T","$","M","M","R","?","R","B",null],"character_chosen":"THE_SILENT","items_purchased":["Toolbox","AT_Desolate","Trip","TwistedFunnel"],"campfire_rested":5,"item_purchase_floors":[4,20,31,44],"current_hp_per_floor":[63,63,63,63,62,42,63,48,48,48,48,40,40,40,61,61,68,68,68,68,68,68,68,61,45,45,45,45,45,38,38,59,22,58,42,60,38,38,38,13,34,34,44,44,44,44,44,44,68,28],"gold":118,"neow_bonus":"BOSS_RELIC","is_daily":false,"chose_seed":false,"campfire_upgraded":0,"win_rate":0.0,"timestamp":1609780349,"path_taken":["M","?","M","$","M","E","R","E","T","M","?","M","?","?","R","BOSS","M","?","$","M","M","?","M","?","T","M","R","?","E","$","R","BOSS","M","?","M","?","M","E","R","?","T","$","M","M","?","?","R","BOSS"],"items_purchased_type":["Relic","Card","Card","Relic"],"build_version":"2020-12-22","purchased_purges":1,"victory":true,"max_hp_per_floor":[70,70,70,70,70,70,70,70,70,70,70,70,70,70,70,70,70,70,70,70,70,70,70,70,70,70,70,70,70,70,70,70,70,70,70,70,70,70,70,70,70,70,80,80,80,80,80,80,80,80],"card_choices":[{"not_picked":["AT_WindFlip","Acrobatics"],"picked":"Dash","floor":1.0},{"not_picked":["Backflip","Flechettes"],"picked":"Slice","floor":2.0},{"not_picked":["Dagger Spray","Dodge and Roll"],"picked":"Crippling Poison","floor":3.0},{"not_picked":["Backflip","Accuracy"],"picked":"Flying Knee","floor":5.0},{"not_picked":["Reflex","Flechettes"],"picked":"Footwork","floor":6.0},{"not_picked":["All Out Attack","Choke"],"picked":"Deadly Poison","floor":8.0},{"not_picked":["Dagger Throw","AT_ShadowStep"],"picked":"Bullet Time","floor":10.0},{"not_picked":["Bane","Flying Knee"],"picked":"Poisoned Stab","floor":12.0},{"not_picked":["Acrobatics","PiercingWail"],"picked":"Deadly Poison","floor":13.0},{"not_picked":["Die Die Die","Venomology"],"picked":"Phantasmal Killer","floor":16.0},{"not_picked":["AT_WomanClash","Flechettes"],"picked":"Deadly Poison+1","floor":18.0},{"not_picked":["Slice","Cloak And Dagger"],"picked":"Dagger Spray","floor":21.0},{"not_picked":["Setup","Storm of Steel","Eviscerate"],"picked":"SKIP","floor":24.0},{"not_picked":["Slice+1","Backflip"],"picked":"Masterful Stab","floor":27.0},{"not_picked":["Deflect","Quick Slash"],"picked":"Crippling Poison","floor":29.0},{"not_picked":["Dodge and Roll+1","Deflect"],"picked":"PiercingWail","floor":30.0},{"not_picked":["Wraith Form v2","Venomology"],"picked":"Corpse Explosion","floor":33.0},{"not_picked":["Endless Agony","AT_TwilightShroud+1"],"picked":"Bane","floor":35.0},{"not_picked":["PiercingWail","Dodge and Roll","AT_WindFlip"],"picked":"SKIP","floor":37.0},{"not_picked":["Forethought","AT_CelerityRune"],"picked":"Purity","floor":38.0},{"not_picked":["Quick Slash","Acrobatics+1"],"picked":"AT_WindRun+1","floor":39.0},{"not_picked":["Tools of the Trade","AT_KneejerkReflex"],"picked":"Masterful Stab","floor":40},{"not_picked":["PiercingWail","Cloak And Dagger+1"],"picked":"Blade Dance+1","floor":45},{"not_picked":["Prepared","Sucker Punch"],"picked":"AT_FocusSwordFire","floor":48}],"player_experience":601194,"relics_obtained":[{"floor":6.0,"key":"Vajra"},{"floor":8.0,"key":"HornCleat"},{"floor":9.0,"key":"CaptainsWheel"},{"floor":25.0,"key":"Necronomicon"},{"floor":26.0,"key":"AT_ChloranthyRing"},{"floor":29.0,"key":"Red Mask"},{"floor":30.0,"key":"Toy Ornithopter"},{"floor":40,"key":"FossilizedHelix"},{"floor":43,"key":"Pear"},{"floor":48,"key":"Torii"}],"event_choices":[{"damage_healed":0.0,"max_hp_gain":0.0,"max_hp_loss":0.0,"gold_gain":0.0,"event_name":"Wheel of Change","player_choice":"Cursed","floor":11.0,"gold_loss":0.0,"damage_taken":0.0,"cards_obtained":["Decay"]},{"damage_healed":0.0,"max_hp_gain":0.0,"max_hp_loss":0.0,"gold_gain":0.0,"event_name":"The Woman in Blue","player_choice":"Bought 2 Potions","floor":14.0,"gold_loss":0.0,"damage_taken":0.0},{"damage_healed":0.0,"max_hp_gain":0.0,"max_hp_loss":0.0,"gold_gain":0.0,"event_name":"Addict","player_choice":"Obtained Relic","floor":19.0,"gold_loss":85.0,"damage_taken":0.0,"relics_obtained":["Girya"]},{"damage_healed":0.0,"max_hp_gain":0.0,"max_hp_loss":0.0,"gold_gain":0.0,"event_name":"Cursed Tome","player_choice":"Obtained Book","floor":25.0,"gold_loss":0.0,"damage_taken":16.0},{"damage_healed":0.0,"max_hp_gain":0.0,"max_hp_loss":0.0,"gold_gain":0.0,"event_name":"Masked Bandits","player_choice":"Fought Bandits","floor":29.0,"gold_loss":0.0,"damage_taken":0.0},{"damage_healed":18.0,"max_hp_gain":0.0,"max_hp_loss":0.0,"gold_gain":0.0,"event_name":"Winding Halls","player_choice":"Writhe","floor":36.0,"gold_loss":0.0,"damage_taken":0.0,"cards_obtained":["Writhe"]},{"damage_healed":0.0,"max_hp_gain":0.0,"max_hp_loss":0.0,"gold_gain":0.0,"event_name":"SensoryStone","player_choice":"Memory 1","floor":38.0,"gold_loss":0.0,"damage_taken":0.0},{"cards_removed":["Flying Knee"],"damage_healed":0,"gold_gain":0,"player_choice":"Removed Attack","damage_taken":0,"max_hp_gain":0,"max_hp_loss":0,"event_name":"Falling","floor":42,"gold_loss":0},{"damage_healed":0,"gold_gain":0,"player_choice":"Fight","damage_taken":0,"max_hp_gain":0,"max_hp_loss":0,"event_name":"Mysterious Sphere","floor":48,"gold_loss":0}],"is_beta":false,"boss_relics":[{"not_picked":["Empty Cage","Black Star"],"picked":"AT_MortalBlade"},{"not_picked":["SacredBark","Coffee Dripper"],"picked":"Runic Pyramid"}],"items_purged_floors":[31],"is_endless":false,"potions_floor_spawned":[2,5,10,13,18,21,27,29,37,39,46],"ascension_level":12}}