{"host":"ot9z0eifjz4krizf","time":1609741825,"event":{"mods":["BaseMod","Minty Spire (QoL Compilation)","Quick Restart","StSLib","The Wild Card"],"gold_per_floor":[111,131,131,147,160,192,203,203,203,203,215,215,215,225,225,325,325,343,355,126,143,143,143,162,175,175,195,212,212,230,243,243,342,392,407,90,90,104,123,123,143,143,168,168,179,179,179,0,0,0],"floor_reached":51,"playtime":8309,"items_purged":["theWildCard:Alice"],"score":632,"play_id":"82bbcaef-e459-4cf9-a9d1-d992424c9fe3","local_time":"20210104013025","is_ascension_mode":false,"campfire_choices":[{"data":"theWildCard:Arsene","floor":8,"key":"SMITH"},{"data":"theWildCard:MaskChange","floor":10,"key":"SMITH"},{"data":"theWildCard:SeveringSlash","floor":13,"key":"SMITH"},{"data":"theWildCard:BasicDefend","floor":15,"key":"SMITH"},{"data":"theWildCard:CryOfAgony","floor":23,"key":"SMITH"},{"floor":32,"key":"REST"},{"data":"theWildCard:Overwhelm","floor":40,"key":"SMITH"},{"data":"theWildCard:ArcaneArts","floor":42,"key":"SMITH"},{"data":"theWildCard:Abstinence","floor":44,"key":"SMITH"},{"floor":47,"key":"REST"},{"data":"theWildCard:BasicDefend","floor":49,"key":"SMITH"}],"circlet_count":0,"master_deck":["theWildCard:BasicStrike","theWildCard:BasicStrike","theWildCard:BasicStrike+1","theWildCard:BasicStrike","theWildCard:BasicDefend+1","theWildCard:BasicDefend+1","theWildCard:BasicDefend+1","theWildCard:CallToAdventure","theWildCard:Arsene+1","theWildCard:Patience","theWildCard:Michael","theWildCard:Salvation","theWildCard:ArcaneArts+1","theWildCard:Scathach+1","theWildCard:SeveringSlash+1","theWildCard:TheArcanaUnleashed","theWildCard:BladeOfGenerations","theWildCard:PaleRider+1","theWildCard:TheArcanaUnleashed","theWildCard:CryOfAgony+1","theWildCard:Sakuya","theWildCard:MagicalMight+1","theWildCard:StalwartBlade","theWildCard:EnergizedStroke","theWildCard:Abstinence+1","theWildCard:Safeguard","theWildCard:ArchaicAssault","theWildCard:Overwhelm+1","theWildCard:Abstinence+1","theWildCard:Abstinence+1","Madness","Good Instincts","theWildCard:ArchaicAssault+1","theWildCard:Michael+1","theWildCard:StingingStrike"],"relics":["theWildCard:VelvetContract","NeowsBlessing","Sundial","Ornamental Fan","theWildCard:MemoriesOfPhantasm","Sozu","War Paint","Tiny House","HandDrill","Happy Flower","Red Mask"],"acts_visited":["Exordium","TheCity","TheBeyond"],"potions_floor_usage":[16,16,19],"damage_taken":[{"damage":0,"enemies":"Jaw Worm","floor":1,"turns":1},{"damage":0,"enemies":"Cultist","floor":2,"turns":1},{"damage":0,"enemies":"Small Slimes","floor":4,"turns":1},{"damage":0,"enemies":"Exordium Thugs","floor":5,"turns":5},{"damage":1,"enemies":"Lagavulin","floor":6,"turns":5},{"damage":0,"enemies":"Red Slaver","floor":7,"turns":3},{"damage":0,"enemies":"Blue Slaver","floor":11,"turns":4},{"damage":0,"enemies":"3 Louse","floor":14,"turns":3},{"damage":30,"enemies":"Hexaghost","floor":16,"turns":14},{"damage":0,"enemies":"3 Byrds","floor":18,"turns":5},{"damage":1,"enemies":"2 Thieves","floor":19,"turns":4},{"damage":12,"enemies":"Shelled Parasite and Fungi","floor":21,"turns":5},{"damage":0,"enemies":"Sentry and Sphere","floor":24,"turns":4},{"damage":13,"enemies":"Chosen and Byrds","floor":25,"turns":5},{"damage":2,"enemies":"Snake Plant","floor":27,"turns":5},{"damage":0,"enemies":"Centurion and Healer","floor":28,"turns":5},{"damage":9,"enemies":"Shelled Parasite and Fungi","floor":30,"turns":5},{"damage":0,"enemies":"Snecko","floor":31,"turns":6},{"damage":22,"enemies":"Collector","floor":33,"turns":8},{"damage":1,"enemies":"Orb Walker","floor":35,"turns":4},{"damage":10,"enemies":"3 Darklings","floor":38,"turns":5},{"damage":0,"enemies":"Transient","floor":39,"turns":5},{"damage":8,"enemies":"Jaw Worm Horde","floor":41,"turns":3},{"damage":11,"enemies":"Sphere and 2 Shapes","floor":45,"turns":5},{"damage":56,"enemies":"Time Eater","floor":50,"turns":20}],"seed_played":"5795842475787873154","potions_obtained":[{"floor":2,"key":"GamblersBrew"},{"floor":6,"key":"SkillPotion"},{"floor":14,"key":"DuplicationPotion"},{"floor":16,"key":"AttackPotion"}],"is_trial":false,"path_per_floor":["M","M","?","M","M","E","M","R","T","R","M","?","R","M","R","B",null,"M","M","$","M","?","R","M","M","T","M","M","?","M","M","R","B",null,"M","$","?","M","M","R","M","R","T","R","M","?","R","?","R","B",null],"character_chosen":"THE_WILD_CARD","items_purchased":["theWildCard:TheArcanaUnleashed","theWildCard:CryOfAgony","theWildCard:Sakuya","HandDrill","Madness"],"campfire_rested":2,"item_purchase_floors":[20,20,20,36,36],"current_hp_per_floor":[60,60,60,60,60,59,59,59,59,59,59,59,59,59,59,29,60,60,59,59,51,51,51,51,38,38,44,44,44,39,43,60,42,65,64,64,64,58,62,62,57,57,57,57,46,46,65,65,65,17],"gold":0,"neow_bonus":"THREE_ENEMY_KILL","is_daily":false,"chose_seed":false,"campfire_upgraded":9,"win_rate":0.0,"timestamp":1609741825,"path_taken":["M","M","?","M","?","E","M","R","T","R","M","?","R","M","R","BOSS","M","M","$","M","?","R","M","?","T","M","M","?","M","M","R","BOSS","M","$","?","M","M","R","M","R","T","R","M","?","R","?","R","BOSS"],"items_purchased_type":["Card","Card","Card","Relic","Card"],"build_version":"2020-12-22","purchased_purges":1,"victory":true,"max_hp_per_floor":[60,60,60,60,60,60,60,60,60,60,60,60,60,60,60,60,60,60,60,60,60,60,60,60,60,60,60,60,60,60,60,60,60,65,65,65,65,65,65,65,65,65,65,65,65,65,65,65,65,65],"card_choices":[{"not_picked":["theWildCard:ArcaneArts","theWildCard:SeveringSlash"],"picked":"theWildCard:Patience","floor":1},{"not_picked":["theWildCard:ArchaicAssault","theWildCard:ArcaneArts"],"picked":"theWildCard:Michael","floor":2},{"not_picked":["theWildCard:SeveringSlash","theWildCard:ArcaneArts"],"picked":"theWildCard:Salvation","floor":4},{"not_picked":["theWildCard:Michael","theWildCard:PaleRider"],"picked":"theWildCard:ArcaneArts","floor":5},{"not_picked":["theWildCard:BladeOfGenerations","theWildCard:Unburden"],"picked":"theWildCard:MaskChange","floor":6},{"not_picked":["theWildCard:ArcaneArts","theWildCard:SeveringSlash"],"picked":"theWildCard:Scathach","floor":7},{"not_picked":["theWildCard:ArcaneArts","theWildCard:MagicMettle"],"picked":"theWildCard:SeveringSlash","floor":11},{"not_picked":["theWildCard:MasterPlan","theWildCard:ArcaneArts"],"picked":"theWildCard:Alice","floor":14},{"not_picked":["theWildCard:FinalHour","theWildCard:AllOutAttack"],"picked":"theWildCard:TheArcanaUnleashed","floor":16},{"not_picked":["theWildCard:ArcaneArts","theWildCard:ArcanaArtistry+1"],"picked":"theWildCard:BladeOfGenerations","floor":18},{"not_picked":["theWildCard:Impatience","theWildCard:SacrificialStroke"],"picked":"theWildCard:PaleRider+1","floor":19},{"not_picked":["theWildCard:SeveringSlash","theWildCard:MagicMettle"],"picked":"theWildCard:MagicalMight+1","floor":21},{"not_picked":["theWildCard:Sakuya+1","theWildCard:SacrificialStroke"],"picked":"theWildCard:StalwartBlade","floor":24},{"not_picked":["theWildCard:ArcaneArts","theWildCard:StingingStrike"],"picked":"theWildCard:EnergizedStroke","floor":25},{"not_picked":["theWildCard:Loki","theWildCard:SeveringSlash+1"],"picked":"theWildCard:Abstinence","floor":27},{"not_picked":["theWildCard:SacrificialStroke","theWildCard:Salvation","theWildCard:Patience+1"],"picked":"SKIP","floor":28},{"not_picked":["theWildCard:MaskChange+1","theWildCard:Unburden"],"picked":"theWildCard:Safeguard","floor":30},{"not_picked":["theWildCard:Lucifer","theWildCard:EnergizedStroke+1"],"picked":"theWildCard:ArchaicAssault","floor":31},{"not_picked":["theWildCard:Ruination","theWildCard:Thanatos"],"picked":"theWildCard:Overwhelm","floor":33},{"not_picked":["theWildCard:StingingStrike","theWildCard:Proficiency"],"picked":"theWildCard:Abstinence+1","floor":34},{"not_picked":["theWildCard:MaskChange+1","theWildCard:ArcanaArtistry+1"],"picked":"theWildCard:Abstinence+1","floor":35},{"not_picked":["Mayhem","Purity"],"picked":"Good Instincts","floor":37},{"not_picked":["theWildCard:PowerOfTheArcana+1","theWildCard:Patience"],"picked":"theWildCard:ArchaicAssault+1","floor":38},{"not_picked":["theWildCard:Proficiency+1","theWildCard:UnendingRitual"],"picked":"theWildCard:Michael+1","floor":39},{"not_picked":["theWildCard:PowerOfTheArcana","theWildCard:Alice+1","theWildCard:Loki"],"picked":"SKIP","floor":41},{"not_picked":["theWildCard:SeveringSlash+1","theWildCard:BladeOfGenerations"],"picked":"theWildCard:StingingStrike","floor":45}],"player_experience":84447,"relics_obtained":[{"floor":6,"key":"Ornamental Fan"},{"floor":9,"key":"theWildCard:MemoriesOfPhantasm"},{"floor":26,"key":"War Paint"},{"floor":43,"key":"Happy Flower"}],"event_choices":[{"damage_healed":0,"gold_gain":0,"player_choice":"Gave Potion","damage_taken":0,"relics_obtained":["Sundial"],"max_hp_gain":0,"max_hp_loss":0,"event_name":"WeMeetAgain","floor":3,"gold_loss":0},{"cards_removed":["theWildCard:BasicDefend"],"damage_healed":0,"gold_gain":0,"player_choice":"Offered Basic","damage_taken":0,"max_hp_gain":0,"max_hp_loss":0,"event_name":"Bonfire Elementals","floor":12,"gold_loss":0},{"damage_healed":0,"gold_gain":0,"player_choice":"Got Potions","damage_taken":0,"max_hp_gain":0,"max_hp_loss":0,"event_name":"Lab","floor":22,"gold_loss":0},{"damage_healed":0,"gold_gain":0,"player_choice":"Ignored","damage_taken":0,"max_hp_gain":0,"max_hp_loss":0,"event_name":"The Mausoleum","floor":29,"gold_loss":0},{"damage_healed":0,"gold_gain":0,"player_choice":"Memory 1","damage_taken":0,"max_hp_gain":0,"max_hp_loss":0,"event_name":"SensoryStone","floor":37,"gold_loss":0},{"cards_removed":["theWildCard:MaskChange"],"damage_healed":0,"gold_gain":0,"player_choice":"Removed Skill","damage_taken":0,"max_hp_gain":0,"max_hp_loss":0,"event_name":"Falling","floor":46,"gold_loss":0},{"damage_healed":0,"gold_gain":0,"player_choice":"Paid","damage_taken":0,"relics_obtained":["Red Mask"],"max_hp_gain":0,"max_hp_loss":0,"event_name":"Tomb of Lord Red Mask","floor":48,"gold_loss":179}],"is_beta":false,"boss_relics":[{"not_picked":["Snecko Eye","Cursed Key"],"picked":"Sozu"},{"not_picked":["Black Star","Astrolabe"],"picked":"Tiny House"}],"items_purged_floors":[36],"is_endless":false,"potions_floor_spawned":[2,6,14,16,24,25,28,30,33,39],"ascension_level":0}}