{"host":"y6h8h5dnjuludn40","time":1609789611,"event":{"mods":["BaseMod","Colored Map","Colored Powertips","Googly Eyes","Hermit","Minty Spire (QoL Compilation)","Replay The Spire","StSLib","The Construct","The Hierophant"],"gold_per_floor":[110,120,134,146,157,190,200,218,244,244,243,243,243,244,244,330,330,345,260,106,124,100,137,62,62,86,80,113,173,37,99,99,231,231,304,344,344,387,387,387,387,387,410,463,463,545,545,595,595,591],"floor_reached":51,"playtime":4021,"items_purged":["hierophant:Strike_Hierophant","hierophant:Defend_Hierophant"],"score":1039,"play_id":"6f00c957-ab37-445c-8542-bd803aeca894","local_time":"20210104134651","is_ascension_mode":false,"campfire_choices":[{"floor":10.0,"key":"REST"},{"floor":12.0,"key":"REST"},{"floor":15.0,"key":"DIG"},{"data":"hierophant:Determination","floor":25.0,"key":"SMITH"},{"floor":32.0,"key":"DIG"},{"data":"hierophant:Repentance","floor":40,"key":"SMITH"},{"data":"hierophant:Community","floor":42,"key":"SMITH"},{"data":"hierophant:Repentance","floor":45,"key":"SMITH"},{"data":"hierophant:DivineIntervention","floor":47,"key":"SMITH"},{"data":"hierophant:Exaltation","floor":49,"key":"SMITH"}],"circlet_count":0,"master_deck":["hierophant:Strike_Hierophant","hierophant:Strike_Hierophant","hierophant:Strike_Hierophant","hierophant:Punish","hierophant:Defend_Hierophant","hierophant:Defend_Hierophant","hierophant:ChurchCoffers","hierophant:FaithHealing","hierophant:HolyVerse","hierophant:DisplayOfPower","hierophant:Smite","hierophant:Endure","hierophant:Flagellation","hierophant:Determination+1","hierophant:Zeal","hierophant:Repentance+1","hierophant:DivineIntervention+1","hierophant:OrnateBuckler","Pot Of Greed","Pot Of Greed","hierophant:RepressedViolence+1","hierophant:Flagellation","hierophant:SecretStash","Pot Of Greed","hierophant:Doubloon+1","hierophant:PassingBell","hierophant:Repentance+1","hierophant:OrnateBuckler","hierophant:OrnateBuckler","hierophant:Cornucopia","Pain","Doubt","hermit:ImpendingDoom","hierophant:Community+1","Thinking Ahead","hierophant:PassingBell","Pot Of Greed","hierophant:Exaltation+1"],"relics":["hierophant:PropheticMaskRelic","NeowsBlessing","Boot","Simple Rune","Replay:Wax Seal","SlaversCollar","Grinning Jar","Replay:Baseball","Red Mask","Orichalcum","Strawberry","Juzu Bracelet","Centennial Puzzle","Toy Ornithopter","Replay:Ancient Bell","Blue Doll","Mercury Hourglass","FossilizedHelix","Blue Candle","ReplayTheSpireMod:Lightbulb","CaptainsWheel"],"acts_visited":["Exordium","TheCity","TheBeyond"],"potions_floor_usage":[33,33,33,36,50,50],"damage_taken":[{"damage":0.0,"enemies":"Cultist","floor":1.0,"turns":1.0},{"damage":0.0,"enemies":"Jaw Worm","floor":2.0,"turns":1.0},{"damage":0.0,"enemies":"2 Louse","floor":3.0,"turns":1.0},{"damage":19.0,"enemies":"Blue Slaver","floor":4.0,"turns":3.0},{"damage":3.0,"enemies":"Exordium Wildlife","floor":5.0,"turns":3.0},{"damage":22.0,"enemies":"3 Sentries","floor":6.0,"turns":8.0},{"damage":7.0,"enemies":"Lots of Slimes","floor":7.0,"turns":2.0},{"damage":11.0,"enemies":"Red Slaver","floor":8.0,"turns":3.0},{"damage":29.0,"enemies":"Large Slime","floor":11.0,"turns":4.0},{"damage":4.0,"enemies":"Gremlin Gang","floor":14.0,"turns":3.0},{"damage":18.0,"enemies":"Fading Forest","floor":16.0,"turns":11.0},{"damage":2.0,"enemies":"3 Byrds","floor":18.0,"turns":2.0},{"damage":22.0,"enemies":"Masked Bandits","floor":21.0,"turns":4.0},{"damage":19.0,"enemies":"Shell Parasite","floor":22.0,"turns":6.0},{"damage":21.0,"enemies":"Slavers","floor":23.0,"turns":3.0},{"damage":39.0,"enemies":"Snake Plant","floor":27.0,"turns":5.0},{"damage":33.0,"enemies":"Cultist and Chosen","floor":28.0,"turns":8.0},{"damage":28.0,"enemies":"Gremlin Leader","floor":29.0,"turns":6.0},{"damage":17.0,"enemies":"Slavers","floor":31.0,"turns":2.0},{"damage":36,"enemies":"Champ","floor":33,"turns":11},{"damage":0,"enemies":"3 Shapes","floor":35,"turns":2},{"damage":29,"enemies":"3 Darklings","floor":36,"turns":3},{"damage":17,"enemies":"Jaw Worm Horde","floor":44,"turns":2},{"damage":47,"enemies":"R_Hoarder","floor":46,"turns":13},{"damage":2,"enemies":"Sphere and 2 Shapes","floor":48,"turns":3},{"damage":71,"enemies":"Donu and Deca","floor":50,"turns":8}],"seed_played":"-6435868961364504902","potions_obtained":[{"floor":2.0,"key":"Elixir"},{"floor":3.0,"key":"SkillPotion"},{"floor":4.0,"key":"SkillPotion"},{"floor":6.0,"key":"PowerPotion"},{"floor":7.0,"key":"Doom Potion"},{"floor":22.0,"key":"Flashbang"},{"floor":31.0,"key":"AttackPotion"},{"floor":33,"key":"Adrenaline Potion"},{"floor":35,"key":"Dexterity Potion"},{"floor":38,"key":"FairyPotion"},{"floor":46,"key":"SkillPotion"}],"is_trial":false,"path_per_floor":["M","M","M","M","M","E","M","M","T","R","M","R","?","M","R_BF","B",null,"M","?","$","?","M","E","$","R","T","M","M","E","$","E","R_BF","B",null,"M","M","?","?","?","R","?","R","T","M","R","E","R","M","R","B",null],"character_chosen":"HIEROPHANT","items_purchased":["Replay:Baseball","hierophant:OrnateBuckler"],"campfire_rested":2,"item_purchase_floors":[20,30],"current_hp_per_floor":[75,75,75,56,53,31,24,13,13,35,14,36,29,42,42,75,75,73,73,73,66,69,48,48,48,55,36,44,80,80,82,82,46,82,82,82,82,62,62,62,62,62,62,77,77,78,78,78,78,78],"gold":591,"neow_bonus":"THREE_ENEMY_KILL","is_daily":false,"chose_seed":false,"campfire_upgraded":6,"win_rate":0.0,"timestamp":1609789611,"path_taken":["M","M","M","?","M","E","M","M","T","R","M","R","?","?","R_BF","BOSS","M","?","$","?","M","E","?","R","T","M","?","E","?","E","R_BF","BOSS","M","M","?","?","?","R","?","R","T","M","R","E","R","M","R","BOSS"],"items_purchased_type":["Relic","Card"],"build_version":"2020-12-22","purchased_purges":2,"victory":true,"max_hp_per_floor":[75,75,75,75,75,75,75,75,75,75,75,75,75,75,75,75,75,75,75,75,75,75,75,75,75,82,82,82,82,82,82,82,82,82,82,82,82,82,82,82,78,78,78,78,78,78,78,78,78,78],"card_choices":[{"not_picked":["hierophant:Purify","hierophant:Bribe"],"picked":"hierophant:FaithHealing","floor":1.0},{"not_picked":["hierophant:Empathy","hierophant:Embezzle"],"picked":"hierophant:HolyVerse","floor":2.0},{"not_picked":["hierophant:HammerAndAnvil","hierophant:ThreeLashes"],"picked":"hierophant:DisplayOfPower","floor":3.0},{"not_picked":["hierophant:Purify","hierophant:Embezzle"],"picked":"hierophant:Smite","floor":4.0},{"not_picked":["hierophant:ThreeLashes","hierophant:FaithHealing","hierophant:Dazzle"],"picked":"SKIP","floor":5.0},{"not_picked":["hierophant:Upheaval","hierophant:Mercenaries"],"picked":"hierophant:Endure","floor":6.0},{"not_picked":["hierophant:DisplayOfPower","hierophant:RepressedViolence"],"picked":"hierophant:Flagellation","floor":7.0},{"not_picked":["hierophant:Remorse","hierophant:PassingBell"],"picked":"hierophant:Determination","floor":8.0},{"not_picked":["hierophant:OrnateJavelin","hierophant:Doomsaying"],"picked":"hierophant:Zeal","floor":11.0},{"not_picked":["hierophant:ThreeLashes","hierophant:Empathy"],"picked":"hierophant:Repentance","floor":14.0},{"not_picked":["hierophant:Cornucopia","hierophant:Kindle"],"picked":"hierophant:DivineIntervention","floor":16.0},{"not_picked":["hierophant:CoinFling","hierophant:Purify"],"picked":"hierophant:OrnateBuckler","floor":18.0},{"not_picked":["hierophant:FieryStrike+1","hierophant:Community"],"picked":"hierophant:RepressedViolence+1","floor":21.0},{"not_picked":["hierophant:RepressedViolence","hierophant:Martyrdom"],"picked":"hierophant:Flagellation","floor":22.0},{"not_picked":["hierophant:Cornucopia","hierophant:HammerAndAnvil"],"picked":"hierophant:SecretStash","floor":23.0},{"not_picked":["hierophant:PristineSoul+1","hierophant:Remorse"],"picked":"hierophant:Doubloon+1","floor":27.0},{"not_picked":["hierophant:Remorse+1","hierophant:AuricBeam"],"picked":"hierophant:PassingBell","floor":28.0},{"not_picked":["hierophant:Determination","hierophant:PristineSoul+1"],"picked":"hierophant:Repentance","floor":29.0},{"not_picked":["hierophant:Alms","hierophant:Empathy","hierophant:Encroach"],"picked":"SKIP","floor":31.0},{"not_picked":["hierophant:Levitation","hierophant:Invocation"],"picked":"hierophant:Cornucopia","floor":33},{"not_picked":["ReplayTheSpireMod:Splinters","ReplayTheSpireMod:Restless Dread"],"picked":"Pain","floor":34},{"not_picked":["CurseOfTheBell","Normality"],"picked":"Doubt","floor":34},{"not_picked":["Normality","Doubt"],"picked":"hermit:ImpendingDoom","floor":34},{"not_picked":["hierophant:Blessing","hierophant:FieryStrike+1","hierophant:SecretStash"],"picked":"SKIP","floor":35},{"not_picked":["hierophant:Blessing+1","hierophant:AuricBeam","hierophant:DisplayOfPower+1"],"picked":"SKIP","floor":36},{"not_picked":["hierophant:OrnateBuckler","hierophant:SealAway"],"picked":"hierophant:Community","floor":38},{"not_picked":["Apotheosis","PanicButton"],"picked":"Thinking Ahead","floor":39},{"not_picked":["hierophant:AuricShield+1","hierophant:Rebuild","hierophant:Doomsaying+1"],"picked":"SKIP","floor":44},{"not_picked":["hierophant:Blessing","hierophant:Chorus"],"picked":"hierophant:PassingBell","floor":46},{"not_picked":["hierophant:Refuge+1","hierophant:MorningPrayer+1"],"picked":"hierophant:Exaltation","floor":48}],"player_experience":234831,"relics_obtained":[{"floor":6.0,"key":"Boot"},{"floor":9.0,"key":"Simple Rune"},{"floor":15.0,"key":"Replay:Wax Seal"},{"floor":21.0,"key":"Red Mask"},{"floor":23.0,"key":"Orichalcum"},{"floor":26.0,"key":"Strawberry"},{"floor":29.0,"key":"Juzu Bracelet"},{"floor":31.0,"key":"Centennial Puzzle"},{"floor":32.0,"key":"Toy Ornithopter"},{"floor":38,"key":"Blue Candle"},{"floor":43,"key":"ReplayTheSpireMod:Lightbulb"},{"floor":46,"key":"CaptainsWheel"}],"event_choices":[{"damage_healed":0.0,"max_hp_gain":0.0,"max_hp_loss":0.0,"gold_gain":0.0,"event_name":"Wheel of Change","player_choice":"Damaged","floor":13.0,"gold_loss":0.0,"damage_taken":7.0},{"damage_healed":0.0,"max_hp_gain":0.0,"max_hp_loss":0.0,"gold_gain":0.0,"event_name":"Addict","player_choice":"Obtained Relic","floor":19.0,"gold_loss":85.0,"damage_taken":0.0,"relics_obtained":["Grinning Jar"]},{"damage_healed":0.0,"max_hp_gain":0.0,"max_hp_loss":0.0,"gold_gain":0.0,"event_name":"Masked Bandits","player_choice":"Fought Bandits","floor":21.0,"gold_loss":0.0,"damage_taken":0.0},{"cards_removed":["hierophant:Defend_Hierophant"],"damage_healed":0,"gold_gain":0,"player_choice":"Purged","damage_taken":0,"max_hp_gain":0,"max_hp_loss":0,"event_name":"Purifier","floor":37,"gold_loss":0},{"damage_healed":0,"gold_gain":0,"player_choice":"Memory 1","damage_taken":0,"max_hp_gain":0,"max_hp_loss":0,"event_name":"SensoryStone","floor":39,"gold_loss":0},{"damage_healed":0,"gold_gain":0,"player_choice":"Max HP","damage_taken":0,"max_hp_gain":0,"max_hp_loss":4,"event_name":"Winding Halls","floor":41,"gold_loss":0}],"is_beta":false,"boss_relics":[{"not_picked":["Sozu","Coffee Dripper"],"picked":"SlaversCollar"},{"not_picked":["SacredBark","Pandora\u0027s Box"],"picked":"Replay:Ancient Bell"},{"not_picked":["Replay:Mystery Machine","Bag of Marbles"],"picked":"Blue Doll"},{"not_picked":["Mirror","Meat on the Bone"],"picked":"Mercury Hourglass"},{"not_picked":["WingedGreaves","Lizard Tail"],"picked":"FossilizedHelix"}],"items_purged_floors":[24,30],"is_endless":false,"potions_floor_spawned":[2,3,4,6,7,16,21,22,31,33,35,46],"ascension_level":0}}