{"host":"d1za9dvx43o9v494","time":1609800156,"event":{"mods":["2.2 Compatiblity","BaseMod","Better-Laid Plans","Colored Map","Downfall","Emptier Cage","Marked Mod","Minty Spire (QoL Compilation)","Permanent Neow","StSLib"],"gold_per_floor":[99,113,113,113,131,148,172,50,108,125,160,176,186,213,223,320,320,220,237,256,256,132,17,17,17,17,45,65,65,77,97,110,215,215,115,129,229,241,257,283,283,283,317,317,217,249,249,276,287,287,287,317,317,317,317,317],"floor_reached":57,"playtime":5882,"items_purged":["downfall:Aged","bronze:Strike"],"score":1460,"play_id":"09310f17-bceb-4985-b868-2f807a957354","local_time":"20210105014236","is_ascension_mode":true,"campfire_choices":[{"data":"bronze:Goto","floor":1.0,"key":"SMITH"},{"floor":18.0,"key":"RECALL"},{"data":"bronze:BitShift","floor":26.0,"key":"SMITH"},{"floor":29.0,"key":"REST"},{"data":"bronze:BurnOut","floor":35,"key":"SMITH"},{"data":"bronze:FineTuning","floor":45,"key":"SMITH"},{"data":"bronze:BurnOut","floor":47,"key":"SMITH"},{"data":"bronze:RecursiveStrike","floor":54,"key":"SMITH"}],"circlet_count":0,"master_deck":["bronze:Defend","bronze:Defend","bronze:Replicate","bronze:Goto+1","bronze:RecursiveStrike+1","bronze:Optimize","bronze:Defend","bronze:FineTuning+1","bronze:BitShift+1","bronze:Fortify","bronze:ClassDefault+1","bronze:FunctionCard","bronze:FunctionCard","bronze:Turbo+1","bronze:BurnOut+1","bronze:DarkDash","bronze:FineTuning+1","bronze:BurnOut+1","bronze:MaxOutput+1"],"relics":["bronze:BronzeCore","Du-Vu Doll","Meat on the Bone","Frozen Egg 2","bronze:MakeshiftBattery","downfall:HeartBlessingGreen","downfall:RedIOU","Omamori","sneckomod:BlankCard","Sozu","downfall:HeartBlessingRed","Question Card","Nunchaku","downfall:HeartBlessingBlue","Oddly Smooth Stone","White Beast Statue","Art of War"],"acts_visited":["Exordium","TheCity","TheBeyond","TheEnding"],"potions_floor_usage":[31,56,56,56],"damage_taken":[{"damage":1.0,"enemies":"Jaw Worm","floor":2.0,"turns":5.0},{"damage":0.0,"enemies":"2 Louse","floor":5.0,"turns":2.0},{"damage":0.0,"enemies":"Cultist","floor":6.0,"turns":3.0},{"damage":0.0,"enemies":"downfall:FleeingMerchant","floor":8.0,"turns":4.0},{"damage":30.0,"enemies":"Lagavulin Event","floor":9.0,"turns":4.0},{"damage":9.0,"enemies":"3 Louse","floor":10.0,"turns":4.0},{"damage":0.0,"enemies":"3 Sentries","floor":11.0,"turns":1.0},{"damage":7.0,"enemies":"2 Fungi Beasts","floor":12.0,"turns":4.0},{"damage":5.0,"enemies":"Exordium Thugs","floor":13.0,"turns":3.0},{"damage":0.0,"enemies":"Gremlin Nob","floor":14.0,"turns":3.0},{"damage":11.0,"enemies":"Large Slime","floor":15.0,"turns":4.0},{"damage":44.0,"enemies":"downfall:Defect","floor":16.0,"turns":14.0},{"damage":18.0,"enemies":"Chosen","floor":19.0,"turns":6.0},{"damage":18.0,"enemies":"Spheric Guardian","floor":20.0,"turns":5.0},{"damage":9.0,"enemies":"downfall:FleeingMerchant","floor":22.0,"turns":4.0},{"damage":12.0,"enemies":"downfall:FleeingMerchant","floor":23.0,"turns":4.0},{"damage":26.0,"enemies":"Book of Stabbing","floor":27.0,"turns":4.0},{"damage":24.0,"enemies":"Snake Plant","floor":28.0,"turns":5.0},{"damage":16.0,"enemies":"3 Cultists","floor":30.0,"turns":4.0},{"damage":26,"enemies":"Centurion and Healer","floor":31,"turns":16},{"damage":0,"enemies":"Snecko","floor":32,"turns":1},{"damage":18,"enemies":"downfall:Silent","floor":33,"turns":3},{"damage":13,"enemies":"Orb Walker","floor":36,"turns":3},{"damage":9,"enemies":"3 Darklings","floor":38,"turns":5},{"damage":0,"enemies":"Jaw Worm Horde","floor":39,"turns":3},{"damage":22,"enemies":"Giant Head","floor":40,"turns":5},{"damage":0,"enemies":"Reptomancer","floor":43,"turns":1},{"damage":6,"enemies":"Nemesis","floor":46,"turns":3},{"damage":0,"enemies":"Giant Head","floor":48,"turns":1},{"damage":0,"enemies":"Maw","floor":49,"turns":2},{"damage":55,"enemies":"ArchetypeAct3BlockNewAge","floor":50,"turns":4},{"damage":0,"enemies":"downfall:CharBossMerchant","floor":52,"turns":1},{"damage":20,"enemies":"downfall:NeowBossFinal","floor":56,"turns":5}],"seed_played":"4793281530369677655","potions_obtained":[{"floor":2.0,"key":"bronze:CleanCodePotion"},{"floor":5.0,"key":"Swift Potion"},{"floor":6.0,"key":"Energy Potion"},{"floor":11.0,"key":"BlessingOfTheForge"},{"floor":12.0,"key":"Fire Potion"},{"floor":15.0,"key":"Dexterity Potion"},{"floor":20.0,"key":"AttackPotion"},{"floor":27.0,"key":"Strength Potion"},{"floor":28.0,"key":"Explosive Potion"},{"floor":31,"key":"FearPotion"},{"floor":32,"key":"PowerPotion"}],"is_trial":false,"path_per_floor":["R","M","?","?","M","M","T","$","?","M","E","M","M","E","M","B",null,"R","M","M","?","$","$","T","?","R","E","M","R","M","M","M","B",null,"R","M","?","M","M","E","T","?","E","?","R","E","R","E","M","B",null,"E","$","R","B","B",null],"character_chosen":"THE_AUTOMATON","items_purchased":["bronze:Optimize","bronze:Fortify","bronze:ClassDefault+1"],"campfire_rested":1,"item_purchase_floors":[8,8,22],"current_hp_per_floor":[70,69,69,69,69,69,69,70,40,33,35,42,39,41,44,14,70,70,52,36,36,39,39,39,39,39,25,13,34,30,16,28,22,70,70,57,57,48,48,38,38,38,38,80,90,84,84,84,84,41,90,90,90,90,45,37],"gold":317,"neow_bonus":"REMOVE_CARD","is_daily":false,"chose_seed":false,"campfire_upgraded":6,"win_rate":0.0,"timestamp":1609800156,"path_taken":["R","M","?","?","?","M","T","$","?","M","E","M","M","E","M","BOSS","R","M","M","?","?","$","T","?","R","E","M","R","M","?","M","BOSS","R","M","?","?","?","E","T","?","E","?","R","E","R","E","M","BOSS","E","$","R","BOSS","BOSS"],"items_purchased_type":["Card","Card","Card"],"build_version":"2020-12-22","purchased_purges":2,"victory":true,"max_hp_per_floor":[70,70,70,70,70,70,70,70,70,70,70,70,70,70,70,70,70,70,70,70,70,70,70,70,70,70,70,70,70,70,70,70,70,70,70,70,70,70,70,70,70,70,70,80,90,90,90,90,90,90,90,90,90,90,90,90],"card_choices":[{"not_picked":["bronze:Invalidate","bronze:Flail"],"picked":"bronze:RecursiveStrike","floor":2.0},{"not_picked":["bronze:DigitalCarnage","bronze:WhirlingStrike","bronze:SearingBeam"],"picked":"SKIP","floor":5.0},{"not_picked":["bronze:OilSpill","bronze:Shield","bronze:Overheat"],"picked":"SKIP","floor":6.0},{"not_picked":["bronze:OilSpill","bronze:InfiniteBeams","bronze:ChosenStrike"],"picked":"SKIP","floor":8.0},{"not_picked":["bronze:Branch","bronze:Overheat","bronze:MaxOutput"],"picked":"SKIP","floor":10.0},{"not_picked":["bronze:NullPointer","bronze:Overheat","bronze:ChosenStrike"],"picked":"SKIP","floor":11.0},{"not_picked":["bronze:WildBeam","bronze:BugBarrage","bronze:CutThrough"],"picked":"SKIP","floor":12.0},{"not_picked":["bronze:DelayedGuard","bronze:DarkDash"],"picked":"bronze:FineTuning","floor":13.0},{"not_picked":["bronze:Boost","bronze:DarkDash","bronze:SearingBeam"],"picked":"SKIP","floor":14.0},{"not_picked":["bronze:Frontload","bronze:ChosenStrike"],"picked":"bronze:Hardcode+1","floor":15.0},{"not_picked":["bronze:Frontload","bronze:Iterate+1"],"picked":"bronze:BitShift","floor":19.0},{"not_picked":["bronze:DarkDash+1","bronze:Invalidate+1","bronze:Shield"],"picked":"SKIP","floor":20.0},{"not_picked":["bronze:Iterate+1","bronze:Branch"],"picked":"bronze:Fortify","floor":22.0},{"not_picked":["bronze:BronzeOrb","bronze:Library+1","bronze:Invalidate+1"],"picked":"SKIP","floor":23.0},{"not_picked":["bronze:Constructor","bronze:WhirlingStrike","bronze:DelayedGuard"],"picked":"SKIP","floor":27.0},{"not_picked":["bronze:InfiniteBeams+1","bronze:Overheat","bronze:Terminator"],"picked":"SKIP","floor":28.0},{"not_picked":["bronze:BurnOut","bronze:Constructor+1","bronze:GetLatest"],"picked":"SKIP","floor":30.0},{"not_picked":["bronze:WildBeam","bronze:DelayedSlice"],"picked":"bronze:Turbo+1","floor":31},{"not_picked":["bronze:BitShift","bronze:Constructor+1","bronze:WildBeam"],"picked":"SKIP","floor":32},{"not_picked":["bronze:ShipIt","bronze:Assembly"],"picked":"bronze:BurnOut","floor":33},{"not_picked":["bronze:DelayedGuard+1","bronze:Constructor+1"],"picked":"bronze:DarkDash","floor":36},{"not_picked":["bronze:Flail+1","bronze:BitShift","bronze:Terminator+1"],"picked":"SKIP","floor":38},{"not_picked":["bronze:Terminator+1","bronze:Turbo+1"],"picked":"bronze:FineTuning+1","floor":39},{"not_picked":["bronze:WildBeam+1","bronze:Backtrace+1","bronze:WhirlingStrike+1"],"picked":"SKIP","floor":40},{"not_picked":["bronze:Turbo","bronze:BuggyMess","bronze:WhirlingStrike","bronze:Frontload+1"],"picked":"SKIP","floor":43},{"not_picked":["bronze:Terminator+1","bronze:Iterate+1","bronze:Shield"],"picked":"bronze:BurnOut","floor":46},{"not_picked":["bronze:BitShift+1","bronze:WhirlingStrike","bronze:Flail","bronze:Iterate+1"],"picked":"SKIP","floor":48},{"not_picked":["bronze:Constructor","bronze:CutThrough+1","bronze:Refactor","bronze:SearingBeam+1"],"picked":"SKIP","floor":49},{"not_picked":["bronze:Refactor+1","bronze:ChildClass+1","bronze:HardenedForm+1"],"picked":"bronze:MaxOutput+1","floor":52}],"player_experience":645015,"relics_obtained":[{"floor":7.0,"key":"Blood Vial"},{"floor":11.0,"key":"Meat on the Bone"},{"floor":14.0,"key":"Frozen Egg 2"},{"floor":24.0,"key":"Omamori"},{"floor":27.0,"key":"sneckomod:BlankCard"},{"floor":40,"key":"Question Card"},{"floor":43,"key":"Nunchaku"},{"floor":46,"key":"Oddly Smooth Stone"},{"floor":48,"key":"White Beast Statue"},{"floor":52,"key":"Art of War"}],"event_choices":[{"cards_removed":["bronze:Strike"],"damage_healed":0.0,"max_hp_gain":0.0,"max_hp_loss":0.0,"gold_gain":0.0,"event_name":"The Cleric","player_choice":"Card Removal","floor":3.0,"gold_loss":0.0,"damage_taken":0.0},{"cards_removed":["bronze:Fortify"],"damage_healed":0,"gold_gain":0,"player_choice":"Removed Attack","damage_taken":0,"max_hp_gain":0,"max_hp_loss":0,"event_name":"Falling","floor":42,"gold_loss":0}],"is_beta":false,"boss_relics":[{"not_picked":["SacredBark","Fusion Hammer"],"picked":"bronze:MakeshiftBattery"},{"not_picked":["expansioncontent:StudyCardRelic","Pandora\u0027s Box"],"picked":"Sozu"}],"items_purged_floors":[22,23],"is_endless":false,"potions_floor_spawned":[2,5,6,11,12,15,20,27,28,31,32,36,40,48,49,52],"ascension_level":1}}