{"host":"uoq8e77duj6rs50g","time":1609736435,"event":{"mods":["BaseMod","Better Match","Better Note","Better Third Choice","BetterRewards","Block Reminder","ChefMod","Curses Come First","Hermit","Hubris","Ironclad Rager","Minty Spire (QoL Compilation)","Relic Stats","Replay The Spire","Shade Mod","StSLib","The Blue Laboratory","The Cursed","The Dragon Tamer","The Exalted","The Judge","The Runesmith","The Servant 0.9.4"],"gold_per_floor":[117,91,91,111,61,86,32,52,79,79,121,121,121,142,142,253,253,272,556,556,579,513,513,547,547,556,593,267,303,303,327,327,449,449,510,545,406,415,456,515,515,564,597,147,192,237,246,246,246,246],"floor_reached":51,"playtime":5659,"items_purged":["TheCursedMod:Strike_TheCursed","TheCursedMod:Defend_TheCursed"],"score":977,"play_id":"f67877f5-27bd-4fd1-b064-1b5961cc90de","local_time":"20210104000035","is_ascension_mode":false,"campfire_choices":[{"floor":12.0,"key":"REST"},{"floor":15.0,"key":"REST"},{"floor":23.0,"key":"REST"},{"floor":25.0,"key":"REST"},{"floor":30.0,"key":"REST"},{"floor":32.0,"key":"REST"},{"floor":41,"key":"REST"},{"floor":49,"key":"REST"}],"circlet_count":0,"master_deck":["TheCursedMod:Strike_TheCursed","TheCursedMod:Strike_TheCursed","TheCursedMod:Strike_TheCursed","TheCursedMod:Defend_TheCursed","TheCursedMod:Defend_TheCursed","TheCursedMod:CursedWand","TheCursedMod:CleanUpWorkshop+1","TheCursedMod:Dregs","TheCursedMod:Hemoplague+1","TheCursedMod:CircleOfCorruption","TheCursedMod:Grudge","TheCursedMod:SpreadPlague","TheCursedMod:CursedBlade","TheCursedMod:SpitefulPray+1","TheCursedMod:AntiAging+1","TheCursedMod:Wield","TheCursedMod:CollectTribute","TheCursedMod:BlessingInDisguise+1","Regret","TheCursedMod:Grudge+1","TheCursedMod:VoidForm+1","TheCursedMod:SaltUponWound+1","Doubt","TheCursedMod:OutForBlood","TheCursedMod:EmpowerCircles","TheCursedMod:CircleOfCorruption","TheCursedMod:Stretching","TheCursedMod:CursedAmulet+1","hubris:Greed","TheCursedMod:CollectTribute","hubris:Greed","hubris:Greed","TheCursedMod:VitalStrike+1","TheCursedMod:RapidMovement","TheCursedMod:Wield","Replay:Bootleg Shield Generator","TheCursedMod:Obscuration","TheCursedMod:Stretching+1","TheCursedMod:CursedAmulet+1","Languid","TheCursedMod:Stigma","TheCursedMod:VitalStrike+1","hubris:EnhanceAbility+1","Parasite","TheCursedMod:SpreadPlague+1","hubris:Compulsion"],"relics":["TheCursedMod:BlackMagic101","NeowsBlessing","Garlic","hubris:SlimyHat","hubris:CuriousFeather","hubris:EvacipatedBox","CeramicFish","TheCursedMod:SoulVessel","Cursed Key","Red Mask","Replay:Bottled Steam","Gremlin Food","Bromod:ArcaneConsequence","Lizard Tail","hubris:RunicObelisk","Toxic Egg 2","Frozen Egg 2","Happy Flower","Membership Card","Vajra","hubris:SphereOfDissonance","Question Card","HornCleat"],"acts_visited":["Exordium","TheCity","TheBeyond"],"potions_floor_usage":[50,50],"damage_taken":[{"damage":0.0,"enemies":"Jaw Worm","floor":1.0,"turns":1.0},{"damage":0.0,"enemies":"Small Slimes","floor":4.0,"turns":1.0},{"damage":0.0,"enemies":"Lagavulin","floor":6.0,"turns":1.0},{"damage":0.0,"enemies":"Cultist","floor":8.0,"turns":3.0},{"damage":9.0,"enemies":"Replay:BlueRogue","floor":11.0,"turns":5.0},{"damage":1.0,"enemies":"2 Fungi Beasts","floor":14.0,"turns":2.0},{"damage":67.0,"enemies":"The Guardian","floor":16.0,"turns":11.0},{"damage":18.0,"enemies":"3 Byrds","floor":18.0,"turns":5.0},{"damage":18.0,"enemies":"Spheric Guardian","floor":21.0,"turns":4.0},{"damage":24.0,"enemies":"Masked Bandits","floor":24.0,"turns":4.0},{"damage":13.0,"enemies":"Replay:Snechameleon","floor":27.0,"turns":5.0},{"damage":33.0,"enemies":"Slavers","floor":29.0,"turns":6.0},{"damage":12.0,"enemies":"Snake Plant","floor":31.0,"turns":5.0},{"damage":46,"enemies":"Automaton","floor":33,"turns":8},{"damage":1,"enemies":"3 Darklings","floor":35,"turns":5},{"damage":21,"enemies":"Orb Walker","floor":36,"turns":5},{"damage":15,"enemies":"Jaw Worm Horde","floor":39,"turns":5},{"damage":23,"enemies":"R_Hoarder","floor":40,"turns":6},{"damage":112,"enemies":"Giant Head","floor":42,"turns":9},{"damage":9,"enemies":"Writhing Mass","floor":45,"turns":6},{"damage":11,"enemies":"Nemesis","floor":46,"turns":5},{"damage":22,"enemies":"Donu and Deca","floor":50,"turns":9}],"seed_played":"7116451158385872493","potions_obtained":[{"floor":1.0,"key":"blueLaboratory:NullPotion"},{"floor":11.0,"key":"FairyPotion"},{"floor":16.0,"key":"Venom Potion"},{"floor":24.0,"key":"Weak Potion"},{"floor":33,"key":"BlessingOfTheForge"},{"floor":42,"key":"blueLaboratory:HorrorPotion"}],"is_trial":false,"path_per_floor":["M","$","?","M","?","E","$","M","T","$","E","R","?","M","R","B",null,"M","?","?","M","?","R","?","R","T","E","$","E","R","M","R","B",null,"M","M","$","?","M","E","R","E","T","$","M","E","T","?","R","B",null],"character_chosen":"THE_CURSED","items_purchased":["TheCursedMod:CircleOfCorruption","TheCursedMod:CursedBlade","hubris:CuriousFeather","hubris:EvacipatedBox","Bromod:ArcaneConsequence","TheCursedMod:EmpowerCircles","TheCursedMod:CircleOfCorruption","TheCursedMod:Wield","Membership Card","TheCursedMod:Stigma","TheCursedMod:VitalStrike","hubris:EnhanceAbility+1","Vajra","hubris:SphereOfDissonance"],"campfire_rested":8,"item_purchase_floors":[2,7,10,10,28,28,28,37,44,44,44,44,44,44],"current_hp_per_floor":[75,75,75,75,75,75,75,75,75,36,27,49,42,45,68,8,79,65,65,65,52,52,77,57,82,82,78,78,53,80,77,93,55,93,96,84,84,84,82,73,102,39,39,39,40,39,39,39,71,63],"gold":246,"neow_bonus":"THREE_ENEMY_KILL","is_daily":false,"chose_seed":false,"campfire_upgraded":0,"win_rate":0.0,"timestamp":1609736435,"path_taken":["M","$","?","M","?","E","?","M","T","?","E","R","?","M","R","BOSS","M","?","?","M","?","R","?","R","T","E","$","E","R","?","R","BOSS","M","M","$","?","M","E","R","E","T","$","M","E","?","?","R","BOSS"],"items_purchased_type":["Card","Card","Relic","Relic","Relic","Card","Card","Card","Relic","Card","Card","Card","Relic","Relic"],"build_version":"2020-12-22","purchased_purges":2,"victory":true,"max_hp_per_floor":[75,75,75,75,75,75,75,75,75,75,75,75,75,77,77,79,79,81,81,81,84,84,84,84,84,84,87,87,90,90,93,93,93,93,96,99,99,99,102,102,102,102,102,102,105,108,108,108,108,111],"relic_stats":{"Lizard Tail":0,"Happy Flower":[6],"counters":[22,111],"CeramicFish":288,"Cursed Key":3,"Question Card":0,"obtain_stats":[{"Gremlin Food":27,"TheCursedMod:BlackMagic101":0,"NeowsBlessing":0,"Happy Flower":43,"CeramicFish":11,"Vajra":44,"hubris:SphereOfDissonance":44,"hubris:SlimyHat":9,"hubris:RunicObelisk":34,"Frozen Egg 2":42,"Cursed Key":17,"Question Card":46,"hubris:EvacipatedBox":10,"Bromod:ArcaneConsequence":28,"Lizard Tail":29,"HornCleat":47,"hubris:CuriousFeather":10,"Garlic":6,"Red Mask":24,"Membership Card":44,"Toxic Egg 2":40,"TheCursedMod:SoulVessel":13,"Replay:Bottled Steam":26},{"Gremlin Food":11,"TheCursedMod:BlackMagic101":0,"NeowsBlessing":0,"Happy Flower":19,"CeramicFish":5,"Vajra":19,"hubris:SphereOfDissonance":19,"hubris:SlimyHat":4,"hubris:RunicObelisk":14,"Frozen Egg 2":19,"Cursed Key":7,"Question Card":21,"hubris:EvacipatedBox":4,"Bromod:ArcaneConsequence":11,"Lizard Tail":12,"HornCleat":21,"hubris:CuriousFeather":4,"Garlic":3,"Red Mask":10,"Membership Card":19,"Toxic Egg 2":18,"TheCursedMod:SoulVessel":5,"Replay:Bottled Steam":10},{"Gremlin Food":42,"TheCursedMod:BlackMagic101":0,"NeowsBlessing":0,"Happy Flower":91,"CeramicFish":11,"Vajra":91,"hubris:SphereOfDissonance":91,"hubris:SlimyHat":6,"hubris:RunicObelisk":61,"Frozen Egg 2":91,"Cursed Key":24,"Question Card":102,"hubris:EvacipatedBox":6,"Bromod:ArcaneConsequence":42,"Lizard Tail":48,"HornCleat":102,"hubris:CuriousFeather":6,"Garlic":3,"Red Mask":37,"Membership Card":91,"Toxic Egg 2":82,"TheCursedMod:SoulVessel":11,"Replay:Bottled Steam":37}]},"card_choices":[{"not_picked":["TheCursedMod:CursedMace","TheCursedMod:CircleOfAmplification"],"picked":"TheCursedMod:Hemoplague","floor":1.0},{"not_picked":["TheCursedMod:SmokeScreen","TheCursedMod:ManaBullet"],"picked":"TheCursedMod:Grudge","floor":4.0},{"not_picked":["TheCursedMod:StingEye","TheCursedMod:AshesToAshes"],"picked":"TheCursedMod:SpreadPlague","floor":6.0},{"not_picked":["TheCursedMod:SpitefulStrike","TheCursedMod:SurpriseAttack"],"picked":"TheCursedMod:SpitefulPray","floor":8.0},{"not_picked":["TheCursedMod:DoubleShield","TheCursedMod:Obscuration"],"picked":"TheCursedMod:AntiAging","floor":11.0},{"not_picked":["TheCursedMod:TacticalStrike","TheCursedMod:VitalStrike"],"picked":"TheCursedMod:Wield","floor":14.0},{"not_picked":["TheCursedMod:OutForBlood","TheCursedMod:ForbiddenAlchemy"],"picked":"TheCursedMod:CollectTribute","floor":16.0},{"not_picked":["TheCursedMod:SoulReap","TheCursedMod:CursedStaff"],"picked":"TheCursedMod:BlessingInDisguise","floor":18.0},{"not_picked":["TheCursedMod:RapidMovement","TheCursedMod:VitalStrike"],"picked":"TheCursedMod:Grudge+1","floor":21.0},{"not_picked":["TheCursedMod:ShockAndAwe+1","TheCursedMod:OutForBlood+1"],"picked":"TheCursedMod:VoidForm+1","floor":22.0},{"not_picked":["TheCursedMod:CircleOfCorruption","TheCursedMod:CursedMace"],"picked":"TheCursedMod:SaltUponWound","floor":24.0},{"not_picked":["TheCursedMod:SmokeScreen","TheCursedMod:Wield"],"picked":"TheCursedMod:OutForBlood","floor":27.0},{"not_picked":["TheCursedMod:CircleOfFocus","TheCursedMod:SmokeScreen"],"picked":"TheCursedMod:Stretching","floor":29.0},{"not_picked":["TheCursedMod:StingEye+1","TheCursedMod:CursedBlade"],"picked":"TheCursedMod:CursedAmulet+1","floor":31.0},{"not_picked":["TheCursedMod:ManaCirculation","TheCursedMod:Neurasthenia"],"picked":"TheCursedMod:CollectTribute","floor":33},{"not_picked":["TheCursedMod:SurpriseAttack","TheCursedMod:CursedStaff"],"picked":"TheCursedMod:VitalStrike+1","floor":35},{"not_picked":["TheCursedMod:SpreadPlague+1","TheCursedMod:CursedSpellbook+1"],"picked":"TheCursedMod:RapidMovement","floor":36},{"not_picked":["Magnetism","ReplayUltimateDefense"],"picked":"Replay:Bootleg Shield Generator","floor":38},{"not_picked":["TheCursedMod:PrepareRite+1","TheCursedMod:VitalStrike+1"],"picked":"TheCursedMod:Obscuration","floor":39},{"not_picked":["TheCursedMod:FuryStrike","TheCursedMod:Obscuration+1"],"picked":"TheCursedMod:Stretching+1","floor":40},{"not_picked":["TheCursedMod:PrepareRite+1","TheCursedMod:CircleOfFlame+1"],"picked":"TheCursedMod:CursedAmulet+1","floor":42},{"not_picked":["TheCursedMod:Stretching+1","TheCursedMod:SmokeScreen+1"],"picked":"TheCursedMod:SpreadPlague+1","floor":45},{"not_picked":["TheCursedMod:SmokeScreen+1","TheCursedMod:Wield+1","TheCursedMod:ManaCirculation+1"],"picked":"SKIP","floor":46}],"player_experience":368737,"relics_obtained":[{"floor":6.0,"key":"Garlic"},{"floor":9.0,"key":"hubris:SlimyHat"},{"floor":11.0,"key":"CeramicFish"},{"floor":24.0,"key":"Red Mask"},{"floor":26.0,"key":"Replay:Bottled Steam"},{"floor":27.0,"key":"Gremlin Food"},{"floor":29.0,"key":"Lizard Tail"},{"floor":40,"key":"Toxic Egg 2"},{"floor":42,"key":"Frozen Egg 2"},{"floor":43,"key":"Happy Flower"},{"floor":46,"key":"Question Card"},{"floor":47,"key":"HornCleat"}],"event_choices":[{"cards_removed":["TheCursedMod:Defend_TheCursed"],"damage_healed":0.0,"max_hp_gain":0.0,"max_hp_loss":0.0,"gold_gain":0.0,"event_name":"The Cleric","player_choice":"Card Removal","floor":5.0,"gold_loss":50.0,"damage_taken":0.0},{"damage_healed":0.0,"max_hp_gain":0.0,"max_hp_loss":0.0,"gold_gain":0.0,"event_name":"betterThird:BetterScrap","player_choice":"Relic ","floor":13.0,"gold_loss":0.0,"damage_taken":7.0,"cards_obtained":["Replay:Battleflow"]},{"damage_healed":0.0,"max_hp_gain":0.0,"max_hp_loss":0.0,"gold_gain":275.0,"event_name":"Golden Shrine","player_choice":"Desecrate","floor":19.0,"gold_loss":0.0,"damage_taken":0.0,"cards_obtained":["Regret"]},{"damage_healed":0.0,"max_hp_gain":0.0,"max_hp_loss":0.0,"gold_gain":0.0,"event_name":"Upgrade Shrine","player_choice":"Upgraded","floor":20.0,"gold_loss":0.0,"damage_taken":0.0,"cards_upgraded":["TheCursedMod:AntiAging"]},{"damage_healed":0.0,"max_hp_gain":0.0,"max_hp_loss":0.0,"gold_gain":0.0,"event_name":"betterMatch:BetterMatch","player_choice":"2","floor":22.0,"gold_loss":0.0,"damage_taken":0.0,"cards_obtained":["betterMatch:RareCard"]},{"damage_healed":0.0,"max_hp_gain":0.0,"max_hp_loss":0.0,"gold_gain":0.0,"event_name":"Masked Bandits","player_choice":"Fought Bandits","floor":24.0,"gold_loss":0.0,"damage_taken":0.0},{"damage_healed":0,"gold_gain":0,"player_choice":"Memory 1","damage_taken":0,"max_hp_gain":0,"max_hp_loss":0,"event_name":"SensoryStone","floor":38,"gold_loss":0},{"damage_healed":0,"gold_gain":0,"player_choice":"Upgraded","damage_taken":0,"max_hp_gain":0,"max_hp_loss":0,"event_name":"Upgrade Shrine","floor":48,"gold_loss":0,"cards_upgraded":["TheCursedMod:VitalStrike"]}],"is_beta":false,"boss_relics":[{"not_picked":["Ectoplasm","Replay:Drink Me","Philosopher\u0027s Stone"],"picked":"Cursed Key"},{"not_picked":["Kintsugi","Ring of Chaos","hubris:HollowSoul"],"picked":"hubris:RunicObelisk"}],"items_purged_floors":[28,37],"is_endless":false,"potions_floor_spawned":[1,11,16,24,27,33,36,42],"ascension_level":0}}