{"host":"qj91dvco5uhu9oti","time":1609758250,"event":{"mods":["BaseMod","Colored Map","Keyboard Shortcuts","Minty Spire (QoL Compilation)","Permanent Neow","Relic Stats","StSLib","SuperFastMode","everything is the same but u backflip on backflip"],"gold_per_floor":[19,119,134,147,164,190,190,33,33,46,46,46,46,60,60,60,60],"floor_reached":16,"playtime":308,"items_purged":["Strike_G"],"score":102,"play_id":"054c7ac0-60ff-4342-bf42-8b992bd356f7","local_time":"20210104200410","is_ascension_mode":false,"campfire_choices":[{"data":"Neutralize","floor":7,"key":"SMITH"},{"data":"Calculated Gamble","floor":12,"key":"SMITH"},{"data":"Reflex","floor":15,"key":"SMITH"}],"circlet_count":0,"master_deck":["Strike_G","Strike_G","Strike_G","Defend_G","Defend_G","Defend_G","Defend_G","Survivor","Neutralize+1","Glass Knife+1","Backflip","Reflex+1","Escape Plan","Calculated Gamble+1"],"relics":["Ring of the Snake","Frozen Egg 2","Mummified Hand"],"acts_visited":["Exordium"],"potions_floor_usage":[],"damage_taken":[{"damage":0,"enemies":"Jaw Worm","floor":1,"turns":3},{"damage":0,"enemies":"Cultist","floor":3,"turns":2},{"damage":0,"enemies":"Small Slimes","floor":4,"turns":2},{"damage":0,"enemies":"Blue Slaver","floor":5,"turns":3},{"damage":18,"enemies":"3 Sentries","floor":6,"turns":10},{"damage":10,"enemies":"Exordium Thugs","floor":10,"turns":5},{"damage":1,"enemies":"Large Slime","floor":14,"turns":4},{"damage":4,"enemies":"Hexaghost","floor":16,"turns":4}],"seed_played":"-7671949219232511979","potions_obtained":[{"floor":5,"key":"AttackPotion"},{"floor":14,"key":"Poison Potion"}],"is_trial":false,"path_per_floor":["M","?","M","M","M","E","R","$","T","M","?","R","?","M","R","B"],"character_chosen":"THE_SILENT","items_purchased":["Calculated Gamble"],"campfire_rested":0,"item_purchase_floors":[8],"current_hp_per_floor":[70,70,70,70,70,52,52,52,52,42,42,42,47,46,46,42,42],"gold":60,"neow_bonus":"REMOVE_TWO","is_daily":false,"chose_seed":true,"campfire_upgraded":3,"win_rate":0.0,"timestamp":1609758250,"path_taken":["M","?","M","?","M","E","R","$","T","M","?","R","?","M","R","BOSS"],"items_purchased_type":["Card"],"build_version":"2020-12-22","purchased_purges":1,"victory":false,"max_hp_per_floor":[70,70,70,70,70,70,70,70,70,70,70,70,75,75,75,75,75],"relic_stats":{"counters":[8,33],"Mummified Hand":[0],"obtain_stats":[{"Mummified Hand":9,"Frozen Egg 2":6,"Ring of the Snake":0},{"Mummified Hand":5,"Frozen Egg 2":5,"Ring of the Snake":0},{"Mummified Hand":20,"Frozen Egg 2":20,"Ring of the Snake":0}],"Ring of the Snake":[16]},"card_choices":[{"not_picked":["Dagger Throw","Outmaneuver"],"picked":"Backflip","floor":1},{"not_picked":["Deflect","Slice"],"picked":"Reflex","floor":3},{"not_picked":["All Out Attack","Deflect"],"picked":"Escape Plan","floor":4},{"not_picked":["Caltrops","Infinite Blades","Slice"],"picked":"SKIP","floor":5},{"not_picked":["Quick Slash","Blade Dance","Envenom+1"],"picked":"SKIP","floor":6},{"not_picked":["Outmaneuver","Crippling Poison","Well Laid Plans+1"],"picked":"SKIP","floor":10},{"not_picked":["Cloak And Dagger","Terror","Quick Slash"],"picked":"SKIP","floor":14}],"player_experience":341806,"relics_obtained":[{"floor":6,"key":"Frozen Egg 2"},{"floor":9,"key":"Mummified Hand"}],"event_choices":[{"damage_healed":0,"gold_gain":100,"player_choice":"Pray","damage_taken":0,"max_hp_gain":0,"max_hp_loss":0,"event_name":"Golden Shrine","floor":2,"gold_loss":0},{"damage_healed":0,"gold_gain":0,"player_choice":"Leave","damage_taken":0,"max_hp_gain":0,"max_hp_loss":0,"event_name":"The Cleric","floor":11,"gold_loss":0},{"damage_healed":0,"gold_gain":0,"player_choice":"Donut","damage_taken":0,"max_hp_gain":5,"max_hp_loss":0,"event_name":"Big Fish","floor":13,"gold_loss":0}],"is_beta":false,"boss_relics":[],"items_purged_floors":[8],"is_endless":false,"potions_floor_spawned":[5,14],"killed_by":"Hexaghost","ascension_level":0}}