{"host":"f6xgumyvn8a66tyr","time":1609728734,"event":{"mods":["BaseMod","Card Forge","ChefMod","Downfall","Hermit","Infinite Spire","Jedi Mod","Marisa????????","Melee Mod","Minty Spire (QoL Compilation)","Replay The Spire","Small Relic Pack","Spicy Shops","StSLib","The Alterego","The Bladedancer","The Marked","The Runesmith","The Servant 0.9.4","TheSwordswoman","Waifu the Spire","WarShipGirlsR/????R mod","Yuri Mod"],"gold_per_floor":[113,113,128,50,69,104,104,104,156,173,173,183,193,40,40,141,141,160,160,160,160,160,160,172,197,197,209,209,236,253,103,103,103,103,103,103,103,103,0,0,0,0,0,0,0,0,0,0,0,0,0,0,0,0,0],"floor_reached":54,"playtime":4026,"items_purged":["Pain"],"score":614,"play_id":"56f4c2ed-60ef-41e1-a536-5cb045f1b53c","local_time":"20210103185214","is_ascension_mode":false,"campfire_choices":[{"data":"theMarked:SoldierOfQuellstein","floor":7,"key":"SMITH"},{"floor":11,"key":"REST"},{"data":"Looming Evil","floor":15,"key":"PURGE"},{"data":"theMarked:StartUp","floor":26,"key":"SMITH"},{"floor":34,"key":"REST"},{"floor":44,"key":"REST"},{"data":"theMarked:BanishingStrike","floor":51,"key":"SMITH"},{"floor":53,"key":"RECALL"}],"circlet_count":0,"master_deck":["theMarked:Strike","theMarked:Strike","theMarked:Strike+1","theMarked:Strike","theMarked:Strike","theMarked:Defend","theMarked:Defend","theMarked:Defend","theMarked:Defend","theMarked:SoldierOfQuellstein+1","theMarked:StartUp+1","theMarked:Aftermath","theMarked:Aftermath","theMarked:TwofoldDefense","theMarked:SwordAndMagic","theMarked:Seal","theMarked:Frustration","theMarked:SuspiciousRaven","theMarked:Static","infinitespire:Collect","theMarked:Polarize","theMarked:SwordAndMagic+1","theMarked:BanishingStrike+1","theMarked:BanishingStrike+1","theMarked:Overcharge","theMarked:BanishingStrike+1","theMarked:Abjuration","theMarked:ElementalBlade+1","theMarked:CreepingChasm","theMarked:MysticalArsenal+1","theMarked:Panic+1","theMarked:Panic+1"],"relics":["theMarked:ArtifactOfAir","Hammer of Thor","Seething Fire","Anvil of the Gods","WarpedTongs","infinitespire:Lucky Rock","Pen Nib","Ring of Panic","Ring of Peace","Strawberry","Replay:Wax Seal","theMarked:Eyepatch","alterego_mod:SomeoneToFightFor","MutagenicStrength","ReplayTheSpireMod:Lightbulb","Oddly Smooth Stone","Bag of Marbles","infinitespire:EmpoweringShard","jedi:ominousloannote","Whetstone","SacredBark","Red Mask","relicPack:DSword","Eternal Feather","jedi:shrinkray","Paper Frog"],"acts_visited":["Exordium","TheCity","TheBeyond"],"potions_floor_usage":[16,16,25,25,30,35,35,54,54],"damage_taken":[{"damage":0,"enemies":"Small Slimes","floor":1,"turns":3},{"damage":3,"enemies":"Cultist","floor":3,"turns":3},{"damage":6,"enemies":"Jaw Worm","floor":5,"turns":2},{"damage":29,"enemies":"3 Sentries","floor":6,"turns":11},{"damage":7,"enemies":"Large Slime","floor":10,"turns":6},{"damage":5,"enemies":"2 Fungi Beasts","floor":12,"turns":3},{"damage":0,"enemies":"Looter","floor":13,"turns":2},{"damage":0,"enemies":"Slime Boss","floor":16,"turns":5},{"damage":0,"enemies":"Chosen","floor":18,"turns":4},{"damage":0,"enemies":"3 Byrds","floor":24,"turns":4},{"damage":7,"enemies":"Replay:Snechameleon","floor":25,"turns":7},{"damage":49,"enemies":"Shelled Parasite and Fungi","floor":27,"turns":6},{"damage":3,"enemies":"Cultist and Chosen","floor":30,"turns":4},{"damage":0,"enemies":"Centurion and Healer","floor":32,"turns":5},{"damage":0,"enemies":"3 Cultists","floor":33,"turns":4},{"damage":53,"enemies":"Automaton","floor":35,"turns":5},{"damage":0,"enemies":"Orb Walker","floor":37,"turns":2},{"damage":24,"enemies":"3 Darklings","floor":38,"turns":4},{"damage":0,"enemies":"Transient","floor":45,"turns":5},{"damage":12,"enemies":"Spire Growth","floor":46,"turns":3},{"damage":25,"enemies":"R_Hoarder","floor":48,"turns":7},{"damage":14,"enemies":"Writhing Mass","floor":52,"turns":3},{"damage":69,"enemies":"Donu and Deca","floor":54,"turns":6}],"seed_played":"-3311902153247656245","potions_obtained":[{"floor":3,"key":"champ:CounterPotion"},{"floor":10,"key":"Energy Potion"},{"floor":12,"key":"EssenceOfSteel"},{"floor":24,"key":"Weak Potion"},{"floor":25,"key":"Strength Potion"},{"floor":32,"key":"champ:CounterPotion"},{"floor":45,"key":"Elixir"},{"floor":48,"key":"Dexterity Potion"},{"floor":52,"key":"SteroidPotion"}],"is_trial":false,"path_per_floor":["M","?","M","$","M","E","R","?","T","M","R","M","M","$","R","B",null,"M","?","PTL","PTL","?","?","M","E","R","M","T","T","M","$","M","M","R","B",null,"M","M","?","PTL","PTL","?","T","R","M","M","T","E","?","?","R","M","R","B"],"character_chosen":"THE_DEFAULT","items_purchased":["infinitespire:Lucky Rock","Replay:Wax Seal","infinitespire:EmpoweringShard","jedi:ominousloannote","Slimebound:ThreeZeroPotion","Whetstone"],"campfire_rested":3,"item_purchase_floors":[4,14,31,31,31,31],"current_hp_per_floor":[77,77,74,74,68,39,39,39,46,39,64,59,59,59,59,59,84,84,84,84,84,84,64,84,84,84,35,35,35,32,32,32,32,57,4,84,84,60,60,60,60,25,25,65,65,60,60,42,42,42,60,46,64,0,0],"gold":0,"neow_bonus":"TEN_PERCENT_HP_BONUS","is_daily":false,"chose_seed":false,"campfire_upgraded":3,"win_rate":0.0,"timestamp":1609728734,"path_taken":["M","?","M","$","?","E","R","?","T","M","R","M","M","$","R","BOSS","M","?","PTL","PTL","?","?","M","E","R","M","T","?","M","$","M","M","R","BOSS","M","M","?","PTL","PTL","?","?","R","?","M","T","E","?","?","R","M","R","BOSS"],"items_purchased_type":["Relic","Relic","Relic","Relic","Potion","Relic"],"build_version":"2020-12-22","purchased_purges":1,"victory":false,"max_hp_per_floor":[77,77,77,77,77,77,77,77,84,84,84,84,84,84,84,84,84,84,84,84,84,84,84,84,84,84,84,84,84,84,84,84,84,84,84,84,84,84,84,84,84,84,84,84,84,84,84,84,80,80,80,80,80,80,80],"card_choices":[{"not_picked":["theMarked:KeepCalmAndFightOn","theMarked:WastefulDefense"],"picked":"theMarked:StartUp","floor":1},{"not_picked":["theMarked:Generate","theMarked:LightningStrikesTwice"],"picked":"theMarked:Aftermath","floor":3},{"not_picked":["theMarked:KeepCalmAndFightOn","theMarked:Static"],"picked":"theMarked:Aftermath","floor":5},{"not_picked":["theMarked:TunnelVision","theMarked:StartUp"],"picked":"theMarked:TwofoldDefense","floor":6},{"not_picked":["theMarked:ResourceFulStrike","theMarked:ElectricStrings"],"picked":"theMarked:SwordAndMagic","floor":10},{"not_picked":["theMarked:WastefulDefense","theMarked:Reabsorb"],"picked":"theMarked:Seal","floor":12},{"not_picked":["theMarked:TwofoldDefense","theMarked:Overthink"],"picked":"theMarked:Frustration","floor":13},{"not_picked":["theMarked:Vacuum","theMarked:DispelDoubt"],"picked":"theMarked:SuspiciousRaven","floor":16},{"not_picked":["theMarked:TwofoldDefense","theMarked:Convert"],"picked":"theMarked:Static","floor":18},{"not_picked":["ReplayTheSpireMod:Haul","ReplayTheSpireMod:Black Plague"],"picked":"infinitespire:Collect","floor":23},{"not_picked":["theMarked:WastefulAttack","theMarked:RogueSparks"],"picked":"theMarked:Polarize","floor":24},{"not_picked":["theMarked:TunnelVision","theMarked:ChainLightning"],"picked":"theMarked:SwordAndMagic+1","floor":25},{"not_picked":["theMarked:BanishingWave","theMarked:ReduceFriction"],"picked":"theMarked:BanishingStrike","floor":27},{"not_picked":["theMarked:WastefulAttack","theMarked:CreepingChasm"],"picked":"theMarked:BanishingStrike","floor":30},{"not_picked":["theMarked:Snap","theMarked:SwordAndMagic"],"picked":"theMarked:Overcharge","floor":32},{"not_picked":["theMarked:SwordAndMagic","theMarked:WastefulAttack+1"],"picked":"theMarked:BanishingStrike+1","floor":33},{"not_picked":["theMarked:Snap","theMarked:Challenge"],"picked":"theMarked:Abjuration","floor":35},{"not_picked":["theMarked:Improvise+1","theMarked:ElectricStrings+1"],"picked":"theMarked:ElementalBlade+1","floor":37},{"not_picked":["theMarked:Frustration","theMarked:Indomitable+1"],"picked":"theMarked:CreepingChasm","floor":38},{"not_picked":["theMarked:ElectricStrings+1","theMarked:TakeCover"],"picked":"theMarked:MysticalArsenal+1","floor":45},{"not_picked":["theMarked:HeightenedSenses","theMarked:Standoff+1"],"picked":"theMarked:Panic+1","floor":46},{"not_picked":["theMarked:Electrocute","theMarked:RepellingDischarge+1","theMarked:ElectricStrings"],"picked":"SKIP","floor":48},{"not_picked":["theMarked:ShockingTouch","theMarked:SwordAndMagic+1"],"picked":"theMarked:Panic+1","floor":52}],"player_experience":257593,"relics_obtained":[{"floor":6,"key":"Pen Nib"},{"floor":8,"key":"Ring of Panic"},{"floor":8,"key":"Ring of Peace"},{"floor":9,"key":"Strawberry"},{"floor":25,"key":"ReplayTheSpireMod:Lightbulb"},{"floor":28,"key":"Oddly Smooth Stone"},{"floor":29,"key":"Bag of Marbles"},{"floor":43,"key":"Eternal Feather"},{"floor":48,"key":"jedi:shrinkray"}],"event_choices":[{"damage_healed":0,"gold_gain":0,"player_choice":"Rummage","damage_taken":0,"relics_obtained":["WarpedTongs"],"max_hp_gain":0,"max_hp_loss":0,"event_name":"Accursed Blacksmith","floor":2,"gold_loss":0,"cards_obtained":["Pain"]},{"damage_healed":0,"gold_gain":0,"player_choice":"Choice 2","damage_taken":0,"relics_obtained":["alterego_mod:SomeoneToFightFor"],"max_hp_gain":0,"max_hp_loss":0,"event_name":"Secret Garden","floor":19,"gold_loss":0},{"damage_healed":0,"gold_gain":0,"player_choice":"Inject Mutagens","damage_taken":0,"relics_obtained":["MutagenicStrength"],"max_hp_gain":0,"max_hp_loss":0,"event_name":"Drug Dealer","floor":22,"gold_loss":0},{"damage_healed":0,"gold_gain":0,"player_choice":"Paid","damage_taken":0,"relics_obtained":["Red Mask"],"max_hp_gain":0,"max_hp_loss":0,"event_name":"Tomb of Lord Red Mask","floor":39,"gold_loss":103},{"damage_healed":0,"gold_gain":0,"player_choice":"Max HP","damage_taken":0,"max_hp_gain":0,"max_hp_loss":4,"event_name":"Winding Halls","floor":49,"gold_loss":0}],"is_beta":false,"boss_relics":[{"not_picked":["Calling Bell","Busted Crown"],"picked":"theMarked:Eyepatch"},{"not_picked":["jedi:paperlyon","Honey Jar"],"picked":"SacredBark"}],"items_purged_floors":[14],"is_endless":false,"potions_floor_spawned":[3,10,12,13,24,25,32,45,48,52],"killed_by":"Donu and Deca","ascension_level":0}}