{"host":"x205naxbihvu3p76","time":1609768663,"event":{"mods":["AchievementEnabler","BaseMod","Minty Spire (QoL Compilation)","StSLib","SuperFastMode"],"gold_per_floor":[109,109,34,45,45,80,95,95,95,111,122,122,156,168,168,245,245,258,178,190,190,203,203,203,203],"floor_reached":24,"playtime":372,"items_purged":["Strike_B","Strike_B"],"score":454,"play_id":"c78ce713-dbd1-4ae4-8e54-e52392da8a12","local_time":"20210104225743","is_ascension_mode":true,"campfire_choices":[{"floor":8.0,"key":"REST"},{"floor":12.0,"key":"REST"},{"data":"Defragment","floor":15.0,"key":"SMITH"},{"floor":23,"key":"REST"}],"circlet_count":0,"master_deck":["AscendersBane","Strike_B","Strike_B","Defend_B","Defend_B","Defend_B","Defend_B","Zap","Dualcast","Ball Lightning","Ball Lightning","Thunder Strike","Capacitor","Defragment+1","Core Surge","Defragment","Decay"],"relics":["Cracked Core","NeowsBlessing","Anchor","Blood Vial","The Courier","Orichalcum","Philosopher\u0027s Stone"],"acts_visited":["Exordium","TheCity"],"potions_floor_usage":[20],"damage_taken":[{"damage":0.0,"enemies":"Jaw Worm","floor":1.0,"turns":1.0},{"damage":0.0,"enemies":"Small Slimes","floor":4.0,"turns":1.0},{"damage":0.0,"enemies":"3 Sentries","floor":6.0,"turns":1.0},{"damage":0.0,"enemies":"2 Louse","floor":7.0,"turns":2.0},{"damage":27.0,"enemies":"Gremlin Gang","floor":10.0,"turns":4.0},{"damage":0.0,"enemies":"Blue Slaver","floor":11.0,"turns":2.0},{"damage":25.0,"enemies":"Lagavulin","floor":13.0,"turns":5.0},{"damage":0.0,"enemies":"3 Louse","floor":14.0,"turns":3.0},{"damage":27.0,"enemies":"The Guardian","floor":16.0,"turns":7.0},{"damage":20.0,"enemies":"Shell Parasite","floor":18.0,"turns":4.0},{"damage":2,"enemies":"Spheric Guardian","floor":20,"turns":3},{"damage":31,"enemies":"Snake Plant","floor":22,"turns":4},{"damage":34,"enemies":"3 Cultists","floor":24,"turns":3}],"seed_played":"-5216422306445034865","potions_obtained":[{"floor":1.0,"key":"Weak Potion"},{"floor":6.0,"key":"Fire Potion"},{"floor":13.0,"key":"EntropicBrew"},{"floor":16.0,"key":"Dexterity Potion"},{"floor":18.0,"key":"Fire Potion"}],"is_trial":false,"path_per_floor":["M","?","$","M","$","E","M","R","T","M","M","R","E","M","R","B",null,"M","$","M","?","M","R","M"],"character_chosen":"DEFECT","items_purchased":[],"campfire_rested":3,"item_purchase_floors":[],"current_hp_per_floor":[64,29,29,29,29,29,31,52,52,27,29,50,27,29,29,4,54,36,36,36,36,7,28,0,0],"gold":203,"neow_bonus":"THREE_ENEMY_KILL","is_daily":false,"chose_seed":false,"campfire_upgraded":1,"win_rate":0.0,"timestamp":1609768663,"path_taken":["M","?","$","M","$","E","M","R","T","M","M","R","E","M","R","BOSS","M","$","M","?","M","R","M"],"items_purchased_type":[],"build_version":"2020-12-22","purchased_purges":2,"victory":false,"max_hp_per_floor":[71,71,71,71,71,71,71,71,71,71,71,71,71,71,71,71,71,71,71,71,71,71,71,71,71],"card_choices":[{"not_picked":["Lockon","Scrape"],"picked":"Ball Lightning","floor":1.0},{"not_picked":["Barrage","Streamline"],"picked":"Ball Lightning","floor":4.0},{"not_picked":["Compile Driver","Skim","Force Field"],"picked":"SKIP","floor":6.0},{"not_picked":["Reprogram","Conserve Battery"],"picked":"Thunder Strike","floor":7.0},{"not_picked":["Barrage","White Noise"],"picked":"Capacitor","floor":10.0},{"not_picked":["Rebound","Coolheaded","Streamline"],"picked":"SKIP","floor":11.0},{"not_picked":["Capacitor","All For One"],"picked":"Defragment","floor":13.0},{"not_picked":["Hologram","Streamline","Force Field"],"picked":"SKIP","floor":14.0},{"not_picked":["Amplify","Buffer"],"picked":"Core Surge","floor":16.0},{"not_picked":["Consume","Steam","Gash"],"picked":"SKIP","floor":18.0},{"not_picked":["Steam","Ball Lightning+1"],"picked":"Defragment","floor":20},{"not_picked":["Sunder","Double Energy","Redo"],"picked":"SKIP","floor":22}],"player_experience":945031,"relics_obtained":[{"floor":6.0,"key":"Blood Vial"},{"floor":9.0,"key":"The Courier"},{"floor":13.0,"key":"Orichalcum"}],"event_choices":[{"damage_healed":0.0,"max_hp_gain":0.0,"max_hp_loss":0.0,"gold_gain":0.0,"event_name":"Scrap Ooze","player_choice":"Success","floor":2.0,"gold_loss":0.0,"damage_taken":35.0,"relics_obtained":["Anchor"]},{"damage_healed":0,"gold_gain":0,"player_choice":"Smashed Altar","damage_taken":0,"max_hp_gain":0,"max_hp_loss":0,"event_name":"Forgotten Altar","floor":21,"gold_loss":0,"cards_obtained":["Decay"]}],"is_beta":false,"boss_relics":[{"not_picked":["FrozenCore","Ectoplasm"],"picked":"Philosopher\u0027s Stone"}],"items_purged_floors":[3,19],"is_endless":false,"potions_floor_spawned":[1,6,13,16,18],"killed_by":"3 Cultists","ascension_level":19}}