{"host":"ik8ww1p4uabx5gam","time":1609797470,"event":{"mods":["Always Whale","Aspiration","BaseMod","Better Third Choice","BetterRewards","Colored Map","Conspire","Energized Spire","FetchMod","Hubris","Infinite Spire","Jedi Mod","Minty Spire (QoL Compilation)","Random Character Button","Replay The Spire","Shop Mod","Spicy Shops","Spikes Relics","StSLib","The Blue Laboratory","Wandering Minibosses","??????REMEMod"],"gold_per_floor":[118,133,147,222,239,239,272,283,307,322,334,368,408,389,389,484,484,498,476,233,233,233,233,233,233,233,233,233,233,233,233,233,233,233,233,233,233,233,233,233,233],"floor_reached":40,"playtime":1846,"items_purged":["ReplayTheSpireMod:Splinters"],"score":368,"play_id":"404fecb3-b09b-47a5-bd49-fe9163bac007","local_time":"20210104155750","is_ascension_mode":true,"campfire_choices":[{"data":"jedi:forcepull","floor":6,"key":"SMITH"},{"data":"Streamline","floor":15,"key":"SMITH"},{"data":"Hyperbeam","floor":28,"key":"SMITH"},{"data":"Sunder","floor":30,"key":"SMITH"}],"circlet_count":0,"master_deck":["Strike_B","Strike_B","Strike_B","Strike_B","Defend_B","Defend_B","Defend_B","Defend_B","Zap","Dualcast","jedi:forcepull+1","Coolheaded","Undo","Go for the Eyes+1","Go for the Eyes","Sunder+1","Streamline+1","Rip and Tear","Hyperbeam+1","REME_SelfUpgrade+1","Sword Boomerang+1","Replay:Undeath\u0027s Touch+1","Clash","REME_Cut+1","ReplayTheSpireMod:Muscle Training+1","REME_ACTH","Parasite","True Grit+1","Feed"],"relics":["Red Skull","Replay:PocketPolymizer","Busted Crown","jedi:ominousloannote","jedi:battlestandard","infinitespire:DarkRift","aspiration:IroncladSkillbook","Ring of the Snake","infinitespire:Chaos","Singing Bowl","Bag of Marbles","jedi:crownofsimplicity","energizedSpire:EnergizedDie","wanderingMiniBosses:ThiefScarf","Cracked Core","MealTicket","infinitespire:Satchel","Ring of Chaos"],"acts_visited":["Exordium","TheCity","TheBeyond"],"potions_floor_usage":[7,13,16,16,19,23,40,40],"damage_taken":[{"damage":5,"enemies":"infinitespire:Voidling","floor":1,"turns":3},{"damage":0,"enemies":"conspire:RoseBush","floor":2,"turns":3},{"damage":0,"enemies":"Small Slimes","floor":3,"turns":4},{"damage":7,"enemies":"Looter","floor":5,"turns":3},{"damage":11,"enemies":"Lagavulin","floor":7,"turns":7},{"damage":4,"enemies":"3 Louse","floor":8,"turns":2},{"damage":18,"enemies":"Exordium Thugs","floor":10,"turns":3},{"damage":6,"enemies":"Exordium Wildlife","floor":11,"turns":3},{"damage":10,"enemies":"Gremlin Nob","floor":12,"turns":5},{"damage":5,"enemies":"2 Fungi Beasts","floor":14,"turns":6},{"damage":4,"enemies":"Slime Boss","floor":16,"turns":7},{"damage":15,"enemies":"Shell Parasite","floor":18,"turns":4},{"damage":33,"enemies":"conspire:MimicChest","floor":19,"turns":8},{"damage":0,"enemies":"3 Byrds","floor":21,"turns":2},{"damage":6,"enemies":"Snake Plant","floor":22,"turns":2},{"damage":14,"enemies":"Nightmare","floor":23,"turns":5},{"damage":0,"enemies":"Centurion and Healer","floor":24,"turns":2},{"damage":0,"enemies":"Cultist and Chosen","floor":25,"turns":3},{"damage":0,"enemies":"Shelled Parasite and Fungi","floor":27,"turns":1},{"damage":0,"enemies":"Centurion and Healer","floor":29,"turns":1},{"damage":16,"enemies":"Replay:Snechameleon","floor":31,"turns":3},{"damage":18,"enemies":"hubris:MusketHawk","floor":33,"turns":4},{"damage":0,"enemies":"Orb Walker","floor":35,"turns":2},{"damage":0,"enemies":"3 Darklings","floor":36,"turns":1},{"damage":24,"enemies":"Writhing Mass","floor":37,"turns":5},{"damage":22,"enemies":"Transient","floor":38,"turns":5},{"damage":38,"enemies":"Spire Growth","floor":39,"turns":4},{"damage":35,"enemies":"Nightmare","floor":40,"turns":4}],"seed_played":"-2157472351556053930","potions_obtained":[{"floor":2,"key":"Adrenaline Potion"},{"floor":3,"key":"blueLaboratory:ForbiddenFruitJuice"},{"floor":7,"key":"Explosive Potion"},{"floor":8,"key":"jedi:hoardpotion"},{"floor":12,"key":"Swift Potion"},{"floor":13,"key":"blueLaboratory:FruitPunch"},{"floor":16,"key":"FocusPotion"},{"floor":21,"key":"blueLaboratory:SystemWipe"},{"floor":22,"key":"Elixir"},{"floor":23,"key":"blueLaboratory:LouseDecoction"},{"floor":27,"key":"Regen Potion"},{"floor":35,"key":"blueLaboratory:BottledHope"}],"is_trial":false,"path_per_floor":["M","M","M","?","M","R","E","M","T","M","M","E","?","M","R","B",null,"?","?","T","M","M","NM","M","M","T","M","R","M","R","E","R","B",null,"M","M","M","M","M","NM"],"character_chosen":"DEFECT","items_purchased":["Pear","infinitespire:Chaos","Singing Bowl"],"campfire_rested":0,"item_purchase_floors":[20,20,20],"current_hp_per_floor":[74,74,74,63,56,56,45,41,41,23,17,7,65,60,60,58,67,52,19,29,33,33,23,27,31,31,35,35,41,41,31,55,41,83,85,87,69,51,17,0,0],"gold":233,"neow_bonus":"RANDOM_COMMON_RELIC","is_daily":false,"chose_seed":false,"campfire_upgraded":4,"win_rate":0.0,"timestamp":1609797470,"path_taken":["M","?","M","?","M","R","E","M","T","M","M","E","?","M","R","BOSS","?","?","T","M","M","NM","M","M","T","M","R","M","R","E","R","BOSS","M","M","M","M","M","NM"],"items_purchased_type":["Relic","Relic","Relic"],"build_version":"2020-12-22","purchased_purges":1,"victory":false,"max_hp_per_floor":[75,75,75,75,75,75,75,75,75,75,75,75,65,65,65,67,67,67,67,77,77,79,79,79,79,79,79,79,81,81,83,83,83,83,85,87,89,89,89,89,89],"card_choices":[{"not_picked":["DiskWipe","Force Field"],"picked":"Coolheaded","floor":1},{"not_picked":["REME_Compress","Leap"],"picked":"Undo","floor":2},{"not_picked":["Ball Lightning","Cold Snap"],"picked":"Go for the Eyes","floor":3},{"not_picked":["REME_DataAnalysis","Sweeping Beam"],"picked":"Go for the Eyes","floor":5},{"not_picked":["hubris:DoWhile","Leap"],"picked":"Sunder","floor":7},{"not_picked":["Steam","Compile Driver"],"picked":"Streamline","floor":8},{"not_picked":["Coolheaded","Compile Driver","Rebound"],"picked":"SKIP","floor":10},{"not_picked":["jedi:meditation","Tempest","Compile Driver"],"picked":"SKIP","floor":11},{"not_picked":["Ball Lightning","Steam"],"picked":"Rip and Tear","floor":12},{"not_picked":["Redo","jedi:BurstFrost","jedi:blockon"],"picked":"SKIP","floor":14},{"not_picked":["hubris:DoWhile","Thunder Strike"],"picked":"Hyperbeam","floor":16},{"not_picked":["Conserve Battery","Storm+1"],"picked":"REME_SelfUpgrade+1","floor":18},{"not_picked":["Coolheaded"],"picked":"Sword Boomerang+1","floor":21},{"not_picked":["Intimidate","jedi:spotbugs+1","Sweeping Beam+1","Gash"],"picked":"Singing Bowl","floor":22},{"not_picked":["Redo+1","RefreshScreen","ReplayRNGCard"],"picked":"Replay:Undeath\u0027s Touch+1","floor":23},{"not_picked":["Sword Boomerang","Stack","Sweeping Beam"],"picked":"Clash","floor":24},{"not_picked":["FIFO Queue+1","Compile Driver","Cleave"],"picked":"REME_Cut+1","floor":25},{"not_picked":["Exhume","REME_DataAnalysis","Anger"],"picked":"ReplayTheSpireMod:Muscle Training+1","floor":27},{"not_picked":["hubris:Ukulele","Pommel Strike"],"picked":"Singing Bowl","floor":29},{"not_picked":["ReplayReversal","ReplaySolidLightProjector","Lockon","Fire Breathing"],"picked":"Singing Bowl","floor":31},{"not_picked":["Echo Form","Multi-Cast","Offering"],"picked":"REME_ACTH","floor":33},{"not_picked":["True Grit+1","ReplayTheSpireMod:System Scan+1"],"picked":"Singing Bowl","floor":35},{"not_picked":["Ball Lightning","Warcry+1"],"picked":"Singing Bowl","floor":36},{"not_picked":["Stack+1","Sentinel","True Grit","Clothesline"],"picked":"Singing Bowl","floor":37},{"not_picked":["Hemokinesis","Sever Soul","hubris:ReadiedAction+1"],"picked":"True Grit+1","floor":38},{"not_picked":["jedi:reiji+1","conspire:ExplosiveBarrier","Shrug It Off+1"],"picked":"Feed","floor":39}],"player_experience":926214,"relics_obtained":[{"floor":7,"key":"MealTicket"},{"floor":9,"key":"Ancient Tea Set"},{"floor":12,"key":"Blue Doll"},{"floor":13,"key":"Replay:Bottled Steam"},{"floor":19,"key":"Dream Catcher"},{"floor":23,"key":"Bag of Marbles"},{"floor":31,"key":"jedi:crownofsimplicity"},{"floor":37,"key":"wanderingMiniBosses:ThiefScarf"},{"floor":37,"key":"Cracked Core"},{"floor":37,"key":"MealTicket"}],"event_choices":[{"damage_healed":0,"gold_gain":75,"player_choice":"Gold","damage_taken":11,"max_hp_gain":0,"max_hp_loss":0,"event_name":"betterThird:BetterGoop","floor":4,"gold_loss":0}],"is_beta":false,"boss_relics":[{"not_picked":["aspiration:RunicSpoon","Fusion Hammer"],"picked":"Painkiller Herb"},{"not_picked":["Inserter","aspiration:PoetsPen_weak"],"picked":"energizedSpire:EnergizedDie"}],"items_purged_floors":[20],"is_endless":false,"potions_floor_spawned":[2,3,7,8,12,16,21,22,23,27,29,33,35,36],"killed_by":"Nightmare","ascension_level":1}}