{"host":"Timothy","time":1609745836,"event":{"mods":["AchievementEnabler","BaseMod","Bestiary","Highlight Path","Minty Spire (QoL Compilation)","Quick Restart","Slay-I"],"gold_per_floor":[110,110,123,123,54,54,54,68,68,88,21,54,54,78,78,175,175,194,211,173,99,99,99],"floor_reached":22,"playtime":937,"items_purged":[],"score":182,"play_id":"b0b8af8f-a8cb-45d4-b66f-cf8c86227e67","local_time":"20210103233716","is_ascension_mode":false,"campfire_choices":[{"data":"Capacitor","floor":6.0,"key":"SMITH"},{"floor":15,"key":"REST"}],"circlet_count":0,"master_deck":["Strike_B","Strike_B","Strike_B","Defend_B","Defend_B","Defend_B","Defend_B","Zap","Dualcast","Leap","Chaos","Leap","Capacitor+1","BootSequence","Hologram","Loop","Hologram","Leap","Loop+1","Fusion","Fusion"],"relics":["Cracked Core","HornCleat","Letter Opener","WingedGreaves","Ancient Tea Set","Nunchaku","Philosopher\u0027s Stone"],"acts_visited":["Exordium","TheCity"],"potions_floor_usage":[],"damage_taken":[{"damage":5.0,"enemies":"Small Slimes","floor":1.0,"turns":3.0},{"damage":0.0,"enemies":"Cultist","floor":3.0,"turns":4.0},{"damage":6.0,"enemies":"Jaw Worm","floor":8.0,"turns":4.0},{"damage":0.0,"enemies":"Lots of Slimes","floor":10.0,"turns":3.0},{"damage":45.0,"enemies":"Gremlin Nob","floor":12.0,"turns":6.0},{"damage":17,"enemies":"The Guardian","floor":16,"turns":10},{"damage":21,"enemies":"Chosen","floor":18,"turns":6},{"damage":17,"enemies":"3 Byrds","floor":19,"turns":5},{"damage":53,"enemies":"Centurion and Healer","floor":22,"turns":16}],"seed_played":"5206221341449376610","potions_obtained":[{"floor":10.0,"key":"DuplicationPotion"},{"floor":18,"key":"AttackPotion"},{"floor":19,"key":"CultistPotion"}],"is_trial":false,"path_per_floor":["M","?","M","?","$","R","?","M","T","M","$","E","?","T","R","B",null,"M","M","$","$","M"],"character_chosen":"DEFECT","items_purchased":["Capacitor","Loop","Fusion","Fusion"],"campfire_rested":1,"item_purchase_floors":[5,11,20,21],"current_hp_per_floor":[77,77,77,65,65,65,65,59,59,59,59,14,14,14,38,21,82,61,44,44,44,0,0],"gold":99,"neow_bonus":"TEN_PERCENT_HP_BONUS","is_daily":false,"chose_seed":false,"campfire_upgraded":1,"win_rate":0.0,"timestamp":1609745836,"path_taken":["M","?","?","?","$","R","?","?","T","M","$","E","?","?","R","BOSS","M","M","$","$","M"],"items_purchased_type":["Card","Card","Card","Card"],"build_version":"2020-12-18","purchased_purges":0,"victory":false,"max_hp_per_floor":[82,82,82,82,82,82,82,82,82,82,82,82,82,82,82,82,82,82,82,82,82,82,82],"card_choices":[{"not_picked":["Ball Lightning","Compile Driver"],"picked":"Leap","floor":1.0},{"not_picked":["Glacier","Barrage"],"picked":"Leap","floor":3.0},{"not_picked":["Gash","Sunder","BootSequence"],"picked":"SKIP","floor":8.0},{"not_picked":["Gash","Sunder"],"picked":"BootSequence","floor":8.0},{"not_picked":["Go for the Eyes","Chill"],"picked":"Hologram","floor":10.0},{"not_picked":["Electrodynamics","Static Discharge"],"picked":"Hologram","floor":12.0},{"not_picked":["Cold Snap","Rip and Tear"],"picked":"Leap","floor":18},{"not_picked":["Redo+1","Ball Lightning"],"picked":"Loop+1","floor":19}],"player_experience":732007,"relics_obtained":[{"floor":9.0,"key":"Letter Opener"},{"floor":12.0,"key":"WingedGreaves"},{"floor":14,"key":"Nunchaku"}],"event_choices":[{"damage_healed":0.0,"max_hp_gain":0.0,"max_hp_loss":0.0,"gold_gain":0.0,"cards_transformed":["Strike_B"],"event_name":"Transmorgrifier","player_choice":"Transformed","floor":2.0,"gold_loss":0.0,"damage_taken":0.0,"cards_obtained":["Chaos"]},{"damage_healed":0.0,"max_hp_gain":0.0,"max_hp_loss":0.0,"gold_gain":0.0,"event_name":"Scrap Ooze","player_choice":"Success","floor":4.0,"gold_loss":0.0,"damage_taken":12.0,"relics_obtained":["HornCleat"]},{"damage_healed":0.0,"max_hp_gain":0.0,"max_hp_loss":0.0,"gold_gain":0.0,"event_name":"NoteForYourself","player_choice":"Ignored","floor":7.0,"gold_loss":0.0,"damage_taken":0.0},{"damage_healed":0,"gold_gain":0,"player_choice":"Searched \u00271\u0027 times","damage_taken":0,"relics_obtained":["Ancient Tea Set"],"max_hp_gain":0,"max_hp_loss":0,"event_name":"Dead Adventurer","floor":13,"gold_loss":0}],"is_beta":true,"boss_relics":[{"not_picked":["Tiny House","FrozenCore"],"picked":"Philosopher\u0027s Stone"}],"items_purged_floors":[],"is_endless":false,"potions_floor_spawned":[10,18,19],"killed_by":"Centurion and Healer","ascension_level":0}}