{"host":"7sni158j623xchr2","time":1609787943,"event":{"mods":["BaseMod","Colored Map","Highlight Path","Minty Spire (QoL Compilation)","Permanent Neow","Potion Indicator Mod","Rare Cards Sparkle","Relic Sorter","Relic Stats","StSLib","everything is the same but u backflip on backflip"],"gold_per_floor":[118,133,133,149,163,193,47,47,47,76,96,111,111,145,145,250,250,266,278,278,27,44,75,75,108,108,139,139,139,139,169,169,264,264,284,284,1283,1298,1298,1298,1333,1333,1409,1409,1085,1108,1133,903,903,903,903,903,452,481,481],"floor_reached":56,"playtime":2014,"items_purged":["Study","Swivel","Normality","Normality"],"score":1553,"play_id":"f6d6f408-e3a0-4926-8758-f3bf91ca59f8","local_time":"20210104131903","is_ascension_mode":true,"campfire_choices":[{"data":"Eruption","floor":8.0,"key":"SMITH"},{"data":"Wallop","floor":13.0,"key":"SMITH"},{"data":"Tantrum","floor":15.0,"key":"SMITH"},{"data":"Vault","floor":24,"key":"SMITH"},{"data":"Consecrate","floor":28,"key":"SMITH"},{"data":"InnerPeace","floor":32,"key":"SMITH"},{"floor":40,"key":"DIG"},{"floor":42,"key":"DIG"},{"floor":44,"key":"DIG"},{"floor":49,"key":"RECALL"},{"floor":52,"key":"DIG"}],"circlet_count":0,"master_deck":["Eruption+1","Vigilance","Vengeance+1","Nirvana+1","Wallop+1","WheelKick+1","Weave+1","Consecrate+1","JustLucky+1","CutThroughFate+1","Vault+1","Tantrum+1","ThirdEye+1","Protect","LessonLearned+1","DeceiveReality+1","InnerPeace+1","Vault+1","CurseOfTheBell","Sanctity+1","Vault","Adaptation+1","WaveOfTheHand+1","Fasting2","PanicButton","Prostrate"],"relics":["Pandora\u0027s Box","Juzu Bracelet","Question Card","Orichalcum","Sozu","MutagenicStrength","PreservedInsect","Bag of Preparation","Ancient Tea Set","Bird Faced Urn","Ice Cream","Tiny Chest","Calling Bell","Damaru","Pear","Shovel","Pen Nib","Happy Flower","Unceasing Top","Blue Candle","Yang","Membership Card","Lantern","Potion Belt","GoldenEye","Toy Ornithopter","Medical Kit","Mercury Hourglass","Incense Burner","Thread and Needle","OrangePellets","CaptainsWheel"],"acts_visited":["Exordium","TheCity","TheBeyond","TheEnding"],"potions_floor_usage":[54,55],"damage_taken":[{"damage":0.0,"enemies":"2 Louse","floor":1.0,"turns":2.0},{"damage":0.0,"enemies":"Cultist","floor":2.0,"turns":3.0},{"damage":11.0,"enemies":"Jaw Worm","floor":4.0,"turns":2.0},{"damage":1.0,"enemies":"Exordium Thugs","floor":5.0,"turns":2.0},{"damage":10.0,"enemies":"3 Sentries","floor":6.0,"turns":3.0},{"damage":0.0,"enemies":"Gremlin Nob","floor":10.0,"turns":2.0},{"damage":0.0,"enemies":"2 Fungi Beasts","floor":11.0,"turns":2.0},{"damage":0.0,"enemies":"3 Louse","floor":12.0,"turns":2.0},{"damage":10.0,"enemies":"Lagavulin","floor":14.0,"turns":6.0},{"damage":24.0,"enemies":"Hexaghost","floor":16.0,"turns":9.0},{"damage":0,"enemies":"Shell Parasite","floor":18,"turns":5},{"damage":8,"enemies":"Spheric Guardian","floor":19,"turns":4},{"damage":0,"enemies":"3 Cultists","floor":22,"turns":3},{"damage":0,"enemies":"Gremlin Leader","floor":23,"turns":4},{"damage":2,"enemies":"Book of Stabbing","floor":25,"turns":4},{"damage":14,"enemies":"Gremlin Leader","floor":27,"turns":2},{"damage":0,"enemies":"Book of Stabbing","floor":31,"turns":5},{"damage":0,"enemies":"Champ","floor":33,"turns":7},{"damage":8,"enemies":"3 Shapes","floor":35,"turns":5},{"damage":0,"enemies":"Orb Walker","floor":38,"turns":2},{"damage":4,"enemies":"Giant Head","floor":41,"turns":8},{"damage":0,"enemies":"Nemesis","floor":47,"turns":8},{"damage":42,"enemies":"Time Eater","floor":50,"turns":11},{"damage":13,"enemies":"Shield and Spear","floor":54,"turns":4},{"damage":17,"enemies":"The Heart","floor":55,"turns":10}],"seed_played":"6381981867823176819","potions_obtained":[{"floor":3.0,"key":"SpeedPotion"},{"floor":3.0,"key":"Dexterity Potion"},{"floor":3.0,"key":"SteroidPotion"},{"floor":5.0,"key":"Swift Potion"},{"floor":6.0,"key":"BlessingOfTheForge"},{"floor":11.0,"key":"Ambrosia"},{"floor":14.0,"key":"AttackPotion"}],"is_trial":false,"path_per_floor":["M","M","?","M","M","E","$","R","T","E","M","M","R","E","R","B",null,"M","M","?","$","M","E","R","E","T","E","R","$","?","E","R","B",null,"M","?","?","M","?","R","E","R","T","R","$","T","E","$","R","B",null,"R","$","E","B",null],"character_chosen":"WATCHER","items_purchased":["Tantrum","PreservedInsect","Membership Card","Lantern","Adaptation","Toy Ornithopter","Medical Kit","Incense Burner","Thread and Needle","OrangePellets","Fasting2","PanicButton"],"campfire_rested":0,"item_purchase_floors":[7,21,45,45,45,48,48,53,53,53,53,53],"current_hp_per_floor":[72,72,72,61,60,50,50,50,50,50,50,50,50,40,40,16,72,72,64,64,64,64,64,64,62,62,48,48,48,48,50,50,52,82,74,74,74,74,74,74,72,72,72,72,72,72,76,76,76,38,78,78,78,65,59],"gold":481,"neow_bonus":"BOSS_RELIC","is_daily":false,"chose_seed":false,"campfire_upgraded":6,"win_rate":0.0,"timestamp":1609787943,"path_taken":["M","M","?","M","M","E","$","R","T","E","M","M","R","E","R","BOSS","M","M","?","$","M","E","R","E","T","E","R","$","?","E","R","BOSS","M","?","?","M","?","R","E","R","T","R","$","?","E","$","R","BOSS","R","$","E","BOSS"],"items_purchased_type":["Card","Relic","Relic","Relic","Card","Relic","Relic","Relic","Relic","Relic","Card","Card"],"build_version":"2020-12-22","purchased_purges":4,"victory":true,"max_hp_per_floor":[72,72,72,72,72,72,72,72,72,72,72,72,72,72,72,72,72,72,72,72,72,72,72,72,72,72,72,72,72,72,72,72,72,82,82,78,78,78,78,78,78,78,78,78,78,78,78,78,78,78,78,78,78,78,78],"relic_stats":{"Happy Flower":[11],"counters":[25,115],"Blue Candle":[2],"Yang":[78],"PreservedInsect":410,"Pen Nib":[9],"Juzu Bracelet":0,"Bag of Preparation":[22],"Orichalcum":[66],"Question Card":18,"GoldenEye":[22],"Medical Kit":[2],"Mercury Hourglass":[42],"Sozu":6,"OrangePellets":[8],"Shovel":4,"Bird Faced Urn":[20],"Pandora\u0027s Box":["Vengeance","Nirvana","Study","Wallop","WheelKick","Swivel","Weave","Consecrate"],"Tiny Chest":1,"obtain_stats":[{"Ice Cream":27,"Lantern":45,"Yang":44,"Juzu Bracelet":6,"Bag of Preparation":23,"Incense Burner":53,"Ancient Tea Set":25,"Sozu":17,"Shovel":34,"Tiny Chest":31,"Potion Belt":46,"Pear":34,"Happy Flower":41,"Blue Candle":43,"Damaru":34,"Thread and Needle":53,"PreservedInsect":21,"Pen Nib":40,"Orichalcum":14,"Question Card":10,"GoldenEye":47,"Medical Kit":48,"Mercury Hourglass":52,"Calling Bell":34,"OrangePellets":53,"CaptainsWheel":54,"MutagenicStrength":20,"Bird Faced Urn":26,"Pandora\u0027s Box":0,"Membership Card":45,"PureWater":0,"Unceasing Top":42,"Toy Ornithopter":48},{"Ice Cream":16,"Lantern":21,"Yang":21,"Juzu Bracelet":5,"Bag of Preparation":14,"Incense Burner":23,"Ancient Tea Set":15,"Sozu":10,"Shovel":18,"Tiny Chest":17,"Potion Belt":21,"Pear":18,"Happy Flower":21,"Blue Candle":21,"Damaru":18,"Thread and Needle":23,"PreservedInsect":12,"Pen Nib":20,"Orichalcum":9,"Question Card":6,"GoldenEye":22,"Medical Kit":22,"Mercury Hourglass":23,"Calling Bell":18,"OrangePellets":23,"CaptainsWheel":24,"MutagenicStrength":12,"Bird Faced Urn":15,"Pandora\u0027s Box":0,"Membership Card":21,"PureWater":0,"Unceasing Top":21,"Toy Ornithopter":22},{"Ice Cream":55,"Lantern":82,"Yang":82,"Juzu Bracelet":12,"Bag of Preparation":49,"Incense Burner":101,"Ancient Tea Set":53,"Sozu":33,"Shovel":67,"Tiny Chest":60,"Potion Belt":82,"Pear":67,"Happy Flower":82,"Blue Candle":82,"Damaru":67,"Thread and Needle":101,"PreservedInsect":42,"Pen Nib":74,"Orichalcum":24,"Question Card":14,"GoldenEye":90,"Medical Kit":90,"Mercury Hourglass":101,"Calling Bell":67,"OrangePellets":101,"CaptainsWheel":105,"MutagenicStrength":42,"Bird Faced Urn":53,"Pandora\u0027s Box":0,"Membership Card":82,"PureWater":0,"Unceasing Top":82,"Toy Ornithopter":90}],"Unceasing Top":[0],"Toy Ornithopter":5},"card_choices":[{"not_picked":["FollowUp","Protect"],"picked":"JustLucky","floor":1.0},{"not_picked":["CarveReality","WindmillStrike","Prostrate"],"picked":"SKIP","floor":2.0},{"not_picked":["PathToVictory","ClearTheMind"],"picked":"CutThroughFate","floor":4.0},{"not_picked":["FollowUp","Consecrate"],"picked":"Vault","floor":5.0},{"not_picked":["Collect","Consecrate","BowlingBash"],"picked":"SKIP","floor":6.0},{"not_picked":["Fasting2","CutThroughFate"],"picked":"ThirdEye","floor":10.0},{"not_picked":["Consecrate","ClearTheMind","Pray"],"picked":"Protect","floor":11.0},{"not_picked":["ConjureBlade","SashWhip","Halt","EmptyFist"],"picked":"SKIP","floor":12.0},{"not_picked":["FollowUp","CarveReality","Swivel","Devotion"],"picked":"SKIP","floor":14.0},{"not_picked":["Alpha","Brilliance","Vault"],"picked":"LessonLearned","floor":16.0},{"not_picked":["EmptyFist","ClearTheMind","FlyingSleeves+1"],"picked":"DeceiveReality","floor":18},{"not_picked":["Vengeance","FlurryOfBlows","WaveOfTheHand","PathToVictory"],"picked":"SKIP","floor":19},{"not_picked":["DeusExMachina","Protect+1","SashWhip"],"picked":"InnerPeace","floor":22},{"not_picked":["BowlingBash","Study","WindmillStrike","Fasting2"],"picked":"SKIP","floor":23},{"not_picked":["Nirvana","Protect+1","FlurryOfBlows","Crescendo+1"],"picked":"SKIP","floor":25},{"not_picked":["EmptyFist","Prostrate","Collect","InnerPeace"],"picked":"SKIP","floor":27},{"not_picked":["FollowUp","SignatureMove+1","Alpha","FlyingSleeves"],"picked":"SKIP","floor":31},{"not_picked":["Crescendo+1","Halt+1","InnerPeace"],"picked":"Sanctity+1","floor":35},{"not_picked":["Study","Fasting2+1","Halt","Brilliance"],"picked":"SKIP","floor":38},{"not_picked":["Halt","ClearTheMind+1","EmptyBody"],"picked":"Vault","floor":41},{"not_picked":["SpiritShield","PathToVictory+1","Fasting2+1"],"picked":"WaveOfTheHand+1","floor":47},{"not_picked":["JustLucky+1","BattleHymn","EmptyBody"],"picked":"Prostrate","floor":54}],"player_experience":1588465,"relics_obtained":[{"floor":6.0,"key":"Juzu Bracelet"},{"floor":10.0,"key":"Question Card"},{"floor":14.0,"key":"Orichalcum"},{"floor":23,"key":"Bag of Preparation"},{"floor":25,"key":"Ancient Tea Set"},{"floor":26,"key":"Bird Faced Urn"},{"floor":27,"key":"Ice Cream"},{"floor":31,"key":"Tiny Chest"},{"floor":34,"key":"Damaru"},{"floor":34,"key":"Pear"},{"floor":34,"key":"Shovel"},{"floor":40,"key":"Pen Nib"},{"floor":41,"key":"Happy Flower"},{"floor":42,"key":"Unceasing Top"},{"floor":43,"key":"Blue Candle"},{"floor":44,"key":"Yang"},{"floor":46,"key":"Potion Belt"},{"floor":47,"key":"GoldenEye"},{"floor":52,"key":"Mercury Hourglass"},{"floor":54,"key":"CaptainsWheel"}],"event_choices":[{"damage_healed":0.0,"max_hp_gain":0.0,"max_hp_loss":0.0,"gold_gain":0.0,"event_name":"Lab","player_choice":"Got Potions","floor":3.0,"gold_loss":0.0,"damage_taken":0.0},{"damage_healed":0,"gold_gain":0,"player_choice":"Inject Mutagens","damage_taken":0,"relics_obtained":["MutagenicStrength"],"max_hp_gain":0,"max_hp_loss":0,"event_name":"Drug Dealer","floor":20,"gold_loss":0},{"damage_healed":0,"gold_gain":0,"player_choice":"Copied","damage_taken":0,"max_hp_gain":0,"max_hp_loss":0,"event_name":"Duplicator","floor":30,"gold_loss":0,"cards_obtained":["Vault"]},{"damage_healed":0,"gold_gain":0,"player_choice":"Max HP","damage_taken":0,"max_hp_gain":0,"max_hp_loss":4,"event_name":"Winding Halls","floor":36,"gold_loss":0},{"damage_healed":0,"gold_gain":999,"player_choice":"Gold","damage_taken":0,"max_hp_gain":0,"max_hp_loss":0,"event_name":"MindBloom","floor":37,"gold_loss":0,"cards_obtained":["Normality","Normality"]},{"damage_healed":0,"gold_gain":0,"player_choice":"Ignored","damage_taken":0,"max_hp_gain":0,"max_hp_loss":0,"event_name":"SecretPortal","floor":39,"gold_loss":0}],"is_beta":false,"boss_relics":[{"not_picked":["Tiny House","Black Star"],"picked":"Sozu"},{"not_picked":["SlaversCollar","Runic Pyramid"],"picked":"Calling Bell"}],"items_purged_floors":[7,21,45,48],"is_endless":false,"potions_floor_spawned":[4,5,6,11,14,23,25,33,41,47,54],"ascension_level":1}}