{"host":"wdeqp3oywc1fg6fs","time":1609727765,"event":{"mods":["BaseMod","Colored Map","Colored Powertips","Downfall","Duelist Mod","Googly Eyes","Hermit","Highlight Path","Hubris","Infinite Spire","Jorbs\u0027s Wanderer Trilogy","Marisa????????","Minty Spire (QoL Compilation)","READ ME - Guardian Mod","Remilia??????","Replay The Spire","StSLib","The Animator","The Bug Knight","The Cursed","The Disciple","The Hierophant","The Jungle","The Senshi","The Servant 0.9.4"],"gold_per_floor":[143,26,126,126,126,126,142,142,142,142,142,157,14,14,14,113,163,174,194,394,414,434,434,449,459,509,523,523,523],"floor_reached":28,"playtime":2194,"items_purged":["theDuelist:SummoningCurse"],"score":210,"play_id":"c0d6e6d7-7c75-4bf4-9c2f-6c54f97f7196","local_time":"20210104023605","is_ascension_mode":false,"campfire_choices":[{"floor":6,"key":"REST"},{"data":"infinitespire:DeathsTouch","floor":8,"key":"SMITH"},{"floor":10,"key":"RECALL"},{"data":"Metamorphosis","floor":15,"key":"SMITH"},{"floor":23,"key":"REST"}],"circlet_count":0,"master_deck":["infinitespire:DeathsTouch+1","Pain","Discovery","theDuelist:ScrapFactory","theDuelist:GiantSoldier+1","theDuelist:GiantSoldier","theDuelist:CastleWalls","theDuelist:Electrowhip","theDuelist:Sparks","theDuelist:WingedKuriboh+1","theDuelist:Sparks","theDuelist:ElectromagneticShield","theDuelist:FinalFlame","theDuelist:StarBlast","theDuelist:BeaverWarrior+1","theDuelist:AmuletAmbition","theDuelist:PowerWall","Metamorphosis+1","theDuelist:CastleWalls","theDuelist:BeaverWarrior","theDuelist:LightningRodLord+1","Parasite","theDuelist:GilfordLegend+1","theDuelist:GravityAxe","theDuelist:ScrapFactory","theDuelist:MudragonSwamp+1","theDuelist:OnslaughtFireKings","theDuelist:FusionWeapon","theDuelist:FuryFire"],"relics":["theDuelist:MillenniumPuzzle","theDuelist:CardPoolRelic","theDuelist:CardPoolBasicRelic","theDuelist:BoosterPackPoolRelic","theDuelist:CardPoolAddRelic","theDuelist:CardPoolMinusRelic","theDuelist:CardPoolSaveRelic","theDuelist:CardPoolOptionsRelic","theDuelist:MillenniumCoin","Pen Nib","theDuelist:BoosterPackMonsterEgg","WarpedTongs","Tiny House"],"acts_visited":["Exordium","TheCity"],"potions_floor_usage":[16,21,28,28,28],"damage_taken":[{"damage":10,"enemies":"Jaw Worm","floor":1,"turns":4},{"damage":1,"enemies":"2 Louse","floor":7,"turns":2},{"damage":0,"enemies":"Small Slimes","floor":12,"turns":3},{"damage":35,"enemies":"Fading Forest","floor":16,"turns":11},{"damage":8,"enemies":"2 Thieves","floor":18,"turns":4},{"damage":12,"enemies":"Centurion and Healer","floor":19,"turns":5},{"damage":3,"enemies":"Snake Plant","floor":21,"turns":4},{"damage":15,"enemies":"Cultist and Chosen","floor":22,"turns":5},{"damage":3,"enemies":"Shelled Parasite and Fungi","floor":24,"turns":3},{"damage":2,"enemies":"Sentry and Sphere","floor":25,"turns":4},{"damage":21,"enemies":"Centurion and Healer","floor":27,"turns":7},{"damage":61,"enemies":"Nightmare","floor":28,"turns":6}],"seed_played":"-5454109938038009947","potions_obtained":[{"floor":7,"key":"theDuelist:StunPotion"},{"floor":17,"key":"Slimebound:ThreeZeroPotion"},{"floor":18,"key":"theDuelist:BurningPotion"},{"floor":22,"key":"theDuelist:MayhemPotion"},{"floor":24,"key":"Regen Potion"}],"is_trial":false,"path_per_floor":["M","$","?","?","?","R","M","R","T","R","T","M","$","?","R","B",null,"M","M","?","M","M","R","M","M","T","M","NM"],"character_chosen":"THE_DUELIST","items_purchased":["Discovery","theDuelist:PowerWall","theDuelist:Electrowhip"],"campfire_rested":2,"item_purchase_floors":[2,2,13],"current_hp_per_floor":[70,70,70,49,49,73,72,72,72,72,72,72,72,72,72,37,85,77,65,65,62,47,72,69,67,67,46,0,0],"gold":523,"neow_bonus":"RANDOM_COLORLESS_2","is_daily":false,"chose_seed":false,"campfire_upgraded":2,"win_rate":0.0,"timestamp":1609727765,"path_taken":["M","$","?","?","?","R","M","R","T","R","?","M","?","?","R","BOSS","M","?","?","M","?","R","M","M","T","M","NM"],"items_purchased_type":["Card","Card","Card"],"build_version":"2020-12-22","purchased_purges":1,"victory":false,"max_hp_per_floor":[80,80,80,80,80,80,80,80,80,80,80,80,80,80,80,80,85,85,85,85,85,85,85,85,85,85,85,85,85],"card_choices":[{"not_picked":["theDuelist:WingedKuribohLv10","theDuelist:UltraPolymerization"],"picked":"Metamorphosis","floor":0},{"not_picked":["theDuelist:SpellShatteringArrow","theDuelist:DarkBurningAttack","theDuelist:SpiritHarp","theDuelist:RainbowNeos"],"picked":"theDuelist:StarBlast","floor":1},{"not_picked":["infinitespire:UltimateForm","ReplayTheSpireMod:Chaos Vortex"],"picked":"infinitespire:DeathsTouch","floor":4},{"not_picked":["theDuelist:ImperialOrder","theDuelist:GravityAxe","theDuelist:MiraculousDescent","theDuelist:Electrowhip"],"picked":"theDuelist:ElectromagneticShield","floor":7},{"not_picked":["theDuelist:DarklordSuperbia+1","theDuelist:EvilswarmHeliotrope+1","theDuelist:LightningVortex","theDuelist:MudGolem+1"],"picked":"theDuelist:LightningRodLord+1","floor":12},{"not_picked":["theDuelist:Wildfire","theDuelist:GridRod","theDuelist:GravityLash","theDuelist:Mathematician+1"],"picked":"theDuelist:AmuletAmbition","floor":16},{"not_picked":["theDuelist:EarthquakeGiant+1","theDuelist:PurplePainOni+1","theDuelist:ForbiddenChalice","theDuelist:MillenniumScorpion+1"],"picked":"theDuelist:WingedKuriboh+1","floor":17},{"not_picked":["theDuelist:OneForOne+1","theDuelist:PreventRat+1","theDuelist:ReinforcementsArmy","theDuelist:FlameTiger+1"],"picked":"theDuelist:GilfordLegend+1","floor":18},{"not_picked":["theDuelist:VendreadCharge","theDuelist:MagnumShield+1","theDuelist:ElectromagneticShield","theDuelist:StarBlast+1"],"picked":"theDuelist:GravityAxe","floor":19},{"not_picked":["theDuelist:GravityBlaster","theDuelist:GravityAxe","theDuelist:Electrowhip+1","theDuelist:InfernoFireBlast+1"],"picked":"theDuelist:ScrapFactory","floor":21},{"not_picked":["theDuelist:BattleguardKing+1","theDuelist:GraniteLoyalist+1","theDuelist:MudGolem+1","theDuelist:WingedKuriboh+1"],"picked":"theDuelist:MudragonSwamp+1","floor":22},{"not_picked":["theDuelist:MeteorDestruction","theDuelist:Tuningware+1","theDuelist:PowerKaishin","theDuelist:PreventRat+1"],"picked":"theDuelist:OnslaughtFireKings","floor":24},{"not_picked":["theDuelist:CrossAttack","theDuelist:SpiritHarp+1","theDuelist:Sangan+1","theDuelist:LegendarySword"],"picked":"theDuelist:FusionWeapon","floor":25},{"not_picked":["theDuelist:VenomShot","theDuelist:SpiralSpearStrike+1"],"picked":"theDuelist:FuryFire","floor":27}],"player_experience":73943,"relics_obtained":[{"floor":9,"key":"Pen Nib"},{"floor":11,"key":"theDuelist:BoosterPackMonsterEgg"}],"event_choices":[{"damage_healed":0,"gold_gain":0,"player_choice":"Took item - Received: Millennium Coin","duelist":true,"damage_taken":0,"max_hp_gain":0,"max_hp_loss":0,"event_name":"Millennium Items","floor":3,"gold_loss":0},{"damage_healed":0,"gold_gain":0,"player_choice":"Rummage","damage_taken":0,"relics_obtained":["WarpedTongs"],"max_hp_gain":0,"max_hp_loss":0,"event_name":"Accursed Blacksmith","floor":14,"gold_loss":0,"cards_obtained":["Pain"]},{"damage_healed":0,"gold_gain":200,"player_choice":"Gold","damage_taken":0,"max_hp_gain":0,"max_hp_loss":0,"event_name":"Wheel of Change","floor":20,"gold_loss":0}],"is_beta":false,"boss_relics":[{"not_picked":["Honey Jar","Ooze Armor"],"picked":"Tiny House"}],"items_purged_floors":[13],"is_endless":false,"potions_floor_spawned":[7,18,22,24,25,27],"killed_by":"Nightmare","ascension_level":0}}