{"host":"Timothy","time":1609744479,"event":{"mods":["AchievementEnabler","BaseMod","Bestiary","Highlight Path","Minty Spire (QoL Compilation)","Quick Restart","Slay-I"],"gold_per_floor":[117,132,132,132,82,112,112,126,126,159,84,84,98,113,113,113,113],"floor_reached":16,"playtime":1104,"items_purged":["Strike_B"],"score":110,"play_id":"c653cd7f-80b9-4f2a-b65a-5be0492ba3e1","local_time":"20210103231439","is_ascension_mode":false,"campfire_choices":[{"data":"Auto Shields","floor":7,"key":"SMITH"},{"floor":12,"key":"REST"},{"data":"Fusion","floor":15,"key":"SMITH"}],"circlet_count":0,"master_deck":["Strike_B","Strike_B","Strike_B","Defend_B","Defend_B","Defend_B","Defend_B","Zap+1","Dualcast+1","Echo Form","Redo","Steam","Auto Shields+1","Fusion+1","Coolheaded","Redo"],"relics":["Cracked Core","Incense Burner","Ancient Tea Set","Toy Ornithopter"],"acts_visited":["Exordium"],"potions_floor_usage":[16],"damage_taken":[{"damage":1,"enemies":"Jaw Worm","floor":1,"turns":5},{"damage":5,"enemies":"Small Slimes","floor":2,"turns":3},{"damage":8,"enemies":"Lagavulin","floor":6,"turns":7},{"damage":0,"enemies":"2 Louse","floor":8,"turns":3},{"damage":35,"enemies":"3 Sentries","floor":10,"turns":15},{"damage":2,"enemies":"Exordium Wildlife","floor":13,"turns":2},{"damage":8,"enemies":"Red Slaver","floor":14,"turns":4},{"damage":30,"enemies":"The Guardian","floor":16,"turns":10}],"seed_played":"3285357381910449656","potions_obtained":[{"floor":10,"key":"SneckoOil"},{"floor":13,"key":"Regen Potion"},{"floor":14,"key":"FearPotion"}],"is_trial":false,"path_per_floor":["M","M","?","?","?","E","R","M","T","E","$","R","M","M","R","B"],"character_chosen":"DEFECT","items_purchased":[],"campfire_rested":1,"item_purchase_floors":[],"current_hp_per_floor":[74,69,69,54,54,46,46,46,46,11,11,33,31,23,23,0,0],"gold":113,"neow_bonus":"ONE_RANDOM_RARE_CARD","is_daily":false,"chose_seed":false,"campfire_upgraded":2,"win_rate":0.0,"timestamp":1609744479,"path_taken":["M","M","?","?","?","E","R","M","T","E","$","R","M","M","R","BOSS"],"items_purchased_type":[],"build_version":"2020-12-18","purchased_purges":1,"victory":false,"max_hp_per_floor":[75,75,75,75,75,75,75,75,75,75,75,75,75,75,75,75,75],"card_choices":[{"not_picked":["Rebound","Stack"],"picked":"Redo","floor":1},{"not_picked":["Blizzard","Lockon"],"picked":"Steam","floor":2},{"not_picked":["Gash","Go for the Eyes"],"picked":"Auto Shields","floor":6},{"not_picked":["Sweeping Beam","Beam Cell"],"picked":"Fusion","floor":8},{"not_picked":["Fission","Sunder","Conserve Battery"],"picked":"SKIP","floor":10},{"not_picked":["Turbo","Streamline"],"picked":"Coolheaded","floor":13},{"not_picked":["Barrage","Beam Cell"],"picked":"Redo","floor":14}],"player_experience":728709,"relics_obtained":[{"floor":6,"key":"Ancient Tea Set"},{"floor":10,"key":"Toy Ornithopter"}],"event_choices":[{"damage_healed":0,"gold_gain":0,"player_choice":"Box","damage_taken":0,"relics_obtained":["Incense Burner"],"max_hp_gain":0,"max_hp_loss":0,"event_name":"Big Fish","floor":3,"gold_loss":0,"cards_obtained":["Regret"]},{"damage_healed":0,"gold_gain":0,"player_choice":"Entered Light","damage_taken":15,"max_hp_gain":0,"max_hp_loss":0,"event_name":"Shining Light","floor":4,"gold_loss":0,"cards_upgraded":["Zap","Dualcast"]},{"cards_removed":["Regret"],"damage_healed":0,"gold_gain":0,"player_choice":"Card Removal","damage_taken":0,"max_hp_gain":0,"max_hp_loss":0,"event_name":"The Cleric","floor":5,"gold_loss":50}],"is_beta":true,"boss_relics":[],"items_purged_floors":[11],"is_endless":false,"potions_floor_spawned":[10,13,14],"killed_by":"The Guardian","ascension_level":0}}