{"host":"31s8hzukbhz1k6i6","time":1609797518,"event":{"mods":["AchievementEnabler","BaseMod","Bestiary","Colored Map","Filter the Spire","Minty Spire (QoL Compilation)","Relic Stats","ojb\u0027s Info Mod"],"gold_per_floor":[111,124,49,49,49,76,76,107,133,163,163,163,204,218,218,311,311,326,326,251,274,324,324,365,365,389,428,452,452,183,216,216,312,312,326,326,344,357,378,416,416,460,460,460,793,807,820,836,836,836,836],"floor_reached":50,"playtime":2349,"items_purged":["Zap","Regret"],"score":1322,"play_id":"f8d3ade3-5144-4a9b-a982-4c3f68eba7af","local_time":"20210104135838","is_ascension_mode":true,"campfire_choices":[{"data":"Doom and Gloom","floor":7,"key":"SMITH"},{"data":"Multi-Cast","floor":12,"key":"SMITH"},{"data":"Self Repair","floor":15,"key":"SMITH"},{"data":"Biased Cognition","floor":23,"key":"SMITH"},{"data":"Coolheaded","floor":25,"key":"SMITH"},{"data":"Go for the Eyes","floor":29,"key":"SMITH"},{"data":"Conserve Battery","floor":32,"key":"SMITH"},{"data":"Storm","floor":41,"key":"SMITH"},{"floor":49,"key":"RECALL"}],"circlet_count":0,"master_deck":["AscendersBane","Defend_B","Defend_B","Defend_B","Dualcast","Skim+1","Core Surge+1","Steam+1","Ball Lightning","Doom and Gloom+1","Rip and Tear","Multi-Cast+1","Conserve Battery+1","Coolheaded+1","Self Repair+1","Go for the Eyes+1","Biased Cognition+1","Aggregate+1","Cold Snap+1","Echo Form","Conserve Battery","Echo Form","Turbo+1","Impatience","Storm+1","Clumsy"],"relics":["Astrolabe","Bronze Scales","Blood Vial","Akabeko","Darkstone Periapt","Bag of Marbles","Cursed Key","MealTicket","Bag of Preparation","Ancient Tea Set","Centennial Puzzle","Turnip","Philosopher\u0027s Stone","Singing Bowl","Dream Catcher"],"acts_visited":["Exordium","TheCity","TheBeyond"],"potions_floor_usage":[10,16,33,38,40,40,46,50],"damage_taken":[{"damage":5,"enemies":"Small Slimes","floor":1,"turns":4},{"damage":0,"enemies":"Jaw Worm","floor":2,"turns":3},{"damage":17,"enemies":"Lagavulin","floor":6,"turns":5},{"damage":4,"enemies":"Gremlin Nob","floor":8,"turns":3},{"damage":8,"enemies":"Lagavulin","floor":10,"turns":3},{"damage":0,"enemies":"Gremlin Nob","floor":13,"turns":3},{"damage":0,"enemies":"2 Louse","floor":14,"turns":1},{"damage":16,"enemies":"Hexaghost","floor":16,"turns":9},{"damage":0,"enemies":"Chosen","floor":18,"turns":3},{"damage":11,"enemies":"2 Thieves","floor":21,"turns":2},{"damage":13,"enemies":"Gremlin Leader","floor":24,"turns":5},{"damage":18,"enemies":"Book of Stabbing","floor":27,"turns":4},{"damage":23,"enemies":"Centurion and Healer","floor":28,"turns":5},{"damage":25,"enemies":"Slavers","floor":31,"turns":3},{"damage":21,"enemies":"Collector","floor":33,"turns":8},{"damage":7,"enemies":"3 Shapes","floor":35,"turns":4},{"damage":4,"enemies":"Orb Walker","floor":37,"turns":3},{"damage":0,"enemies":"Sphere and 2 Shapes","floor":38,"turns":4},{"damage":3,"enemies":"4 Shapes","floor":39,"turns":3},{"damage":12,"enemies":"Reptomancer","floor":40,"turns":4},{"damage":0,"enemies":"Nemesis","floor":42,"turns":5},{"damage":13,"enemies":"Writhing Mass","floor":46,"turns":5},{"damage":23,"enemies":"Maw","floor":47,"turns":5},{"damage":26,"enemies":"3 Darklings","floor":48,"turns":4},{"damage":76,"enemies":"Awakened One","floor":50,"turns":13}],"seed_played":"3462717101704231263","potions_obtained":[{"floor":2,"key":"Energy Potion"},{"floor":13,"key":"ColorlessPotion"},{"floor":16,"key":"ColorlessPotion"},{"floor":21,"key":"DuplicationPotion"},{"floor":27,"key":"FocusPotion"},{"floor":37,"key":"Fruit Juice"},{"floor":38,"key":"PowerPotion"},{"floor":42,"key":"AttackPotion"},{"floor":47,"key":"PotionOfCapacity"}],"is_trial":false,"path_per_floor":["M","M","?","?","$","E","R","E","T","E","?","R","E","M","R","B",null,"M","?","$","M","?","R","E","R","T","E","M","R","$","E","R","B",null,"M","?","M","M","M","E","R","E","T","?","?","M","M","M","R","B"],"character_chosen":"DEFECT","items_purchased":["Centennial Puzzle"],"campfire_rested":0,"item_purchase_floors":[30],"current_hp_per_floor":[59,59,59,59,59,42,42,38,38,32,32,32,34,36,36,32,56,58,58,58,59,59,59,58,58,64,68,57,57,70,55,55,46,64,70,60,70,75,75,77,77,79,85,85,85,84,85,63,63,0,0],"gold":836,"neow_bonus":"BOSS_RELIC","is_daily":false,"chose_seed":false,"campfire_upgraded":8,"win_rate":0.0,"timestamp":1609797518,"path_taken":["M","M","?","?","$","E","R","E","T","E","?","R","E","M","R","BOSS","M","?","$","M","?","R","E","R","T","E","M","R","$","E","R","BOSS","M","?","M","M","M","E","R","E","T","?","?","?","M","M","R","BOSS"],"items_purchased_type":["Relic"],"build_version":"2020-12-22","purchased_purges":2,"victory":false,"max_hp_per_floor":[71,71,71,71,71,71,71,71,71,71,64,64,64,64,64,64,64,64,64,64,64,64,64,64,64,70,70,70,70,70,70,70,70,70,70,70,70,75,75,77,77,79,85,85,85,87,89,91,91,91,91],"relic_stats":{"Darkstone Periapt":12,"Singing Bowl":10,"counters":[25,111],"Astrolabe":["Skim","Core Surge","Steam"],"Bag of Preparation":[28],"Cursed Key":2,"Blood Vial":30,"Centennial Puzzle":[30],"Dream Catcher":0,"Bronze Scales":[310],"MealTicket":13,"Turnip":[15],"obtain_stats":[{"Darkstone Periapt":10,"Singing Bowl":40,"Golden Idol":11,"Astrolabe":0,"Bag of Preparation":26,"Cursed Key":17,"Ancient Tea Set":27,"Akabeko":9,"Blood Vial":8,"Centennial Puzzle":30,"Dream Catcher":42,"Bronze Scales":6,"MealTicket":24,"Philosopher\u0027s Stone":34,"Turnip":31,"Bag of Marbles":13,"Cracked Core":0},{"Darkstone Periapt":5,"Singing Bowl":20,"Golden Idol":5,"Astrolabe":0,"Bag of Preparation":11,"Cursed Key":8,"Ancient Tea Set":12,"Akabeko":4,"Blood Vial":4,"Centennial Puzzle":13,"Dream Catcher":21,"Bronze Scales":3,"MealTicket":11,"Philosopher\u0027s Stone":15,"Turnip":14,"Bag of Marbles":6,"Cracked Core":0},{"Darkstone Periapt":18,"Singing Bowl":79,"Golden Idol":18,"Astrolabe":0,"Bag of Preparation":41,"Cursed Key":31,"Ancient Tea Set":45,"Akabeko":15,"Blood Vial":15,"Centennial Puzzle":50,"Dream Catcher":84,"Bronze Scales":12,"MealTicket":41,"Philosopher\u0027s Stone":61,"Turnip":53,"Bag of Marbles":21,"Cracked Core":0}]},"card_choices":[{"not_picked":["Genetic Algorithm","Stack"],"picked":"Ball Lightning","floor":1},{"not_picked":["Hologram","Auto Shields"],"picked":"Doom and Gloom","floor":2},{"not_picked":["Redo","Steam Power"],"picked":"Multi-Cast","floor":6},{"not_picked":["Aggregate","White Noise"],"picked":"Conserve Battery","floor":8},{"not_picked":["Sweeping Beam","Steam"],"picked":"Coolheaded","floor":10},{"not_picked":["Reboot","Tempest"],"picked":"Self Repair","floor":13},{"not_picked":["Barrage","Static Discharge"],"picked":"Go for the Eyes","floor":14},{"not_picked":["Electrodynamics","Fission"],"picked":"Biased Cognition","floor":16},{"not_picked":["Streamline","Beam Cell"],"picked":"Aggregate+1","floor":18},{"not_picked":["Aggregate","Genetic Algorithm"],"picked":"Cold Snap+1","floor":21},{"not_picked":["Reprogram","Go for the Eyes"],"picked":"Echo Form","floor":24},{"not_picked":["Cold Snap","Static Discharge","Streamline+1"],"picked":"SKIP","floor":27},{"not_picked":["Sweeping Beam","Steam+1","Gash"],"picked":"SKIP","floor":28},{"not_picked":["FTL","Rebound"],"picked":"Conserve Battery","floor":31},{"not_picked":["Seek","Thunder Strike"],"picked":"Echo Form","floor":33},{"not_picked":["Rebound","Beam Cell"],"picked":"Turbo+1","floor":35},{"not_picked":["Swift Strike","Discovery"],"picked":"Impatience","floor":36},{"not_picked":["Reprogram+1","Force Field","Rebound+1"],"picked":"SKIP","floor":37},{"not_picked":["Melter","Compile Driver"],"picked":"Storm","floor":38},{"not_picked":["Stack","Skim"],"picked":"Glacier+1","floor":39},{"not_picked":["Cold Snap+1","Fusion+1","Turbo"],"picked":"Singing Bowl","floor":40},{"not_picked":["Steam","Cold Snap","Melter"],"picked":"Singing Bowl","floor":42},{"not_picked":["Leap+1","Conserve Battery","Compile Driver"],"picked":"Singing Bowl","floor":46},{"not_picked":["Go for the Eyes","Rebound","Reboot"],"picked":"Singing Bowl","floor":47},{"not_picked":["Rebound+1","White Noise","Steam"],"picked":"Singing Bowl","floor":48}],"player_experience":152224,"relics_obtained":[{"floor":6,"key":"Bronze Scales"},{"floor":8,"key":"Blood Vial"},{"floor":9,"key":"Akabeko"},{"floor":10,"key":"Darkstone Periapt"},{"floor":13,"key":"Bag of Marbles"},{"floor":24,"key":"MealTicket"},{"floor":26,"key":"Bag of Preparation"},{"floor":27,"key":"Ancient Tea Set"},{"floor":31,"key":"Turnip"},{"floor":40,"key":"Singing Bowl"},{"floor":42,"key":"Dream Catcher"}],"event_choices":[{"cards_removed":["Strike_B"],"damage_healed":0,"gold_gain":0,"player_choice":"Card Removal","damage_taken":0,"max_hp_gain":0,"max_hp_loss":0,"event_name":"The Cleric","floor":3,"gold_loss":75},{"damage_healed":0,"gold_gain":0,"cards_transformed":["Strike_B"],"player_choice":"Change","damage_taken":0,"max_hp_gain":0,"max_hp_loss":0,"event_name":"Living Wall","floor":4,"gold_loss":0,"cards_obtained":["Rip and Tear"]},{"damage_healed":0,"gold_gain":0,"player_choice":"Lose Max HP","damage_taken":0,"relics_obtained":["Golden Idol"],"max_hp_gain":0,"max_hp_loss":7,"event_name":"Golden Idol","floor":11,"gold_loss":0},{"damage_healed":0,"gold_gain":0,"player_choice":"Ignored","damage_taken":0,"max_hp_gain":0,"max_hp_loss":0,"event_name":"Ghosts","floor":19,"gold_loss":0},{"damage_healed":0,"gold_gain":50,"player_choice":"Stole From Cult","damage_taken":0,"max_hp_gain":0,"max_hp_loss":0,"event_name":"Nest","floor":22,"gold_loss":0},{"damage_healed":0,"gold_gain":0,"player_choice":"Memory 3","damage_taken":10,"max_hp_gain":0,"max_hp_loss":0,"event_name":"SensoryStone","floor":36,"gold_loss":0},{"cards_removed":["Glacier"],"damage_healed":0,"gold_gain":0,"player_choice":"Removed Skill","damage_taken":0,"max_hp_gain":0,"max_hp_loss":0,"event_name":"Falling","floor":44,"gold_loss":0},{"damage_healed":0,"gold_gain":333,"player_choice":"Gave Idol","damage_taken":0,"max_hp_gain":0,"max_hp_loss":0,"event_name":"The Moai Head","floor":45,"relics_lost":["Golden Idol"],"gold_loss":0}],"is_beta":false,"boss_relics":[{"not_picked":["SlaversCollar","Runic Dome"],"picked":"Cursed Key"},{"not_picked":["Empty Cage","Coffee Dripper"],"picked":"Philosopher\u0027s Stone"}],"items_purged_floors":[20,30],"is_endless":false,"potions_floor_spawned":[2,13,16,21,27,28,37,38,39,42,47],"killed_by":"Awakened One","ascension_level":20}}