{"host":"p4yrwepmrl4g8pul","time":1609762529,"event":{"mods":["Act Like it!","BaseMod","BetterRewards","Colored Map","Custom Start","Gensokyo","Marisa£®ÏF”Í°°ƒß¿Ì…≥£©","Minty Spire (QoL Compilation)","Quick Restart","Rare Cards Sparkle","Reimu£®≤©¿ˆ¡È√Œ£©","Remilia£®¿Ÿ√◊¿Ú—«£©","Shop Mod","StSLib","The Jungle"],"gold_per_floor":[117,134,134,34,52,52,52,80,105,134,14,14,14,32,32,136,136,155,155,165,185,198,225,225,71,71,102,202,202,202,227,227,326,326,340,340,83,83,83,83,23,58,58,58,58,58,58,58,58,58],"floor_reached":51,"playtime":1861,"items_purged":["Transmutation","Chrysalis"],"score":1138,"play_id":"7a6c4419-242c-4034-a94e-9712babe8dfe","local_time":"20210104201529","daily_mods":["Allstar","Time Dilation","Elite Swarm"],"is_ascension_mode":true,"campfire_choices":[{"data":"Pommel Strike","floor":6.0,"key":"SMITH"},{"data":"Secret Technique","floor":13.0,"key":"SMITH"},{"data":"Spot Weakness","floor":15.0,"key":"SMITH"},{"data":"Dark Shackles","floor":24,"key":"SMITH"},{"data":"Cleave","floor":30,"key":"SMITH"},{"data":"Bash","floor":32,"key":"SMITH"},{"floor":40,"key":"REST"},{"floor":44,"key":"REST"},{"floor":46,"key":"REST"},{"floor":49,"key":"REST"}],"circlet_count":0,"master_deck":["Strike_R","Strike_R","Strike_R","Strike_R","Strike_R","Defend_R","Defend_R","Bash+1","Discovery","Secret Technique+1","Dark Shackles+1","Cleave+1","Pommel Strike+1","Spot Weakness+1","True Grit+1","Offering+1","Shrug It Off+1","Seeing Red+1","Exhume+1","Double Energy+1","True Grit+1","Armaments+1","Impervious+1","Gensokyo:FourOfAKind+1","Gensokyo:FourOfAKind+1","Gensokyo:FourOfAKind+1","Gensokyo:FourOfAKind+1","Shrug It Off+1","Gensokyo:HouraiInAPot+1","Gensokyo:CustomPotion"],"relics":["Burning Blood","Toxic Egg 2","Oddly Smooth Stone","Akabeko","Ice Cream","SlaversCollar","MealTicket","Juzu Bracelet","Bag of Preparation","Blood Vial","Champion Belt","Calipers","Mercury Hourglass","Fusion Hammer","HandDrill","Gensokyo:DualWield","StoneCalendar","InkBottle","Orichalcum"],"acts_visited":["Gensokyo:Gensokyo","Gensokyo:Gensokyoer","Gensokyo:Gensokyoest"],"potions_floor_usage":[27,27,50],"damage_taken":[{"damage":3.0,"enemies":"Gensokyo:Gryphon","floor":1.0,"turns":3.0},{"damage":0.0,"enemies":"Gensokyo:Python","floor":2.0,"turns":3.0},{"damage":0.0,"enemies":"Gensokyo:3_Fairies","floor":5.0,"turns":3.0},{"damage":14.0,"enemies":"Gensokyo:Aya","floor":8.0,"turns":6.0},{"damage":9.0,"enemies":"Gensokyo:Mamizou","floor":10.0,"turns":6.0},{"damage":9.0,"enemies":"Gensokyo:VengefulSpirit","floor":14.0,"turns":3.0},{"damage":20.0,"enemies":"Gensokyo:Kokoro","floor":16.0,"turns":7.0},{"damage":12.0,"enemies":"Gensokyo:Chomper","floor":18.0,"turns":1.0},{"damage":6.0,"enemies":"Gensokyo:2_Gloops","floor":20.0,"turns":2.0},{"damage":6.0,"enemies":"Gensokyo:Monolith_and_Dog","floor":21.0,"turns":3.0},{"damage":8.0,"enemies":"Gensokyo:Wraith","floor":22.0,"turns":4.0},{"damage":6,"enemies":"Gensokyo:Koishi","floor":23,"turns":4},{"damage":0,"enemies":"Gensokyo:Reisen","floor":27,"turns":3},{"damage":12,"enemies":"Gensokyo:Reisen","floor":28,"turns":3},{"damage":6,"enemies":"Gensokyo:Tenshi","floor":31,"turns":2},{"damage":6,"enemies":"Gensokyo:Eiki","floor":33,"turns":7},{"damage":0,"enemies":"Gensokyo:3_Boulders","floor":35,"turns":6},{"damage":6,"enemies":"Gensokyo:Marisa","floor":42,"turns":3},{"damage":6,"enemies":"Gensokyo:Shinki","floor":50,"turns":5}],"seed_played":"2354960893913265964","potions_obtained":[{"floor":1.0,"key":"DuplicationPotion"},{"floor":2.0,"key":"ColorlessPotion"},{"floor":5.0,"key":"Fire Potion"},{"floor":16.0,"key":"Fire Potion"},{"floor":21.0,"key":"ColorlessPotion"},{"floor":27,"key":"ZuzhouPotion:ReiMu"},{"floor":28,"key":"FairyPotion"},{"floor":42,"key":"Swift Potion"}],"is_trial":true,"path_per_floor":["M","M","?","?","M","R","?","E","T","E","$","?","R","M","R","B",null,"M","?","M","M","M","E","R","$","T","E","?","?","R","E","R","B",null,"M","?","$","?","?","R","?","E","T","R","?","R","?","?","R","B",null],"character_chosen":"IRONCLAD","items_purchased":["Shrug It Off+1","Juzu Bracelet","HandDrill"],"campfire_rested":4,"item_purchase_floors":[11,25,37],"current_hp_per_floor":[80,80,80,80,80,80,72,64,64,61,61,69,69,66,66,52,88,82,82,82,82,80,80,80,88,88,88,82,62,62,62,62,62,62,62,62,62,62,62,62,62,62,62,62,62,62,62,62,62,62],"gold":58,"neow_bonus":"","is_daily":false,"chose_seed":false,"campfire_upgraded":6,"win_rate":0.0,"timestamp":1609762529,"path_taken":["M","?","?","?","?","R","?","E","T","E","$","?","R","M","R","BOSS","M","?","M","?","M","E","R","$","T","E","?","?","R","E","R","BOSS","M","?","?","?","?","R","?","E","T","R","?","R","?","?","R","BOSS"],"items_purchased_type":["Card","Relic","Relic"],"build_version":"2020-12-22","purchased_purges":2,"victory":true,"max_hp_per_floor":[80,80,80,80,80,80,80,80,80,80,80,88,88,88,88,88,88,88,88,88,88,88,88,88,88,88,88,88,62,62,62,62,62,62,62,62,62,62,62,62,62,62,62,62,62,62,62,62,62,62],"card_choices":[{"not_picked":["Warcry","Pommel Strike"],"picked":"Cleave","floor":1.0},{"not_picked":["Havoc","Sword Boomerang","Pummel"],"picked":"SKIP","floor":2.0},{"not_picked":["Intimidate","Pummel"],"picked":"Pommel Strike","floor":3.0},{"not_picked":["Fire Breathing","Wild Strike"],"picked":"Spot Weakness","floor":3.0},{"not_picked":["Wild Strike","Battle Trance+1"],"picked":"True Grit+1","floor":5.0},{"not_picked":["Barricade","Impervious+1","Juggernaut"],"picked":"SKIP","floor":8.0},{"not_picked":["Exhume+1","Juggernaut"],"picked":"Offering+1","floor":10.0},{"not_picked":["Power Through+1","Burning Pact+1"],"picked":"Seeing Red+1","floor":14.0},{"not_picked":["Juggernaut","Bludgeon"],"picked":"Exhume+1","floor":16.0},{"not_picked":["Iron Wave","Clothesline","Dark Embrace"],"picked":"SKIP","floor":18.0},{"not_picked":["Uppercut+1","Battle Trance+1"],"picked":"True Grit+1","floor":20.0},{"not_picked":["Rupture","Reckless Charge+1"],"picked":"Armaments+1","floor":21.0},{"not_picked":["Spot Weakness+1","Heavy Blade","True Grit+1"],"picked":"SKIP","floor":22.0},{"not_picked":["Double Tap+1","Juggernaut","Feed"],"picked":"SKIP","floor":23},{"not_picked":["Corruption","Fiend Fire"],"picked":"Impervious+1","floor":27},{"not_picked":["Reaper","Limit Break+1","Exhume+1"],"picked":"SKIP","floor":31},{"not_picked":["Anger+1","Twin Strike+1"],"picked":"Shrug It Off+1","floor":35},{"not_picked":["Gensokyo:BrilliantDragonBullet","Gensokyo:RainbowDanmaku"],"picked":"Gensokyo:HouraiInAPot","floor":36},{"not_picked":["Double Tap+1","Exhume+1","Barricade"],"picked":"SKIP","floor":42}],"player_experience":774172,"relics_obtained":[{"floor":8.0,"key":"Oddly Smooth Stone"},{"floor":9.0,"key":"Akabeko"},{"floor":10.0,"key":"Ice Cream"},{"floor":23,"key":"MealTicket"},{"floor":26,"key":"Bag of Preparation"},{"floor":27,"key":"Blood Vial"},{"floor":28,"key":"Champion Belt"},{"floor":28,"key":"Calipers"},{"floor":31,"key":"Mercury Hourglass"},{"floor":42,"key":"StoneCalendar"},{"floor":43,"key":"InkBottle"}],"event_choices":[],"is_beta":false,"boss_relics":[{"not_picked":["Pandora\u0027s Box","Snecko Eye"],"picked":"SlaversCollar"},{"not_picked":["Runic Cube","RedLine:ReiMu"],"picked":"Fusion Hammer"}],"items_purged_floors":[11,37],"is_endless":false,"potions_floor_spawned":[1,2,5,16,21,27,28,42],"ascension_level":4}}