{"host":"9b7hrp48q3pna783","time":1609728516,"event":{"mods":["BaseMod","Colored Map","Colored Powertips","Highlight Path","Minty Spire (QoL Compilation)","Relic Stats"],"gold_per_floor":[118,43,58,58,58,88,88,102,102,120,133,133,133],"floor_reached":12,"playtime":487,"items_purged":["Turbo"],"score":80,"play_id":"fde8a24f-3e73-4202-bc60-6aa3650e371c","local_time":"20210103214836","is_ascension_mode":false,"campfire_choices":[{"data":"Loop","floor":7,"key":"SMITH"}],"circlet_count":0,"master_deck":["Strike_B","Strike_B","Defend_B","Defend_B","Defend_B","Defend_B","Zap","Dualcast","Gash","Regret","Loop+1","Leap","Gash","BootSequence"],"relics":["Cracked Core","Mercury Hourglass","Centennial Puzzle","White Beast Statue"],"acts_visited":["Exordium"],"potions_floor_usage":[6,11,12,12],"damage_taken":[{"damage":2,"enemies":"Small Slimes","floor":1,"turns":4},{"damage":3,"enemies":"2 Louse","floor":3,"turns":3},{"damage":26,"enemies":"3 Sentries","floor":6,"turns":7},{"damage":10,"enemies":"Jaw Worm","floor":8,"turns":3},{"damage":18,"enemies":"Exordium Wildlife","floor":10,"turns":4},{"damage":2,"enemies":"Red Slaver","floor":11,"turns":3},{"damage":14,"enemies":"Gremlin Nob","floor":12,"turns":3}],"seed_played":"2131290903278997933","potions_obtained":[{"floor":1,"key":"ColorlessPotion"},{"floor":3,"key":"SneckoOil"},{"floor":10,"key":"FearPotion"},{"floor":11,"key":"BlessingOfTheForge"}],"is_trial":false,"path_per_floor":["M","$","M","?","?","E","R","M","T","M","M","E"],"character_chosen":"DEFECT","items_purchased":[],"campfire_rested":0,"item_purchase_floors":[],"current_hp_per_floor":[73,73,70,70,70,44,44,34,34,16,14,0,0],"gold":133,"neow_bonus":"TRANSFORM_CARD","is_daily":false,"chose_seed":false,"campfire_upgraded":1,"win_rate":0.0,"timestamp":1609728516,"path_taken":["M","$","M","?","?","E","R","M","T","M","M","E"],"items_purchased_type":[],"build_version":"2020-12-22","purchased_purges":1,"victory":false,"max_hp_per_floor":[75,75,75,75,75,75,75,75,75,75,75,75,75],"relic_stats":{"Centennial Puzzle":[12],"counters":[7,26],"obtain_stats":[{"Centennial Puzzle":6,"Cracked Core":0,"White Beast Statue":9,"Mercury Hourglass":4},{"Centennial Puzzle":3,"Cracked Core":0,"White Beast Statue":4,"Mercury Hourglass":2},{"Centennial Puzzle":13,"Cracked Core":0,"White Beast Statue":16,"Mercury Hourglass":7}],"Mercury Hourglass":[92]},"card_choices":[{"not_picked":["Chill","Tempest"],"picked":"Gash","floor":1},{"not_picked":["Steam","Conserve Battery","Reinforced Body"],"picked":"SKIP","floor":3},{"not_picked":["Gash","Capacitor"],"picked":"Loop","floor":6},{"not_picked":["Cold Snap","Reinforced Body"],"picked":"Leap","floor":8},{"not_picked":["Reprogram","Stack"],"picked":"Gash","floor":10},{"not_picked":["Steam","Rebound"],"picked":"BootSequence","floor":11}],"player_experience":62830,"relics_obtained":[{"floor":6,"key":"Centennial Puzzle"},{"floor":9,"key":"White Beast Statue"}],"event_choices":[{"damage_healed":0,"gold_gain":0,"player_choice":"Box","damage_taken":0,"relics_obtained":["Mercury Hourglass"],"max_hp_gain":0,"max_hp_loss":0,"event_name":"Big Fish","floor":4,"gold_loss":0,"cards_obtained":["Regret"]},{"cards_removed":["Strike_B"],"damage_healed":0,"gold_gain":0,"player_choice":"Forget","damage_taken":0,"max_hp_gain":0,"max_hp_loss":0,"event_name":"Living Wall","floor":5,"gold_loss":0}],"is_beta":false,"boss_relics":[],"items_purged_floors":[2],"is_endless":false,"potions_floor_spawned":[1,3,10,11],"killed_by":"Gremlin Nob","ascension_level":0}}