{"host":"4xikrlo049sozq0n","time":1609734491,"event":{"mods":["AchievementEnabler","BaseMod","BetterRewards","Challenge The Spire","Colored Powertips","Downfall","Energized Spire","Highlight Path","Hubris","Minty Spire (QoL Compilation)","Permanent Neow","Quick Restart","Relic Filter","Relic Sorter","Remove Card Discount Mod","Replay The Spire","StSLib","SuperFastMode","Synergy Search"],"gold_per_floor":[117,222,222,222,241,269,269,297,348,348,358,370,313,325,325,429,429,443,85,85,45,64,64,64],"floor_reached":23,"playtime":9326,"items_purged":["Defend_B","Strike_B","Strike_B","Strike_B","Defend_B"],"score":304,"play_id":"3e938e70-b5ef-495d-b426-726a9dd0f547","local_time":"20210103232811","is_ascension_mode":true,"campfire_choices":[{"floor":7,"key":"REST"},{"floor":10,"key":"REST"},{"floor":15,"key":"REST"}],"circlet_count":0,"master_deck":["Strike_B","Defend_B","Defend_B","Zap+1","Dualcast","Sweeping Beam","Gash","Gash","Go for the Eyes","Conserve Battery","Leap","Loop","Skim","Genetic Algorithm","Static Discharge+1","Capacitor","Sunder","Rebound","Streamline","Melter","Multi-Cast","Redo","Gash","Gash","Scrape","Doom and Gloom+1"],"relics":["Cracked Core","hubris:Towel","Prayer Wheel","ReplayFunnel","hubris:CrystalStatue","hubris:ToyBattleship","hubris:HollowSoul","Sling","Geode","hubris:BottledHeart"],"acts_visited":["Exordium","TheCity"],"potions_floor_usage":[8,16,16,18,22],"damage_taken":[{"damage":4,"enemies":"2 Louse","floor":1,"turns":3},{"damage":7,"enemies":"Jaw Worm","floor":5,"turns":4},{"damage":48,"enemies":"Gremlin Nob","floor":6,"turns":5},{"damage":11,"enemies":"3 Sentries","floor":8,"turns":6},{"damage":7,"enemies":"Small Slimes","floor":11,"turns":2},{"damage":1,"enemies":"Blue Slaver","floor":12,"turns":3},{"damage":0,"enemies":"Large Slime","floor":14,"turns":5},{"damage":26,"enemies":"The Guardian","floor":16,"turns":8},{"damage":32,"enemies":"2 Thieves","floor":18,"turns":4},{"damage":0,"enemies":"3 Byrds","floor":22,"turns":5},{"damage":3,"enemies":"Book of Stabbing","floor":23,"turns":4}],"seed_played":"-3150894500660936575","potions_obtained":[{"floor":6,"key":"Strength Potion"},{"floor":8,"key":"Weak Potion"},{"floor":12,"key":"champ:CounterPotion"},{"floor":16,"key":"Fire Potion"},{"floor":18,"key":"SkillPotion"}],"is_trial":false,"path_per_floor":["M","?","?","?","M","E","R","E","T","R","M","M","$","M","R","B",null,"M","$","?","?","M","E"],"character_chosen":"DEFECT","items_purchased":["Rebound","Gash","Sling","Geode"],"campfire_rested":3,"item_purchase_floors":[13,19,19,19],"current_hp_per_floor":[64,64,64,64,57,9,31,20,20,42,35,34,34,34,56,30,64,32,32,1,1,1,0,0],"gold":64,"neow_bonus":"ONE_RANDOM_RARE_CARD","is_daily":false,"chose_seed":false,"campfire_upgraded":0,"win_rate":0.0,"timestamp":1609734491,"path_taken":["M","?","?","?","M","E","R","E","T","R","M","M","?","M","R","BOSS","M","$","?","?","?","E"],"items_purchased_type":["Card","Card","Relic","Relic"],"build_version":"2020-12-22","purchased_purges":5,"victory":false,"max_hp_per_floor":[75,75,75,75,75,75,75,75,75,75,75,75,75,75,75,75,75,75,75,1,1,1,1,1],"card_choices":[{"not_picked":["Cold Snap","BasicCrystalCard"],"picked":"Sweeping Beam","floor":1},{"not_picked":["Tempest","Redo"],"picked":"Gash","floor":2},{"not_picked":["Streamline","BasicCrystalCard"],"picked":"Gash","floor":2},{"not_picked":["ReplayTheSpireMod:System Scan","Steam"],"picked":"Go for the Eyes","floor":2},{"not_picked":["Chill","Darkness"],"picked":"Conserve Battery","floor":5},{"not_picked":["ReplayTheSpireMod:Reroute Power","Hologram"],"picked":"Leap","floor":5},{"not_picked":["Glacier","FIFO Queue"],"picked":"Loop","floor":6},{"not_picked":["Streamline","Steam"],"picked":"Skim","floor":8},{"not_picked":["Go for the Eyes","Blizzard"],"picked":"Genetic Algorithm","floor":11},{"not_picked":["Leap","Gash"],"picked":"Static Discharge","floor":11},{"not_picked":["Steam Power","Panic Button"],"picked":"Capacitor","floor":12},{"not_picked":["Turbo","Stack"],"picked":"Sunder","floor":12},{"not_picked":["BasicCrystalCard","ReplaySort"],"picked":"Streamline","floor":14},{"not_picked":["Skim","Genetic Algorithm"],"picked":"Melter","floor":14},{"not_picked":["ReplayTheSpireMod:Omega Cannon","Meteor Strike"],"picked":"Multi-Cast","floor":16},{"not_picked":["Panic Button","Streamline"],"picked":"Redo","floor":18},{"not_picked":["ReplayTheSpireMod:Calculation Training","Conserve Battery"],"picked":"Gash","floor":18},{"not_picked":["Go for the Eyes","Barrage"],"picked":"Scrape","floor":22},{"not_picked":["Conserve Battery","Biased Cognition"],"picked":"Doom and Gloom+1","floor":22}],"player_experience":915388,"relics_obtained":[{"floor":6,"key":"ReplayFunnel"},{"floor":8,"key":"hubris:CrystalStatue"},{"floor":9,"key":"hubris:ToyBattleship"}],"event_choices":[{"damage_healed":0,"gold_gain":0,"player_choice":"Upgrade","damage_taken":0,"max_hp_gain":0,"max_hp_loss":0,"event_name":"Designer","floor":21,"gold_loss":40,"cards_upgraded":["Static Discharge"]}],"is_beta":false,"boss_relics":[{"not_picked":["energizedSpire:RedRose","Runic Dome"],"picked":"hubris:HollowSoul"}],"items_purged_floors":[13,13,13,19,19],"is_endless":false,"potions_floor_spawned":[6,8,12,16,18],"killed_by":"Book of Stabbing","ascension_level":8}}