{"host":"g5zc4ej6zn2at89o","time":1609773550,"event":{"mods":["2.2 Compatiblity","AchievementEnabler","BaseMod","Colored Map","DeckTracker","Highlight Path","KOR Keyword Fix","Keyboard Shortcuts","Minty Spire (QoL Compilation)","Permanent Neow","Quick Restart","Say the Spire","StSLib","SuperFastMode","everything is the same but u backflip on backflip"],"gold_per_floor":[16,16,16,29,29,29,60,60,60,76,1,15,40,53,53,177,177,196,212,212,127,141,141,154,154,154,154,154],"floor_reached":27,"playtime":1119,"items_purged":["Regret"],"score":215,"play_id":"6c86c99e-3c5c-4511-868b-8a1e0aded66a","local_time":"20210105001910","is_ascension_mode":true,"campfire_choices":[{"data":"Demon Form","floor":6,"key":"SMITH"},{"data":"Bloodletting","floor":8,"key":"SMITH"},{"data":"Sword Boomerang","floor":15,"key":"SMITH"},{"data":"Corruption","floor":23,"key":"SMITH"},{"floor":25,"key":"REST"}],"circlet_count":0,"master_deck":["Bash","Demon Form+1","Ghostly Armor","Sword Boomerang+1","Bloodletting+1","Ghostly Armor","Flame Barrier","Spot Weakness","Corruption+1","Searing Blow","Fire Breathing","Warcry","Impervious","Battle Trance","Perfected Strike","Sentinel","Entrench","Anger","Inflame"],"relics":["Burning Blood","Golden Idol","Nunchaku","Odd Mushroom","Bottled Tornado","Pandora\u0027s Box","Letter Opener","Singing Bowl"],"acts_visited":["Exordium","TheCity"],"potions_floor_usage":[12,14,27],"damage_taken":[{"damage":9,"enemies":"Jaw Worm","floor":1,"turns":4},{"damage":8,"enemies":"2 Louse","floor":4,"turns":3},{"damage":29,"enemies":"The Mushroom Lair","floor":7,"turns":7},{"damage":0,"enemies":"Small Slimes","floor":10,"turns":3},{"damage":0,"enemies":"Exordium Wildlife","floor":12,"turns":4},{"damage":10,"enemies":"3 Louse","floor":13,"turns":4},{"damage":4,"enemies":"Large Slime","floor":14,"turns":4},{"damage":37,"enemies":"The Guardian","floor":16,"turns":8},{"damage":16,"enemies":"Spheric Guardian","floor":18,"turns":6},{"damage":28,"enemies":"2 Thieves","floor":19,"turns":4},{"damage":11,"enemies":"Snake Plant","floor":22,"turns":4},{"damage":26,"enemies":"Sentry and Sphere","floor":24,"turns":5},{"damage":65,"enemies":"Gremlin Leader","floor":27,"turns":4}],"seed_played":"-3323882317099957965","potions_obtained":[{"floor":1,"key":"BloodPotion"},{"floor":7,"key":"Block Potion"},{"floor":10,"key":"ElixirPotion"},{"floor":13,"key":"Block Potion"},{"floor":14,"key":"ElixirPotion"},{"floor":18,"key":"BlessingOfTheForge"}],"is_trial":false,"path_per_floor":["M","$","?","M","?","R","?","R","T","M","$","M","M","M","R","B",null,"M","M","?","?","M","R","M","R","T","E"],"character_chosen":"IRONCLAD","items_purchased":[],"campfire_rested":1,"item_purchase_floors":[],"current_hp_per_floor":[77,77,57,55,55,55,32,32,32,38,38,44,40,42,42,11,80,70,48,48,48,43,43,23,47,47,0,0],"gold":154,"neow_bonus":"THREE_RARE_CARDS","is_daily":false,"chose_seed":false,"campfire_upgraded":4,"win_rate":0.0,"timestamp":1609773550,"path_taken":["M","$","?","M","?","R","?","R","T","M","$","M","M","?","R","BOSS","M","M","?","?","M","R","M","R","T","E"],"items_purchased_type":[],"build_version":"2020-12-22","purchased_purges":1,"victory":false,"max_hp_per_floor":[80,80,80,80,80,80,80,80,80,80,80,80,80,80,80,80,80,80,80,80,80,80,80,80,80,80,80,80],"card_choices":[{"not_picked":["Berserk","Bludgeon"],"picked":"Demon Form","floor":0},{"not_picked":["Heavy Blade","Rampage"],"picked":"Ghostly Armor","floor":1},{"not_picked":["Thunderclap","Reckless Charge"],"picked":"Sword Boomerang","floor":4},{"not_picked":["Twin Strike","Pommel Strike"],"picked":"Bloodletting","floor":7},{"not_picked":["Clothesline","Cleave"],"picked":"Ghostly Armor","floor":10},{"not_picked":["Clash","Warcry"],"picked":"Flame Barrier","floor":12},{"not_picked":["Perfected Strike","Flame Barrier"],"picked":"Spot Weakness","floor":13},{"not_picked":["Clash","Combust","Armaments"],"picked":"SKIP","floor":14},{"not_picked":["Barricade","Reaper"],"picked":"Corruption","floor":16},{"not_picked":["Flex","Entrench","Shrug It Off"],"picked":"SKIP","floor":18},{"not_picked":["Intimidate","Anger"],"picked":"Inflame","floor":19},{"not_picked":["Battle Trance","Armaments+1","Havoc"],"picked":"SKIP","floor":22},{"not_picked":["Brutality","Combust","Thunderclap"],"picked":"SKIP","floor":24}],"player_experience":100467,"relics_obtained":[{"floor":7,"key":"Odd Mushroom"},{"floor":9,"key":"Bottled Tornado"},{"floor":26,"key":"Singing Bowl"}],"event_choices":[{"damage_healed":0,"gold_gain":0,"player_choice":"Take Damage","damage_taken":20,"relics_obtained":["Golden Idol"],"max_hp_gain":0,"max_hp_loss":0,"event_name":"Golden Idol","floor":3,"gold_loss":0},{"damage_healed":0,"gold_gain":0,"player_choice":"Box","damage_taken":0,"relics_obtained":["Nunchaku"],"max_hp_gain":0,"max_hp_loss":0,"event_name":"Big Fish","floor":5,"gold_loss":0,"cards_obtained":["Regret"]},{"damage_healed":0,"gold_gain":0,"player_choice":"Fought Mushrooms","damage_taken":0,"max_hp_gain":0,"max_hp_loss":0,"event_name":"Mushrooms","floor":7,"gold_loss":0},{"damage_healed":0,"gold_gain":0,"player_choice":"Ignored","damage_taken":0,"max_hp_gain":0,"max_hp_loss":0,"event_name":"Vampires","floor":20,"gold_loss":0},{"damage_healed":0,"gold_gain":0,"player_choice":"Obtained Relic","damage_taken":0,"relics_obtained":["Letter Opener"],"max_hp_gain":0,"max_hp_loss":0,"event_name":"Addict","floor":21,"gold_loss":85}],"is_beta":false,"boss_relics":[{"not_picked":["Runic Cube","Fusion Hammer"],"picked":"Pandora\u0027s Box"}],"items_purged_floors":[11],"is_endless":false,"potions_floor_spawned":[1,7,10,13,14,18],"killed_by":"Gremlin Leader","ascension_level":1}}