{"host":"sxnl403xm2xmiyj1","time":1609767365,"event":{"mods":["BaseMod","Colored Map","Keyboard Shortcuts","Lobotomy","Minty Spire (QoL Compilation)","Quick Restart","StSLib","SuperFastMode"],"gold_per_floor":[116,191,191,191,203,203,221,70,117,152,152,169,179,179,179,179,179],"floor_reached":16,"playtime":410,"items_purged":[],"score":150,"play_id":"856e65d7-4062-4c73-bf6a-ae889f0c50ac","local_time":"20210104223605","is_ascension_mode":false,"campfire_choices":[{"data":"Rampage","floor":6.0,"key":"SMITH"},{"data":"Disarm","floor":11.0,"key":"SMITH"},{"data":"Metallicize","floor":15.0,"key":"SMITH"}],"circlet_count":0,"master_deck":["Strike_R","Strike_R","Strike_R","Strike_R","Strike_R","Defend_R","Defend_R","Defend_R","Defend_R","Bash","Rampage+1","UniverseFragment","Bloodbath","Ghostly Armor","SnowQueen","Metallicize","Disarm+1","Burning Pact","RedShoes","True Grit","LongBird","Metallicize+1","SpiderBud"],"relics":["Burning Blood","CogitoBucket","Blue Candle","FleshIdol","Ice Cream"],"acts_visited":["Exordium"],"potions_floor_usage":[16],"damage_taken":[{"damage":12.0,"enemies":"Jaw Worm","floor":1.0,"turns":5.0},{"damage":0.0,"enemies":"Small Slimes","floor":5.0,"turns":3.0},{"damage":0.0,"enemies":"2 Louse","floor":7.0,"turns":3.0},{"damage":27.0,"enemies":"3 Sentries","floor":10.0,"turns":11.0},{"damage":2.0,"enemies":"Large Slime","floor":12.0,"turns":7.0},{"damage":46.0,"enemies":"Exordium Wildlife","floor":13.0,"turns":11.0},{"damage":46,"enemies":"Slime Boss","floor":16,"turns":10}],"seed_played":"-7510239180366571404","potions_obtained":[{"floor":12.0,"key":"BlessingOfTheForge"},{"floor":13.0,"key":"ColorlessPotion"}],"is_trial":false,"path_per_floor":["M","?","?","T","M","R","M","$","T","E","R","M","M","T","R","B"],"character_chosen":"IRONCLAD","items_purchased":["Metallicize","Disarm"],"campfire_rested":0,"item_purchase_floors":[8,8],"current_hp_per_floor":[74,63,68,68,74,74,80,80,80,62,62,68,29,29,29,0,0],"gold":179,"neow_bonus":"","is_daily":false,"chose_seed":false,"campfire_upgraded":3,"win_rate":0.0,"timestamp":1609767365,"path_taken":["M","?","?","?","M","R","M","$","T","E","R","M","M","?","R","BOSS"],"items_purchased_type":["Card","Card"],"build_version":"2020-12-22","purchased_purges":0,"victory":false,"max_hp_per_floor":[80,80,85,85,85,85,85,85,85,85,85,85,85,85,85,85,85],"card_choices":[{"not_picked":["Pommel Strike","Body Slam"],"picked":"Rampage","floor":1.0},{"not_picked":["Wellcheers","MeatLantern"],"picked":"UniverseFragment","floor":1.0},{"not_picked":["CherryBlossoms","ShyLook","Wellcheers"],"picked":"Singing Bowl","floor":5.0},{"not_picked":["MHz","MeatLantern"],"picked":"Bloodbath","floor":5.0},{"not_picked":["Whirlwind","Sword Boomerang","Clothesline"],"picked":"SKIP","floor":5.0},{"not_picked":["Cleave","Perfected Strike"],"picked":"Ghostly Armor","floor":7.0},{"not_picked":["Porccubus","Wellcheers"],"picked":"SnowQueen","floor":7.0},{"not_picked":["Warcry","Demon Form"],"picked":"Burning Pact","floor":10.0},{"not_picked":["QueenBee","MHz"],"picked":"RedShoes","floor":10.0},{"not_picked":["Seeing Red","Perfected Strike"],"picked":"True Grit","floor":12.0},{"not_picked":["SpiderBud","MeatLantern"],"picked":"LongBird","floor":12.0},{"not_picked":["Pommel Strike","Twin Strike"],"picked":"Metallicize","floor":13.0},{"not_picked":["MHz","Wellcheers"],"picked":"SpiderBud","floor":13.0}],"player_experience":152696,"relics_obtained":[{"floor":10.0,"key":"Blue Candle"},{"floor":14.0,"key":"Ice Cream"}],"event_choices":[{"damage_healed":0.0,"max_hp_gain":0.0,"max_hp_loss":0.0,"gold_gain":75.0,"event_name":"World of Goop","player_choice":"Gather Gold","floor":2.0,"gold_loss":0.0,"damage_taken":11.0},{"damage_healed":0.0,"max_hp_gain":5.0,"max_hp_loss":0.0,"gold_gain":0.0,"event_name":"Big Fish","player_choice":"Donut","floor":3.0,"gold_loss":0.0,"damage_taken":0.0}],"is_beta":false,"boss_relics":[],"items_purged_floors":[],"is_endless":false,"potions_floor_spawned":[12,13],"killed_by":"Slime Boss","ascension_level":0}}