{"host":"mydft8i2zzydgggw","time":1609773604,"event":{"mods":["AchievementEnabler","BaseMod","Colored Map","Colored Powertips","Keyboard Shortcuts","Minty Spire (QoL Compilation)","Quick Restart","StSLib","SuperFastMode","The Poker Player"],"gold_per_floor":[118,118,193,193,217,248,261,297,297,317,395,414,458,222,222,348,348,372,15,29,29,29,29,67,166,189,189,189],"floor_reached":27,"playtime":632,"items_purged":["Strike_R","Strike_R"],"score":299,"play_id":"73fbe94b-16c1-4e74-9c80-5be2e9d52c99","local_time":"20210105002004","is_ascension_mode":true,"campfire_choices":[{"data":"Demon Form","floor":15.0,"key":"SMITH"},{"floor":23.0,"key":"REST"}],"circlet_count":0,"master_deck":["Strike_R","Strike_R","Defend_R","Defend_R","Defend_R","Defend_R+1","Bash","Bludgeon","Inflame","Injury","Exhume+1","Heavy Blade","Demon Form+1","Inflame","Power Through","Feed","Iron Wave"],"relics":["Burning Blood","Golden Idol","Gremlin Horn","Smiling Mask","Shuriken","Pear","War Paint","Brimstone","Runic Pyramid","Orichalcum","Dream Catcher","Turnip"],"acts_visited":["Exordium","TheCity"],"potions_floor_usage":[27],"damage_taken":[{"damage":0.0,"enemies":"2 Louse","floor":1.0,"turns":2.0},{"damage":1.0,"enemies":"Small Slimes","floor":5.0,"turns":3.0},{"damage":34.0,"enemies":"Lagavulin","floor":6.0,"turns":8.0},{"damage":12.0,"enemies":"Jaw Worm","floor":7.0,"turns":3.0},{"damage":2.0,"enemies":"Gremlin Nob","floor":8.0,"turns":3.0},{"damage":7.0,"enemies":"Exordium Thugs","floor":10.0,"turns":3.0},{"damage":0.0,"enemies":"Large Slime","floor":12.0,"turns":4.0},{"damage":20.0,"enemies":"Lagavulin","floor":13.0,"turns":5.0},{"damage":22.0,"enemies":"The Guardian","floor":16.0,"turns":6.0},{"damage":14.0,"enemies":"Chosen","floor":18.0,"turns":3.0},{"damage":84.0,"enemies":"3 Byrds","floor":20.0,"turns":6.0},{"damage":22.0,"enemies":"Gremlin Leader","floor":24.0,"turns":5.0},{"damage":31,"enemies":"Snake Plant","floor":27,"turns":2}],"seed_played":"-2662150877140173901","potions_obtained":[{"floor":1.0,"key":"EntropicBrew"},{"floor":5.0,"key":"CultistPotion"},{"floor":18.0,"key":"DuplicationPotion"},{"floor":24.0,"key":"AttackPotion"}],"is_trial":false,"path_per_floor":["M","?","?","?","M","E","M","E","T","M","T","M","E","$","R","B",null,"M","$","M","?","?","R","E","?","T","M"],"character_chosen":"IRONCLAD","items_purchased":["Brimstone","Power Through","Orichalcum","Dream Catcher"],"campfire_rested":1,"item_purchase_floors":[14,14,19,19],"current_hp_per_floor":[80,80,69,80,80,52,46,50,50,49,59,65,51,51,51,35,90,85,85,10,10,10,38,22,22,22,0,0],"gold":189,"neow_bonus":"ONE_RANDOM_RARE_CARD","is_daily":false,"chose_seed":false,"campfire_upgraded":1,"win_rate":0.0,"timestamp":1609773604,"path_taken":["M","?","?","?","M","E","M","E","T","?","?","M","E","?","R","BOSS","M","$","M","?","?","R","E","?","T","M"],"items_purchased_type":["Relic","Card","Relic","Relic"],"build_version":"2020-12-22","purchased_purges":2,"victory":false,"max_hp_per_floor":[80,80,80,80,80,80,80,80,80,80,90,90,90,90,90,90,90,93,93,96,96,96,96,96,96,96,96,96],"card_choices":[{"not_picked":["Blood for Blood","Perfected Strike"],"picked":"Inflame","floor":1.0},{"not_picked":["Sever Soul","Shockwave","Thunderclap"],"picked":"SKIP","floor":5.0},{"not_picked":["Hemokinesis","Searing Blow"],"picked":"Exhume","floor":6.0},{"not_picked":["Pommel Strike","Clothesline","Heavy Blade"],"picked":"SKIP","floor":7.0},{"not_picked":["Wild Strike","Dark Embrace"],"picked":"Heavy Blade","floor":8.0},{"not_picked":["Warcry","Body Slam","Rupture"],"picked":"SKIP","floor":10.0},{"not_picked":["Bloodletting","Inflame"],"picked":"Demon Form","floor":12.0},{"not_picked":["Dropkick","Disarm"],"picked":"Inflame","floor":13.0},{"not_picked":["Brutality","Exhume"],"picked":"Feed","floor":16.0},{"not_picked":["Perfected Strike","Warcry","Havoc"],"picked":"SKIP","floor":18.0},{"not_picked":["Bludgeon","Shrug It Off"],"picked":"Iron Wave","floor":20.0},{"not_picked":["Iron Wave","Clothesline+1","Body Slam"],"picked":"SKIP","floor":24.0}],"player_experience":88279,"relics_obtained":[{"floor":6.0,"key":"Gremlin Horn"},{"floor":8.0,"key":"Smiling Mask"},{"floor":9.0,"key":"Shuriken"},{"floor":11.0,"key":"Pear"},{"floor":13.0,"key":"War Paint"},{"floor":24.0,"key":"Turnip"}],"event_choices":[{"damage_healed":0.0,"max_hp_gain":0.0,"max_hp_loss":0.0,"gold_gain":0.0,"event_name":"Golden Idol","player_choice":"Take Wound","floor":2.0,"gold_loss":0.0,"damage_taken":0.0,"relics_obtained":["Golden Idol"],"cards_obtained":["Injury"]},{"damage_healed":0.0,"max_hp_gain":0.0,"max_hp_loss":0.0,"gold_gain":75.0,"event_name":"World of Goop","player_choice":"Gather Gold","floor":3.0,"gold_loss":0.0,"damage_taken":11.0},{"damage_healed":26.0,"max_hp_gain":0.0,"max_hp_loss":0.0,"gold_gain":0.0,"event_name":"Big Fish","player_choice":"Banana","floor":4.0,"gold_loss":0.0,"damage_taken":0.0},{"cards_removed":["Strike_R"],"damage_healed":0.0,"max_hp_gain":0.0,"max_hp_loss":0.0,"gold_gain":0.0,"event_name":"Back to Basics","player_choice":"Elegance","floor":22.0,"gold_loss":0.0,"damage_taken":0.0},{"damage_healed":0.0,"max_hp_gain":0.0,"max_hp_loss":0.0,"gold_gain":99.0,"event_name":"Nest","player_choice":"Stole From Cult","floor":25.0,"gold_loss":0.0,"damage_taken":0.0}],"is_beta":false,"boss_relics":[{"not_picked":["Astrolabe","Tiny House"],"picked":"Runic Pyramid"}],"items_purged_floors":[14,19],"is_endless":false,"potions_floor_spawned":[1,5,18,24],"killed_by":"Snake Plant","ascension_level":2}}