{"host":"1ltt377nc7aury4n","time":1609733585,"event":{"mods":["AchievementEnabler","BaseMod","Best Route Mod","Colored Powertips","Minty Spire (QoL Compilation)","StSLib"],"gold_per_floor":[20,39,39,50,67,93,18,18,18,50,50,107,107,107,107,207,207,224,224,241,253,270,304,304,330,330,658,668,668,128,138,138,236,236,247,247,265,315,60,60,85,85,85],"floor_reached":42,"playtime":4127,"items_purged":["Defend_P","Defend_P"],"score":571,"play_id":"0fc238af-14da-4786-ac3b-feddaa01617c","local_time":"20210103231305","is_ascension_mode":true,"campfire_choices":[{"data":"Vault","floor":8.0,"key":"SMITH"},{"floor":13.0,"key":"REST"},{"floor":15.0,"key":"REST"},{"floor":24.0,"key":"REST"},{"floor":29,"key":"REST"},{"floor":32,"key":"REST"},{"data":"Crescendo","floor":40,"key":"SMITH"}],"circlet_count":0,"master_deck":["Strike_P","Strike_P","Defend_P+1","Defend_P+1","Eruption","Vigilance","Halt","Crescendo+1","SashWhip","Consecrate","Vault+1","FlyingSleeves","BattleHymn","Devotion","WindmillStrike","CutThroughFate","InnerPeace+1","Meditate","FollowUp","Dark Shackles","ConjureBlade","CutThroughFate","Crescendo+1"],"relics":["PureWater","StoneCalendar","War Paint","Mango","Mercury Hourglass","Tiny Chest","Anchor","SlaversCollar","Frozen Egg 2","Bronze Scales","Question Card","Peace Pipe","Old Coin","Lantern","HandDrill","Busted Crown","Ginger","Letter Opener","Orichalcum"],"acts_visited":["Exordium","TheCity","TheBeyond"],"potions_floor_usage":[27,28,33,33,41,41],"damage_taken":[{"damage":3.0,"enemies":"2 Louse","floor":1.0,"turns":3.0},{"damage":0.0,"enemies":"Small Slimes","floor":2.0,"turns":2.0},{"damage":0.0,"enemies":"Cultist","floor":4.0,"turns":2.0},{"damage":20.0,"enemies":"Large Slime","floor":5.0,"turns":6.0},{"damage":0.0,"enemies":"Gremlin Nob","floor":6.0,"turns":3.0},{"damage":10.0,"enemies":"Lagavulin","floor":10.0,"turns":6.0},{"damage":16.0,"enemies":"Lagavulin Event","floor":12.0,"turns":4.0},{"damage":51.0,"enemies":"Hexaghost","floor":16.0,"turns":7.0},{"damage":0.0,"enemies":"Chosen","floor":18.0,"turns":4.0},{"damage":2.0,"enemies":"Spheric Guardian","floor":20.0,"turns":3.0},{"damage":18.0,"enemies":"Snake Plant","floor":21.0,"turns":4.0},{"damage":31.0,"enemies":"Centurion and Healer","floor":22.0,"turns":5.0},{"damage":17.0,"enemies":"Slavers","floor":23.0,"turns":5.0},{"damage":2,"enemies":"Book of Stabbing","floor":25,"turns":5},{"damage":17,"enemies":"Slavers","floor":27,"turns":4},{"damage":18,"enemies":"3 Cultists","floor":28,"turns":4},{"damage":4,"enemies":"Snake Plant","floor":31,"turns":4},{"damage":11,"enemies":"Collector","floor":33,"turns":7},{"damage":6,"enemies":"Orb Walker","floor":35,"turns":4},{"damage":25,"enemies":"3 Darklings","floor":37,"turns":4},{"damage":0,"enemies":"Mind Bloom Boss Battle","floor":38,"turns":4},{"damage":32,"enemies":"Nemesis","floor":41,"turns":6},{"damage":35,"enemies":"Spire Growth","floor":42,"turns":4}],"seed_played":"-9044690448270361421","potions_obtained":[{"floor":2.0,"key":"SneckoOil"},{"floor":4.0,"key":"BlessingOfTheForge"},{"floor":5.0,"key":"DuplicationPotion"},{"floor":23.0,"key":"DistilledChaos"},{"floor":27,"key":"EssenceOfSteel"},{"floor":31,"key":"Explosive Potion"},{"floor":33,"key":"Weak Potion"},{"floor":35,"key":"FearPotion"}],"is_trial":false,"path_per_floor":["M","M","?","M","M","E","$","R","T","E","?","?","R","?","R","B",null,"M","T","M","M","M","E","R","E","T","E","M","R","$","M","R","B",null,"M","?","M","?","$","R","E","M"],"character_chosen":"WATCHER","items_purchased":["Lantern","HandDrill","Dark Shackles","Weak Potion","Letter Opener"],"campfire_rested":5,"item_purchase_floors":[30,30,30,30,39],"current_hp_per_floor":[69,69,62,62,42,56,56,56,56,46,39,23,48,48,73,22,86,86,86,84,66,35,18,43,41,41,24,6,31,31,27,52,41,86,80,80,55,55,55,55,23,0,0],"gold":85,"neow_bonus":"ONE_RARE_RELIC","is_daily":false,"chose_seed":false,"campfire_upgraded":2,"win_rate":0.0,"timestamp":1609733585,"path_taken":["M","M","?","M","M","E","$","R","T","E","?","?","R","?","R","BOSS","M","?","M","M","M","E","R","E","T","E","M","R","$","M","R","BOSS","M","?","M","?","$","R","E","M"],"items_purchased_type":["Relic","Relic","Card","Potion","Relic"],"build_version":"2020-12-22","purchased_purges":2,"victory":false,"max_hp_per_floor":[72,72,72,72,72,86,86,86,86,86,86,86,86,86,86,86,86,86,86,86,86,86,86,86,86,86,86,86,86,86,86,86,86,86,86,82,82,82,82,82,82,82,82],"card_choices":[{"not_picked":["EmptyBody","ForeignInfluence"],"picked":"Halt","floor":1.0},{"not_picked":["Indignation","ThirdEye"],"picked":"Crescendo","floor":2.0},{"not_picked":["ThirdEye","Wallop"],"picked":"SashWhip","floor":4.0},{"not_picked":["Halt","Protect"],"picked":"Consecrate","floor":5.0},{"not_picked":["EmptyFist","WaveOfTheHand"],"picked":"Vault","floor":6.0},{"not_picked":["JustLucky","EmptyFist"],"picked":"FlyingSleeves","floor":10.0},{"not_picked":["FollowUp","Pray"],"picked":"BattleHymn","floor":12.0},{"not_picked":["Alpha","Brilliance"],"picked":"Devotion","floor":16.0},{"not_picked":["FlyingSleeves","EmptyBody+1"],"picked":"WindmillStrike","floor":18.0},{"not_picked":["Crescendo+1","Halt"],"picked":"CutThroughFate","floor":20.0},{"not_picked":["SandsOfTime+1","Protect"],"picked":"InnerPeace+1","floor":21.0},{"not_picked":["EmptyFist","Conclude","PathToVictory"],"picked":"SKIP","floor":22.0},{"not_picked":["SandsOfTime","WreathOfFlame"],"picked":"Meditate","floor":23.0},{"not_picked":["ClearTheMind","Crescendo"],"picked":"FollowUp","floor":25},{"not_picked":["Halt","EmptyBody","BattleHymn+1","SashWhip"],"picked":"SKIP","floor":27},{"not_picked":["Prostrate","JustLucky","Ragnarok","CutThroughFate"],"picked":"SKIP","floor":28},{"not_picked":["Study+1","Halt","Perseverance","Protect"],"picked":"SKIP","floor":31},{"not_picked":["Wish","Omniscience","Devotion+1"],"picked":"ConjureBlade","floor":33},{"not_picked":["Meditate+1","Consecrate"],"picked":"SKIP","floor":35},{"not_picked":["Wallop+1"],"picked":"CutThroughFate","floor":37},{"not_picked":["Vengeance"],"picked":"Crescendo+1","floor":41}],"player_experience":267575,"relics_obtained":[{"floor":6.0,"key":"Mango"},{"floor":9.0,"key":"Mercury Hourglass"},{"floor":10.0,"key":"Tiny Chest"},{"floor":12.0,"key":"Anchor"},{"floor":19.0,"key":"Frozen Egg 2"},{"floor":23.0,"key":"Bronze Scales"},{"floor":25,"key":"Question Card"},{"floor":26,"key":"Peace Pipe"},{"floor":27,"key":"Old Coin"},{"floor":38,"key":"Ginger"},{"floor":41,"key":"Orichalcum"}],"event_choices":[{"damage_healed":0.0,"max_hp_gain":0.0,"max_hp_loss":0.0,"gold_gain":0.0,"event_name":"Scrap Ooze","player_choice":"Success","floor":3.0,"gold_loss":0.0,"damage_taken":7.0,"relics_obtained":["War Paint"]},{"cards_removed":["Strike_P"],"damage_healed":0.0,"max_hp_gain":0.0,"max_hp_loss":0.0,"gold_gain":0.0,"event_name":"Golden Wing","player_choice":"Card Removal","floor":11.0,"gold_loss":0.0,"damage_taken":7.0},{"damage_healed":0.0,"max_hp_gain":0.0,"max_hp_loss":0.0,"gold_gain":30.0,"event_name":"Dead Adventurer","player_choice":"Searched \u00272\u0027 times","floor":12.0,"gold_loss":0.0,"damage_taken":0.0},{"cards_removed":["Strike_P"],"damage_healed":0.0,"max_hp_gain":0.0,"max_hp_loss":0.0,"gold_gain":0.0,"event_name":"Bonfire Elementals","player_choice":"Offered Basic","floor":14.0,"gold_loss":0.0,"damage_taken":0.0},{"damage_healed":0,"gold_gain":0,"player_choice":"Max HP","damage_taken":0,"max_hp_gain":0,"max_hp_loss":4,"event_name":"Winding Halls","floor":36,"gold_loss":0},{"damage_healed":0,"gold_gain":0,"player_choice":"Fight","damage_taken":0,"max_hp_gain":0,"max_hp_loss":0,"event_name":"MindBloom","floor":38,"gold_loss":0}],"is_beta":false,"boss_relics":[{"not_picked":["Philosopher\u0027s Stone","SacredBark"],"picked":"SlaversCollar"},{"not_picked":["Pandora\u0027s Box","Fusion Hammer"],"picked":"Busted Crown"}],"items_purged_floors":[7,30],"is_endless":false,"potions_floor_spawned":[2,4,5,23,27,31,33,35],"killed_by":"Spire Growth","ascension_level":2}}