{"host":"na09lpbrez4gbfiz","time":1609761995,"event":{"mods":["Act Like it!","BaseMod","BetterRewards","Colored Map","Colored Powertips","DeckTracker","Googly Eyes","Highlight Path","Minty Spire (QoL Compilation)","Quick Restart","Spicy Shops","StSLib","SuperFastMode","Synergy Search"],"gold_per_floor":[115,190,206,57,57,57,91,91,91,91,112,112,12,29,29,132,132,149,149,6,6,24,58,58,83,83,33,33,58,84,99,99,196,196,206,206,225,275,289,289,306,306,306,306,334,344,354,373,373,373],"floor_reached":51,"playtime":2010,"items_purged":["Storm of Steel","Regret","Underhanded Strike","Bane"],"score":1117,"play_id":"65767907-ec95-4e72-a37b-43f22efeda3e","local_time":"20210104130635","is_ascension_mode":true,"campfire_choices":[{"data":"Corpse Explosion","floor":6.0,"key":"SMITH"},{"floor":8.0,"key":"REST"},{"floor":10.0,"key":"REST"},{"floor":15.0,"key":"REST"},{"data":"Noxious Fumes","floor":24.0,"key":"SMITH"},{"data":"Catalyst","floor":28.0,"key":"SMITH"},{"data":"Catalyst","floor":32.0,"key":"SMITH"},{"data":"Crippling Poison","floor":40,"key":"SMITH"},{"data":"Deadly Poison","floor":42,"key":"SMITH"},{"floor":49,"key":"REST"}],"circlet_count":0,"master_deck":["Survivor","Neutralize","Corpse Explosion+1","PiercingWail","Caltrops","PiercingWail","Leg Sweep","Catalyst+1","Bullet Time","Poisoned Stab","Catalyst+1","Escape Plan","Deadly Poison+1","Poisoned Stab","Noxious Fumes+1","Crippling Poison+1","Madness","Madness"],"relics":["Pandora\u0027s Box","Centennial Puzzle","Dream Catcher","Happy Flower","Ornamental Fan","Odd Mushroom","Smiling Mask","Busted Crown","MutagenicStrength","Art of War","FossilizedHelix","Paper Crane","Red Mask","Pear","Bronze Scales","Pantograph","Runic Pyramid","Du-Vu Doll","MealTicket","Regal Pillow"],"acts_visited":["Exordium","TheCity","TheBeyond"],"potions_floor_usage":[50,50],"damage_taken":[{"damage":4.0,"enemies":"Jaw Worm","floor":1.0,"turns":3.0},{"damage":6.0,"enemies":"Small Slimes","floor":3.0,"turns":5.0},{"damage":24.0,"enemies":"Gremlin Nob","floor":7.0,"turns":5.0},{"damage":9.0,"enemies":"The Mushroom Lair","floor":11.0,"turns":2.0},{"damage":0.0,"enemies":"2 Louse","floor":14.0,"turns":2.0},{"damage":2.0,"enemies":"Slime Boss","floor":16.0,"turns":5.0},{"damage":0.0,"enemies":"Chosen","floor":18.0,"turns":3.0},{"damage":0.0,"enemies":"Spheric Guardian","floor":22.0,"turns":3.0},{"damage":0.0,"enemies":"Slavers","floor":23.0,"turns":3.0},{"damage":3.0,"enemies":"Masked Bandits","floor":25.0,"turns":2.0},{"damage":8.0,"enemies":"Book of Stabbing","floor":30.0,"turns":4.0},{"damage":2.0,"enemies":"Snecko","floor":31.0,"turns":4.0},{"damage":18.0,"enemies":"Champ","floor":33.0,"turns":9.0},{"damage":0,"enemies":"3 Darklings","floor":35,"turns":2},{"damage":0,"enemies":"3 Shapes","floor":37,"turns":2},{"damage":0,"enemies":"Mind Bloom Boss Battle","floor":38,"turns":4},{"damage":0,"enemies":"Transient","floor":39,"turns":5},{"damage":8,"enemies":"4 Shapes","floor":41,"turns":3},{"damage":0,"enemies":"Giant Head","floor":45,"turns":4},{"damage":0,"enemies":"Writhing Mass","floor":46,"turns":4},{"damage":9,"enemies":"Jaw Worm Horde","floor":47,"turns":2},{"damage":0,"enemies":"Maw","floor":48,"turns":3},{"damage":22,"enemies":"Awakened One","floor":50,"turns":10}],"seed_played":"-6591576606260152454","potions_obtained":[{"floor":3.0,"key":"AttackPotion"},{"floor":7.0,"key":"BlessingOfTheForge"},{"floor":11.0,"key":"PowerPotion"},{"floor":14.0,"key":"FearPotion"},{"floor":18.0,"key":"GhostInAJar"},{"floor":23.0,"key":"GamblersBrew"},{"floor":30.0,"key":"SpeedPotion"},{"floor":35,"key":"Poison Potion"}],"is_trial":false,"path_per_floor":["M","?","M","$","?","R","E","R","T","R","?","?","$","M","R","B",null,"M","?","$","?","M","E","R","?","T","$","R","T","E","M","R","B",null,"M","?","M","?","M","R","M","R","T","?","E","M","M","M","R","B",null],"character_chosen":"THE_SILENT","items_purchased":["Centennial Puzzle","Art of War"],"campfire_rested":4,"item_purchase_floors":[4,20],"current_hp_per_floor":[59,48,42,42,42,42,18,39,39,60,51,39,39,39,60,58,67,67,67,67,67,67,67,67,64,74,74,74,74,66,64,64,62,76,76,66,66,80,80,80,72,72,72,72,72,72,63,63,80,58],"gold":373,"neow_bonus":"BOSS_RELIC","is_daily":false,"chose_seed":false,"campfire_upgraded":6,"win_rate":0.0,"timestamp":1609761995,"path_taken":["M","?","M","$","?","R","E","R","T","R","?","?","$","M","R","BOSS","M","?","?","?","M","E","R","?","T","$","R","?","E","M","R","BOSS","M","?","M","?","M","R","M","R","T","?","E","M","M","?","R","BOSS"],"items_purchased_type":["Relic","Relic"],"build_version":"2020-12-22","purchased_purges":4,"victory":true,"max_hp_per_floor":[70,70,70,70,70,70,70,70,70,70,70,70,70,70,70,70,70,70,70,70,70,70,70,70,70,80,80,80,80,80,80,80,80,80,80,80,80,80,80,80,80,80,80,80,80,80,80,80,80,80],"card_choices":[{"not_picked":["Backflip","Calculated Gamble","Dagger Throw"],"picked":"SKIP","floor":1.0},{"not_picked":["Deflect","Cloak And Dagger","Acrobatics"],"picked":"SKIP","floor":3.0},{"not_picked":["Grand Finale","Cloak And Dagger"],"picked":"Poisoned Stab","floor":7.0},{"not_picked":["Flying Knee","All Out Attack"],"picked":"Catalyst","floor":8.0},{"not_picked":["Flechettes","Quick Slash"],"picked":"Escape Plan","floor":10.0},{"not_picked":["Masterful Stab","Finisher"],"picked":"Deadly Poison","floor":11.0},{"not_picked":["Dagger Spray","Terror"],"picked":"Poisoned Stab","floor":14.0},{"not_picked":["Dodge and Roll"],"picked":"SKIP","floor":18.0},{"not_picked":[],"picked":"Noxious Fumes","floor":22.0},{"not_picked":["Underhanded Strike"],"picked":"SKIP","floor":23.0},{"not_picked":["Sucker Punch"],"picked":"SKIP","floor":30.0},{"not_picked":["Acrobatics+1"],"picked":"SKIP","floor":31.0},{"not_picked":[],"picked":"Crippling Poison","floor":35},{"not_picked":["Dagger Spray+1"],"picked":"SKIP","floor":37},{"not_picked":["Dodge and Roll+1"],"picked":"SKIP","floor":39},{"not_picked":["Dodge and Roll+1"],"picked":"SKIP","floor":39},{"not_picked":["Leg Sweep+1"],"picked":"SKIP","floor":41},{"not_picked":["Blade Dance"],"picked":"SKIP","floor":45},{"not_picked":["Deadly Poison"],"picked":"SKIP","floor":46},{"not_picked":["Poisoned Stab"],"picked":"SKIP","floor":47},{"not_picked":["Quick Slash+1"],"picked":"SKIP","floor":48}],"player_experience":152542,"relics_obtained":[{"floor":7.0,"key":"Happy Flower"},{"floor":9.0,"key":"Ornamental Fan"},{"floor":11.0,"key":"Odd Mushroom"},{"floor":23.0,"key":"Paper Crane"},{"floor":25.0,"key":"Red Mask"},{"floor":26.0,"key":"Pear"},{"floor":29.0,"key":"Bronze Scales"},{"floor":30.0,"key":"Pantograph"},{"floor":38,"key":"Du-Vu Doll"},{"floor":43,"key":"MealTicket"},{"floor":45,"key":"Regal Pillow"}],"event_choices":[{"damage_healed":0.0,"max_hp_gain":0.0,"max_hp_loss":0.0,"gold_gain":75.0,"event_name":"World of Goop","player_choice":"Gather Gold","floor":2.0,"gold_loss":0.0,"damage_taken":11.0},{"damage_healed":0.0,"max_hp_gain":0.0,"max_hp_loss":0.0,"gold_gain":0.0,"event_name":"Big Fish","player_choice":"Box","floor":5.0,"gold_loss":0.0,"damage_taken":0.0,"relics_obtained":["Dream Catcher"],"cards_obtained":["Regret"]},{"damage_healed":0.0,"max_hp_gain":0.0,"max_hp_loss":0.0,"gold_gain":0.0,"event_name":"Mushrooms","player_choice":"Fought Mushrooms","floor":11.0,"gold_loss":0.0,"damage_taken":0.0},{"damage_healed":0.0,"max_hp_gain":0.0,"max_hp_loss":0.0,"gold_gain":0.0,"event_name":"Scrap Ooze","player_choice":"Success","floor":12.0,"gold_loss":0.0,"damage_taken":12.0,"relics_obtained":["Smiling Mask"]},{"damage_healed":0.0,"max_hp_gain":0.0,"max_hp_loss":0.0,"gold_gain":0.0,"event_name":"Drug Dealer","player_choice":"Inject Mutagens","floor":19.0,"gold_loss":0.0,"damage_taken":0.0,"relics_obtained":["MutagenicStrength"]},{"damage_healed":0.0,"max_hp_gain":0.0,"max_hp_loss":0.0,"gold_gain":0.0,"event_name":"The Mausoleum","player_choice":"Opened","floor":21.0,"gold_loss":0.0,"damage_taken":0.0,"relics_obtained":["FossilizedHelix"]},{"damage_healed":0.0,"max_hp_gain":0.0,"max_hp_loss":0.0,"gold_gain":0.0,"event_name":"Masked Bandits","player_choice":"Fought Bandits","floor":25.0,"gold_loss":0.0,"damage_taken":0.0},{"damage_healed":0,"gold_gain":0,"player_choice":"Embrace Madness","damage_taken":10,"max_hp_gain":0,"max_hp_loss":0,"event_name":"Winding Halls","floor":36,"gold_loss":0,"cards_obtained":["Madness","Madness"]},{"damage_healed":0,"gold_gain":0,"player_choice":"Fight","damage_taken":0,"max_hp_gain":0,"max_hp_loss":0,"event_name":"MindBloom","floor":38,"gold_loss":0},{"damage_healed":0,"gold_gain":0,"player_choice":"Memory 1","damage_taken":0,"max_hp_gain":0,"max_hp_loss":0,"event_name":"SensoryStone","floor":44,"gold_loss":0}],"is_beta":false,"boss_relics":[{"not_picked":["Black Star","Sozu"],"picked":"Busted Crown"},{"not_picked":["HoveringKite","SlaversCollar"],"picked":"Runic Pyramid"}],"items_purged_floors":[4,13,13,27],"is_endless":false,"potions_floor_spawned":[3,7,11,14,18,23,30,31,33,35,37,38,45,48],"ascension_level":9}}