{"host":"0ydzwspkajt4brzd","time":1609753758,"event":{"mods":["AchievementEnabler","BaseMod","Colored Map","DeckTracker","Googly Eyes","Highlight Path","Minty Spire (QoL Compilation)","Quick Restart","Random Character Button","Rare Cards Sparkle"],"gold_per_floor":[113,132,145,155,3,3,19,19,19,19,19,46,63,63,63,137,137,155,70,70,70,90,90,100,100,100,25,25,39,55,69,69,69,69],"floor_reached":33,"playtime":1454,"items_purged":["Strike_R"],"score":411,"play_id":"db2e1629-8107-4368-ada4-4cdfbd8e305a","local_time":"20210104014918","is_ascension_mode":true,"campfire_choices":[{"data":"Double Tap","floor":6.0,"key":"SMITH"},{"data":"Bash","floor":8.0,"key":"SMITH"},{"data":"Whirlwind","floor":10.0,"key":"SMITH"},{"floor":15.0,"key":"REST"},{"data":"Limit Break","floor":23.0,"key":"SMITH"},{"data":"Heavy Blade","floor":25.0,"key":"SMITH"},{"data":"Immolate","floor":32.0,"key":"SMITH"}],"circlet_count":0,"master_deck":["AscendersBane","Strike_R+1","Strike_R+1","Strike_R+1","Defend_R+1","Defend_R+1","Defend_R+1","Defend_R+1","Bash+1","Ghostly Armor","Clash","Inflame","Heavy Blade+1","Double Tap+1","Whirlwind+1","Limit Break+1","Clothesline","Metallicize","Immolate+1","Flame Barrier+1","J.A.X.","Fire Breathing","Whirlwind+1","Twin Strike","Inflame","Shrug It Off"],"relics":["Black Blood","Blue Candle","Du-Vu Doll","Meat on the Bone","Letter Opener","StrikeDummy"],"acts_visited":["Exordium","TheCity"],"potions_floor_usage":[33],"damage_taken":[{"damage":6.0,"enemies":"Jaw Worm","floor":1.0,"turns":6.0},{"damage":9.0,"enemies":"Cultist","floor":2.0,"turns":5.0},{"damage":4.0,"enemies":"2 Louse","floor":3.0,"turns":3.0},{"damage":16.0,"enemies":"Large Slime","floor":4.0,"turns":7.0},{"damage":27.0,"enemies":"Lots of Slimes","floor":7.0,"turns":5.0},{"damage":32.0,"enemies":"Gremlin Nob","floor":12.0,"turns":4.0},{"damage":0.0,"enemies":"Exordium Thugs","floor":13.0,"turns":1.0},{"damage":33.0,"enemies":"Hexaghost","floor":16.0,"turns":8.0},{"damage":14.0,"enemies":"Spheric Guardian","floor":18.0,"turns":4.0},{"damage":56.0,"enemies":"Chosen","floor":22.0,"turns":7.0},{"damage":20.0,"enemies":"Snake Plant","floor":24.0,"turns":5.0},{"damage":10.0,"enemies":"Snecko","floor":29.0,"turns":5.0},{"damage":20.0,"enemies":"Centurion and Healer","floor":30.0,"turns":4.0},{"damage":3.0,"enemies":"3 Cultists","floor":31.0,"turns":2.0},{"damage":73,"enemies":"Automaton","floor":33,"turns":8}],"seed_played":"-540675674592702903","potions_obtained":[{"floor":2.0,"key":"LiquidMemories"},{"floor":4.0,"key":"DuplicationPotion"},{"floor":12.0,"key":"SteroidPotion"},{"floor":13.0,"key":"Energy Potion"},{"floor":16.0,"key":"FearPotion"},{"floor":18.0,"key":"FearPotion"},{"floor":31.0,"key":"ColorlessPotion"}],"is_trial":false,"path_per_floor":["M","M","M","M","$","R","M","R","T","R","$","E","M","?","R","B",null,"M","?","?","?","M","R","M","R","T","$","?","M","M","M","R","B"],"character_chosen":"IRONCLAD","items_purchased":["Double Tap"],"campfire_rested":1,"item_purchase_floors":[5],"current_hp_per_floor":[72,69,71,61,61,61,40,40,40,40,40,14,20,20,44,17,64,62,62,62,62,30,30,34,34,34,34,34,48,52,61,61,0,0],"gold":69,"neow_bonus":"TRANSFORM_CARD","is_daily":false,"chose_seed":false,"campfire_upgraded":6,"win_rate":0.0,"timestamp":1609753758,"path_taken":["M","M","M","M","$","R","M","R","T","R","$","E","M","?","R","BOSS","M","?","?","?","?","R","M","R","T","$","?","M","M","M","R","BOSS"],"items_purchased_type":["Card"],"build_version":"2020-12-22","purchased_purges":1,"victory":false,"max_hp_per_floor":[80,80,80,80,80,80,80,80,80,80,80,80,80,80,80,80,80,80,80,80,80,80,80,80,80,80,80,80,80,80,80,80,80,80],"card_choices":[{"not_picked":["Havoc","Anger","Rage"],"picked":"SKIP","floor":1.0},{"not_picked":["Thunderclap","Blood for Blood"],"picked":"Clash","floor":2.0},{"not_picked":["Armaments","Pommel Strike"],"picked":"Inflame","floor":3.0},{"not_picked":["Havoc","Second Wind"],"picked":"Heavy Blade","floor":4.0},{"not_picked":["Iron Wave","Burning Pact"],"picked":"Whirlwind","floor":7.0},{"not_picked":["Anger","Bloodletting"],"picked":"Limit Break","floor":12.0},{"not_picked":["Reckless Charge","Bloodletting"],"picked":"Clothesline","floor":13.0},{"not_picked":["Bludgeon","Double Tap"],"picked":"Immolate","floor":16.0},{"not_picked":["True Grit","Perfected Strike"],"picked":"Flame Barrier+1","floor":18.0},{"not_picked":["Searing Blow","Sword Boomerang+1"],"picked":"Fire Breathing","floor":22.0},{"not_picked":["Warcry","Infernal Blade"],"picked":"Whirlwind+1","floor":24.0},{"not_picked":["Warcry","Thunderclap"],"picked":"Twin Strike","floor":29.0},{"not_picked":["Reckless Charge","Seeing Red"],"picked":"Inflame","floor":30.0},{"not_picked":["Shockwave","Uppercut"],"picked":"Shrug It Off","floor":31.0}],"player_experience":464201,"relics_obtained":[{"floor":9.0,"key":"Blue Candle"},{"floor":12.0,"key":"Du-Vu Doll"},{"floor":26.0,"key":"StrikeDummy"}],"event_choices":[{"damage_healed":0.0,"max_hp_gain":0.0,"max_hp_loss":0.0,"gold_gain":0.0,"event_name":"Match and Keep!","player_choice":"1 cards matched","floor":14.0,"gold_loss":0.0,"damage_taken":0.0,"cards_obtained":["Metallicize"]},{"damage_healed":0.0,"max_hp_gain":0.0,"max_hp_loss":0.0,"gold_gain":0.0,"event_name":"Addict","player_choice":"Obtained Relic","floor":19.0,"gold_loss":85.0,"damage_taken":0.0,"relics_obtained":["Meat on the Bone"]},{"damage_healed":0.0,"max_hp_gain":0.0,"max_hp_loss":0.0,"gold_gain":0.0,"event_name":"Drug Dealer","player_choice":"Obtain J.A.X.","floor":20.0,"gold_loss":0.0,"damage_taken":0.0,"cards_obtained":["J.A.X."]},{"damage_healed":0.0,"max_hp_gain":0.0,"max_hp_loss":0.0,"gold_gain":0.0,"event_name":"WeMeetAgain","player_choice":"Gave Potion","floor":21.0,"gold_loss":0.0,"damage_taken":0.0,"relics_obtained":["Letter Opener"]},{"damage_healed":0.0,"max_hp_gain":0.0,"max_hp_loss":0.0,"gold_gain":0.0,"event_name":"Back to Basics","player_choice":"Simplicity","floor":28.0,"gold_loss":0.0,"damage_taken":0.0,"cards_upgraded":["Strike_R","Strike_R","Strike_R","Defend_R","Defend_R","Defend_R","Defend_R"]}],"is_beta":false,"boss_relics":[{"not_picked":["Runic Pyramid","Runic Cube"],"picked":"Black Blood"}],"items_purged_floors":[27],"is_endless":false,"potions_floor_spawned":[2,4,12,13,16,18,31],"killed_by":"Automaton","ascension_level":13}}