{"host":"94qggqh0xz0sp6ai","time":1609733815,"event":{"mods":["Abigail Mod","Act Like it!","BaseMod","CapriCore","Downfall","Friendly Minions","Gensokyo","Hermit","Jorbs\u0027s Wanderer Trilogy","Koishi","Marisa（霧雨　魔理沙）","Minty Spire (QoL Compilation)","Permanent Neow","Reimu（博??梦）","StSLib","The Alterego","The Construct","The Cursed","The Hierophant","The Immortal","The Senshi","The Servant 0.9.4","TheBandit","Waifu the Spire"],"gold_per_floor":[111,42,53,3,3,3,29,29,29,47,61,61,61,81,81,81,81],"floor_reached":16,"playtime":398,"items_purged":[],"score":195,"play_id":"0ce66457-457f-4307-8848-81092e10372b","local_time":"20210103221655","is_ascension_mode":true,"campfire_choices":[{"data":"Koishi:HauntingSlash","floor":6,"key":"SMITH"},{"data":"Koishi:PredatoryInstincts","floor":8,"key":"SMITH"},{"data":"Koishi:RacingHeart","floor":15,"key":"SMITH"}],"circlet_count":0,"master_deck":["AscendersBane","Koishi:BasicStrike","Koishi:BasicStrike","Koishi:BasicDefend","Koishi:BasicDefend","Koishi:BasicDefend","Koishi:BasicDefend","Koishi:Provoke","Koishi:HauntingSlash+1","Koishi:PredatoryInstincts+1","Koishi:MindNumbingTerror","Koishi:DreadfulBlow","Koishi:YoukaiPolygraph","Koishi:PhantomBarrier","Koishi:RacingHeart+1","Koishi:MindNumbingTerror"],"relics":["Koishi:ImaginaryFriend","Meat on the Bone","Koishi:AHoleWhereASisterShouldBe","Pear","Golden Idol"],"acts_visited":["Exordium"],"potions_floor_usage":[1,7,16],"damage_taken":[{"damage":6,"enemies":"Cultist","floor":1,"turns":6},{"damage":1,"enemies":"Small Slimes","floor":3,"turns":4},{"damage":28,"enemies":"Gremlin Nob","floor":7,"turns":6},{"damage":0,"enemies":"2 Louse","floor":10,"turns":2},{"damage":3,"enemies":"Exordium Wildlife","floor":11,"turns":3},{"damage":11,"enemies":"Exordium Thugs","floor":14,"turns":4},{"damage":52,"enemies":"Slime Boss","floor":16,"turns":9}],"seed_played":"7158808805243069452","potions_obtained":[{"floor":1,"key":"Fruit Juice"},{"floor":3,"key":"LiquidBronze"},{"floor":10,"key":"Dexterity Potion"}],"is_trial":false,"path_per_floor":["M","$","M","?","?","R","E","R","T","M","M","?","?","M","R","B"],"character_chosen":"KOISHI","items_purchased":["Koishi:MindNumbingTerror"],"campfire_rested":0,"item_purchase_floors":[2],"current_hp_per_floor":[57,57,65,65,58,58,41,41,51,59,70,51,44,44,44,0,0],"gold":81,"neow_bonus":"TEN_PERCENT_HP_BONUS","is_daily":false,"chose_seed":false,"campfire_upgraded":3,"win_rate":0.0,"timestamp":1609733815,"path_taken":["M","$","M","?","?","R","E","R","T","M","M","?","?","M","R","BOSS"],"items_purchased_type":["Card"],"build_version":"2020-12-22","purchased_purges":0,"victory":false,"max_hp_per_floor":[67,67,67,67,67,67,67,67,77,77,77,77,77,77,77,77,77],"card_choices":[{"not_picked":["Koishi:EmbryosDream","Koishi:SubterraneanRose"],"picked":"Koishi:PredatoryInstincts","floor":1},{"not_picked":["Koishi:Vanish","Koishi:SubconsciousSweep"],"picked":"Koishi:DreadfulBlow","floor":3},{"not_picked":["Koishi:CatchAndRose","Koishi:FleetingPhantom"],"picked":"Koishi:YoukaiPolygraph","floor":7},{"not_picked":["Koishi:Jaunt","Koishi:HeartfeltFancy"],"picked":"Koishi:PhantomBarrier","floor":10},{"not_picked":["Koishi:PhantomBarrier","Koishi:SubconsciousSweep"],"picked":"Koishi:RacingHeart","floor":11},{"not_picked":["Koishi:FleetingPhantom","Koishi:UnconsciousUprising"],"picked":"Koishi:MindNumbingTerror","floor":14}],"player_experience":1400692,"relics_obtained":[{"floor":7,"key":"Koishi:AHoleWhereASisterShouldBe"},{"floor":9,"key":"Pear"}],"event_choices":[{"cards_removed":["Koishi:BasicStrike"],"damage_healed":0,"gold_gain":0,"player_choice":"Card Removal","damage_taken":0,"max_hp_gain":0,"max_hp_loss":0,"event_name":"The Cleric","floor":4,"gold_loss":50},{"damage_healed":0,"gold_gain":0,"player_choice":"Success","damage_taken":7,"relics_obtained":["Meat on the Bone"],"max_hp_gain":0,"max_hp_loss":0,"event_name":"Scrap Ooze","floor":5,"gold_loss":0},{"damage_healed":0,"gold_gain":0,"player_choice":"Take Damage","damage_taken":19,"relics_obtained":["Golden Idol"],"max_hp_gain":0,"max_hp_loss":0,"event_name":"Golden Idol","floor":12,"gold_loss":0},{"cards_removed":["Koishi:BasicStrike"],"damage_healed":0,"gold_gain":0,"player_choice":"Card Removal","damage_taken":7,"max_hp_gain":0,"max_hp_loss":0,"event_name":"Golden Wing","floor":13,"gold_loss":0}],"is_beta":false,"boss_relics":[],"items_purged_floors":[],"is_endless":false,"potions_floor_spawned":[1,3,10],"killed_by":"Slime Boss","ascension_level":14}}