{"host":"65bhxfoqsqjg61le","time":1609725089,"event":{"mods":["2.2 Compatiblity","AchievementEnabler","BaseMod","Better Third Choice","Colored Powertips","Conspire","DeckTracker","Downfall","Energized Spire","GifTheSpireLib","Googly Eyes","Hubris","Infinite Spire","Minty Spire (QoL Compilation)","Quick Restart","RRrroohrrRGHHhhh!!","Random Character Button","Rare Cards Sparkle","Replay The Spire","Shade Mod","StSLib","Stuff the Spire","The IronCluck","Wandering Minibosses","egg","everything is the same but u backflip on backflip","slay the spire mod where everything is the same but ironclad has a cowboy hat","thorton"],"gold_per_floor":[112,112,187,198,198,198,229,229,229,263,282,301,476,476,476,580,580,593,593,593,604,504,504,504],"floor_reached":23,"playtime":837,"items_purged":[],"score":300,"play_id":"d8ef070f-2dde-4d94-b88c-88f6ab8009dc","local_time":"20210103205129","is_ascension_mode":true,"campfire_choices":[{"floor":6,"key":"RECALL"},{"data":"Cleave","floor":8,"key":"SMITH"},{"data":"Shockwave","floor":15,"key":"SMITH"}],"circlet_count":0,"master_deck":["Strike_R","Strike_R","Strike_R","Strike_R","Strike_R","Defend_R","Defend_R","Defend_R","Defend_R","Bash","Cleave+1","Cleave+1","Rampage","Thunderclap","Shockwave+1","Doubt","Replay:Many Hands","Iron Wave","conspire:SpireCoStock","conspire:SpireCoStock"],"relics":["Burning Blood","NeowsBlessing","StuffTheSpire:Gunfinga","Blue Doll","hubris:Towel","Busted Crown","Replay:Blank Codex"],"acts_visited":["Exordium","TheCity"],"potions_floor_usage":[10,12,16,18,21,23],"damage_taken":[{"damage":0,"enemies":"2 Louse","floor":1,"turns":1},{"damage":0,"enemies":"Small Slimes","floor":4,"turns":1},{"damage":0,"enemies":"3 Sentries","floor":7,"turns":1},{"damage":20,"enemies":"Lagavulin","floor":10,"turns":4},{"damage":7,"enemies":"Jaw Worm","floor":11,"turns":2},{"damage":0,"enemies":"3 Louse","floor":12,"turns":2},{"damage":53,"enemies":"Hexaghost","floor":16,"turns":11},{"damage":37,"enemies":"Shell Parasite","floor":18,"turns":5},{"damage":16,"enemies":"3 Byrds","floor":21,"turns":5},{"damage":10,"enemies":"Gremlin Leader","floor":23,"turns":4}],"seed_played":"-348187470900084302","potions_obtained":[{"floor":1,"key":"PowerPotion"},{"floor":10,"key":"Weak Potion"},{"floor":11,"key":"Guardian:BlockOnCardUsePotion"},{"floor":16,"key":"Venom Potion"},{"floor":18,"key":"Languid Potion"},{"floor":21,"key":"Dexterity Potion"}],"is_trial":false,"path_per_floor":["M","?","?","M","?","R","E","R","T","E","M","M","?","?","R","B",null,"M","?","?","M","?","E"],"character_chosen":"IRONCLAD","items_purchased":[],"campfire_rested":0,"item_purchase_floors":[],"current_hp_per_floor":[78,78,67,73,73,73,79,79,79,65,64,70,70,70,70,23,66,35,35,19,9,9,0,0],"gold":504,"neow_bonus":"THREE_ENEMY_KILL","is_daily":false,"chose_seed":false,"campfire_upgraded":2,"win_rate":0.0,"timestamp":1609725089,"path_taken":["M","?","?","M","?","R","E","R","T","E","M","?","?","?","R","BOSS","M","?","?","M","?","E"],"items_purchased_type":[],"build_version":"2020-12-22","purchased_purges":0,"victory":false,"max_hp_per_floor":[80,80,80,80,80,80,80,80,80,80,80,80,80,80,80,80,80,80,80,80,80,80,80,80],"card_choices":[{"not_picked":["Reckless Charge","Hemokinesis"],"picked":"Cleave","floor":1},{"not_picked":["StuffTheSpire:Slingshot","Dark Embrace"],"picked":"Cleave","floor":4},{"not_picked":["Armaments","Clothesline","Clash"],"picked":"SKIP","floor":7},{"not_picked":["ReplayTheSpireMod:Stacked","Twin Strike"],"picked":"Rampage","floor":10},{"not_picked":["Iron Wave","Cleave"],"picked":"Thunderclap","floor":11},{"not_picked":["Heavy Blade","Demon Form"],"picked":"Shockwave","floor":12},{"not_picked":["Juggernaut","StuffTheSpire:TitanForm"],"picked":"Replay:Many Hands","floor":16},{"not_picked":[],"picked":"Iron Wave","floor":18},{"not_picked":["Cleave"],"picked":"SKIP","floor":21}],"player_experience":1030465,"relics_obtained":[{"floor":7,"key":"StuffTheSpire:Gunfinga"},{"floor":10,"key":"Blue Doll"},{"floor":20,"key":"Replay:Blank Codex"}],"event_choices":[{"damage_healed":0,"gold_gain":0,"player_choice":"Disagree","damage_taken":0,"max_hp_gain":0,"max_hp_loss":0,"event_name":"conspire:LoneGhost","floor":2,"gold_loss":0},{"damage_healed":0,"gold_gain":75,"player_choice":"Gold","damage_taken":11,"max_hp_gain":0,"max_hp_loss":0,"event_name":"betterThird:BetterGoop","floor":3,"gold_loss":0},{"damage_healed":0,"gold_gain":175,"player_choice":"AGREE","damage_taken":301,"max_hp_gain":0,"max_hp_loss":0,"event_name":"betterThird:BetterSerpent","floor":13,"gold_loss":0},{"damage_healed":0,"gold_gain":0,"player_choice":"Obtained Book","damage_taken":16,"max_hp_gain":0,"max_hp_loss":0,"event_name":"Cursed Tome","floor":20,"gold_loss":0},{"damage_healed":0,"gold_gain":0,"player_choice":"Invest 2","damage_taken":0,"max_hp_gain":0,"max_hp_loss":0,"event_name":"conspire:Investor","floor":22,"gold_loss":0}],"is_beta":false,"boss_relics":[{"not_picked":["energizedSpire:CursedPentagram","hubris:TerracottaHorce"],"picked":"Busted Crown"}],"items_purged_floors":[],"is_endless":false,"potions_floor_spawned":[1,10,11,16,18,21],"killed_by":"Gremlin Leader","ascension_level":7}}