{"host":"wdeqp3oywc1fg6fs","time":1609724486,"event":{"mods":["BaseMod","Colored Map","Colored Powertips","Downfall","Duelist Mod","Googly Eyes","Hermit","Highlight Path","Hubris","Infinite Spire","Jorbs\u0027s Wanderer Trilogy","Marisa????????","Minty Spire (QoL Compilation)","READ ME - Guardian Mod","Remilia??????","Replay The Spire","StSLib","The Animator","The Bug Knight","The Cursed","The Disciple","The Hierophant","The Jungle","The Senshi","The Servant 0.9.4"],"gold_per_floor":[113,188,200,180,193,227,227,214,214,489,133,30,30,60,60,60,60],"floor_reached":16,"playtime":852,"items_purged":[],"score":108,"play_id":"8defaf56-4d7b-4a88-a83f-83a180a56b1f","local_time":"20210104014126","is_ascension_mode":false,"campfire_choices":[{"floor":7,"key":"REST"}],"circlet_count":0,"master_deck":["hermit:Strike_Hermit","hermit:Strike_Hermit","hermit:Strike_Hermit","hermit:Strike_Hermit","hermit:Defend_Hermit","hermit:Defend_Hermit","hermit:Defend_Hermit","hermit:Snapshot","hermit:Covet","hermit:Shortfuse","hermit:EyeOfTheStorm","hermit:Vantage","hermit:FullyLoaded","hermit:Roulette","Regret","Crow Ritual","hermit:TakeAim","expansioncontent:SuperHexaguard","hermit:TrackingShot+1","hermit:Misfire+1","hermit:BlackWind+1","hermit:Showdown+1"],"relics":["hermit:Momento","NeowsBlessing","Bag of Preparation","Molten Egg 2","Mirror"],"acts_visited":["Exordium"],"potions_floor_usage":[8,16,16,16,16,16,16],"damage_taken":[{"damage":0,"enemies":"Cultist","floor":1,"turns":1},{"damage":0,"enemies":"2 Louse","floor":3,"turns":1},{"damage":3,"enemies":"Small Slimes","floor":5,"turns":2},{"damage":34,"enemies":"HollowMod:MossKnight","floor":6,"turns":7},{"damage":24,"enemies":"Exordium Thugs","floor":8,"turns":4},{"damage":20,"enemies":"Replay:BlueRogue","floor":14,"turns":7},{"damage":22,"enemies":"The Guardian","floor":16,"turns":3}],"seed_played":"-6217943042903688707","potions_obtained":[{"floor":3,"key":"CultistPotion"},{"floor":4,"key":"CultistPotion"},{"floor":5,"key":"EntropicBrew"},{"floor":13,"key":"ColorlessPotion"}],"is_trial":false,"path_per_floor":["M","?","M","?","M","E","R","M","T","?","$","$","?","E","R_BF","B"],"character_chosen":"HERMIT","items_purchased":["Crow Ritual","hermit:TakeAim","expansioncontent:SuperHexaguard","hermit:TrackingShot+1","hermit:Misfire+1"],"campfire_rested":1,"item_purchase_floors":[11,11,11,12,12],"current_hp_per_floor":[75,64,64,64,61,27,49,25,25,25,25,25,25,5,5,0,0],"gold":60,"neow_bonus":"THREE_ENEMY_KILL","is_daily":false,"chose_seed":false,"campfire_upgraded":0,"win_rate":0.0,"timestamp":1609724486,"path_taken":["M","?","M","?","M","E","R","?","T","?","?","$","?","E","R_BF","BOSS"],"items_purchased_type":["Card","Card","Card","Card","Card"],"build_version":"2020-12-22","purchased_purges":0,"victory":false,"max_hp_per_floor":[75,75,75,75,75,75,75,75,75,75,75,75,75,75,75,75,75],"card_choices":[{"not_picked":["hermit:Ricochet","hermit:HoleUp"],"picked":"hermit:Shortfuse","floor":1},{"not_picked":["hermit:Feint","hermit:Coalescence"],"picked":"hermit:EyeOfTheStorm","floor":3},{"not_picked":["hermit:CalledShot","hermit:WideOpen"],"picked":"hermit:Vantage","floor":5},{"not_picked":["hermit:DeadMansHand","hermit:Coalescence"],"picked":"hermit:FullyLoaded","floor":6},{"not_picked":["hermit:Adapt","hermit:BodyArmor"],"picked":"hermit:Roulette","floor":8},{"not_picked":["hermit:Scavenge","hermit:Misfire+1"],"picked":"hermit:BlackWind+1","floor":14}],"player_experience":72059,"relics_obtained":[{"floor":6,"key":"Bag of Preparation"},{"floor":9,"key":"Molten Egg 2"},{"floor":14,"key":"Mirror"}],"event_choices":[{"damage_healed":0,"gold_gain":75,"player_choice":"Gather Gold","damage_taken":11,"max_hp_gain":0,"max_hp_loss":0,"event_name":"World of Goop","floor":2,"gold_loss":0},{"damage_healed":0,"gold_gain":0,"player_choice":"Bought 1 Potion","damage_taken":0,"max_hp_gain":0,"max_hp_loss":0,"event_name":"The Woman in Blue","floor":4,"gold_loss":0},{"damage_healed":0,"gold_gain":275,"player_choice":"Desecrate","damage_taken":0,"max_hp_gain":0,"max_hp_loss":0,"event_name":"Golden Shrine","floor":10,"gold_loss":0,"cards_obtained":["Regret"]},{"damage_healed":0,"gold_gain":0,"player_choice":"Got Potions","damage_taken":0,"max_hp_gain":0,"max_hp_loss":0,"event_name":"Lab","floor":13,"gold_loss":0}],"is_beta":false,"boss_relics":[],"items_purged_floors":[],"is_endless":false,"potions_floor_spawned":[3,5],"killed_by":"The Guardian","ascension_level":0}}