{"host":"9d9dhukr2jywmy0f","time":1609775989,"event":{"mods":["2.2 Compatiblity","Alarm Clock","BaseMod","Bestiary","Block Reminder","Colored Map","Colored Powertips","Curses Come First","DeckTracker","Highlight Path","Infinite Spire","Key Reminder","Keyboard Shortcuts","Minty Spire (QoL Compilation)","MonsterHotkey","Quick Restart","Rare Cards Sparkle","Relic Sorter","Relic Stats","Spire Birthday Party","StSLib","SuperFastMode","Synergy Search","Unceasing Turn Reminder","Unknown Chances"],"gold_per_floor":[112,37,37,51,51,76,76,91,145,162,162,162,174,184,184,184,184],"floor_reached":16,"playtime":255,"items_purged":["Strike_R"],"score":254,"play_id":"fad0b8dd-b058-4b24-a86e-d0146adb538e","local_time":"20210104235949","is_ascension_mode":true,"campfire_choices":[{"data":"Armaments","floor":7.0,"key":"SMITH"},{"floor":11.0,"key":"RECALL"},{"data":"Shrug It Off","floor":15,"key":"SMITH"}],"circlet_count":0,"master_deck":["AscendersBane","Strike_R","Strike_R","Strike_R","Strike_R","Defend_R","Defend_R","Defend_R","Defend_R","Bash","Shrug It Off+1","Armaments+1","Offering"],"relics":["Burning Blood","NeowsBlessing","Potion Belt","Magic Flower","keyreminder:keyreminder"],"acts_visited":["Exordium"],"potions_floor_usage":[14],"damage_taken":[{"damage":0.0,"enemies":"Small Slimes","floor":1.0,"turns":1.0},{"damage":0.0,"enemies":"2 Louse","floor":4.0,"turns":1.0},{"damage":0.0,"enemies":"Lagavulin","floor":6.0,"turns":1.0},{"damage":1.0,"enemies":"Cultist","floor":8.0,"turns":4.0},{"damage":20.0,"enemies":"Large Slime","floor":10.0,"turns":11.0},{"damage":6.0,"enemies":"Blue Slaver","floor":13.0,"turns":5.0},{"damage":29,"enemies":"Red Slaver","floor":14,"turns":3},{"damage":0,"enemies":"Hexaghost","floor":16,"turns":1}],"seed_played":"4379869679949847109","potions_obtained":[{"floor":10.0,"key":"DistilledChaos"},{"floor":12.0,"key":"PowerPotion"},{"floor":12.0,"key":"BloodPotion"},{"floor":13.0,"key":"FearPotion"},{"floor":14,"key":"FearPotion"}],"is_trial":false,"path_per_floor":["M","$","?","M","$","E","R","M","T","M","R","?","M","M","R","B"],"character_chosen":"IRONCLAD","items_purchased":[],"campfire_rested":0,"item_purchase_floors":[],"current_hp_per_floor":[74,74,63,69,69,75,75,75,75,64,64,64,67,47,47,47,47],"gold":184,"neow_bonus":"THREE_ENEMY_KILL","is_daily":false,"chose_seed":false,"campfire_upgraded":2,"win_rate":0.0,"timestamp":1609775989,"path_taken":["M","$","?","M","$","E","R","M","T","M","R","?","M","M","R","BOSS"],"items_purchased_type":[],"build_version":"2020-11-30","purchased_purges":1,"victory":false,"max_hp_per_floor":[75,75,75,75,75,75,75,75,75,75,75,75,75,75,75,75,75],"relic_stats":{"counters":[8,27],"Magic Flower":[9],"obtain_stats":[{"Potion Belt":3,"keyreminder:keyreminder":9,"NeowsBlessing":0,"Magic Flower":6,"Burning Blood":0},{"Potion Belt":1,"keyreminder:keyreminder":4,"NeowsBlessing":0,"Magic Flower":3,"Burning Blood":0},{"Potion Belt":1,"keyreminder:keyreminder":7,"NeowsBlessing":0,"Magic Flower":3,"Burning Blood":0}],"Burning Blood":46},"card_choices":[{"not_picked":["Thunderclap","Dropkick","Headbutt"],"picked":"SKIP","floor":1.0},{"not_picked":["Thunderclap","Rupture"],"picked":"Shrug It Off","floor":4.0},{"not_picked":["Uppercut","Seeing Red"],"picked":"Armaments","floor":6.0},{"not_picked":["Cleave","Flex","Thunderclap"],"picked":"SKIP","floor":8.0},{"not_picked":["Heavy Blade","Havoc"],"picked":"Offering","floor":10.0},{"not_picked":["Clash","Heavy Blade","Combust"],"picked":"SKIP","floor":13.0},{"not_picked":["Wild Strike","Havoc","Battle Trance"],"picked":"SKIP","floor":14}],"player_experience":770983,"relics_obtained":[{"floor":6.0,"key":"Magic Flower"}],"event_choices":[{"damage_healed":0.0,"max_hp_gain":0.0,"max_hp_loss":0.0,"gold_gain":0.0,"event_name":"Scrap Ooze","player_choice":"Success","floor":3.0,"gold_loss":0.0,"damage_taken":11.0,"relics_obtained":["Potion Belt"]},{"damage_healed":0.0,"max_hp_gain":0.0,"max_hp_loss":0.0,"gold_gain":0.0,"event_name":"Lab","player_choice":"Got Potions","floor":12.0,"gold_loss":0.0,"damage_taken":0.0}],"is_beta":false,"boss_relics":[],"items_purged_floors":[2],"is_endless":false,"potions_floor_spawned":[10,13,14],"killed_by":"Hexaghost","ascension_level":20}}