{"host":"prbesmsd58qkujmx","time":1609752753,"event":{"mods":["2.2 Compatiblity","AchievementEnabler","BaseMod","Colored Map","DeckTracker","Highlight Path","Keyboard Shortcuts","Minty Spire (QoL Compilation)","Permanent Neow","Quick Restart","Random Character Button","StSLib","SuperFastMode","everything is the same but u backflip on backflip"],"gold_per_floor":[10,23,37,37,57,91,91,124,124,143,143,154,166,186,186,285,285,305,316,241,261,275,275,365,228,279,310,310,310,328,348,348,348,348],"floor_reached":33,"playtime":1454,"items_purged":["Defend_R","Strike_R"],"score":338,"play_id":"e4adf310-3c62-49a8-86f8-ed43da624f96","local_time":"20210104183233","is_ascension_mode":false,"campfire_choices":[{"data":"Inflame","floor":7,"key":"SMITH"},{"data":"Whirlwind","floor":11,"key":"SMITH"},{"data":"Uppercut","floor":15,"key":"SMITH"},{"data":"Heavy Blade","floor":23,"key":"SMITH"},{"data":"Sword Boomerang","floor":29,"key":"SMITH"},{"data":"Pommel Strike","floor":32,"key":"SMITH"}],"circlet_count":0,"master_deck":["Defend_R","Bash","Inflame+1","Spot Weakness","Pommel Strike+1","Sword Boomerang","Whirlwind+1","Heavy Blade+1","Ghostly Armor","Uppercut+1","Limit Break","Metallicize+1","Disarm+1","Sentinel+1","True Grit+1","Shrug It Off+1","Flex","Hemokinesis+1","Mind Blast","Battle Trance","Sword Boomerang+1","Bite","Bite","Bite","Bite","Bite","Second Wind","Cleave+1"],"relics":["Burning Blood","Anchor","Bag of Marbles","Toy Ornithopter","Astrolabe","Orichalcum","Red Mask"],"acts_visited":["Exordium","TheCity"],"potions_floor_usage":[6,6,16,22,27,27,30,31,33],"damage_taken":[{"damage":5,"enemies":"Small Slimes","floor":1,"turns":5},{"damage":6,"enemies":"Cultist","floor":2,"turns":3},{"damage":8,"enemies":"Jaw Worm","floor":3,"turns":4},{"damage":10,"enemies":"3 Louse","floor":5,"turns":2},{"damage":31,"enemies":"3 Sentries","floor":6,"turns":6},{"damage":30,"enemies":"Gremlin Nob","floor":8,"turns":4},{"damage":0,"enemies":"Looter","floor":10,"turns":2},{"damage":0,"enemies":"Blue Slaver","floor":12,"turns":2},{"damage":5,"enemies":"Exordium Thugs","floor":13,"turns":2},{"damage":10,"enemies":"Looter","floor":14,"turns":3},{"damage":6,"enemies":"Slime Boss","floor":16,"turns":3},{"damage":6,"enemies":"Shell Parasite","floor":18,"turns":4},{"damage":2,"enemies":"Chosen","floor":19,"turns":5},{"damage":15,"enemies":"Snake Plant","floor":21,"turns":4},{"damage":0,"enemies":"Centurion and Healer","floor":22,"turns":2},{"damage":57,"enemies":"Masked Bandits","floor":27,"turns":6},{"damage":16,"enemies":"3 Cultists","floor":30,"turns":4},{"damage":2,"enemies":"Cultist and Chosen","floor":31,"turns":6},{"damage":60,"enemies":"Automaton","floor":33,"turns":8}],"seed_played":"377782987734171689","potions_obtained":[{"floor":3,"key":"Swift Potion"},{"floor":5,"key":"BlessingOfTheForge"},{"floor":6,"key":"Explosive Potion"},{"floor":10,"key":"AttackPotion"},{"floor":13,"key":"ColorlessPotion"},{"floor":19,"key":"SkillPotion"},{"floor":21,"key":"LiquidMemories"},{"floor":30,"key":"ColorlessPotion"},{"floor":31,"key":"AttackPotion"}],"is_trial":false,"path_per_floor":["M","M","M","$","M","E","R","E","T","M","R","M","M","M","R","B",null,"M","M","$","M","M","R","?","$","T","?","?","R","M","M","R","B"],"character_chosen":"IRONCLAD","items_purchased":["Battle Trance"],"campfire_rested":0,"item_purchase_floors":[25],"current_hp_per_floor":[80,80,78,78,74,49,49,25,25,31,31,37,38,34,34,39,80,80,80,80,71,80,80,56,56,56,15,15,15,19,38,38,0,0],"gold":348,"neow_bonus":"REMOVE_TWO","is_daily":false,"chose_seed":false,"campfire_upgraded":6,"win_rate":0.0,"timestamp":1609752753,"path_taken":["M","M","M","$","M","E","R","E","T","M","R","M","M","M","R","BOSS","M","M","$","M","M","R","?","?","T","?","?","R","M","M","R","BOSS"],"items_purchased_type":["Card"],"build_version":"2020-12-22","purchased_purges":2,"victory":false,"max_hp_per_floor":[80,80,80,80,80,80,80,80,80,80,80,80,80,80,80,80,80,80,80,80,80,80,80,80,80,80,80,56,56,56,56,56,56,56],"card_choices":[{"not_picked":["Anger","Twin Strike"],"picked":"Inflame","floor":1},{"not_picked":["Ghostly Armor","Entrench"],"picked":"Spot Weakness","floor":2},{"not_picked":["Havoc","Clothesline"],"picked":"Pommel Strike","floor":3},{"not_picked":["Sentinel","Shrug It Off"],"picked":"Sword Boomerang","floor":5},{"not_picked":["Cleave","Bloodletting"],"picked":"Whirlwind","floor":6},{"not_picked":["Bludgeon","Clothesline"],"picked":"Heavy Blade","floor":8},{"not_picked":["Disarm","Dual Wield","Armaments"],"picked":"SKIP","floor":10},{"not_picked":["Armaments","Hemokinesis","Headbutt"],"picked":"SKIP","floor":12},{"not_picked":["Anger","Fiend Fire"],"picked":"Ghostly Armor","floor":13},{"not_picked":["Warcry","Armaments"],"picked":"Uppercut","floor":14},{"not_picked":["Juggernaut","Fiend Fire"],"picked":"Limit Break","floor":16},{"not_picked":["Hemokinesis","Heavy Blade"],"picked":"True Grit+1","floor":18},{"not_picked":["Clash","Perfected Strike"],"picked":"Shrug It Off+1","floor":19},{"not_picked":["Clothesline","True Grit"],"picked":"Flex","floor":21},{"not_picked":["Havoc","True Grit"],"picked":"Hemokinesis+1","floor":22},{"not_picked":["Inflame","Entrench"],"picked":"Sword Boomerang","floor":27},{"not_picked":["Sentinel","Exhume"],"picked":"Second Wind","floor":30},{"not_picked":["Intimidate","Headbutt"],"picked":"Cleave+1","floor":31}],"player_experience":93455,"relics_obtained":[{"floor":6,"key":"Anchor"},{"floor":8,"key":"Bag of Marbles"},{"floor":9,"key":"Toy Ornithopter"},{"floor":26,"key":"Orichalcum"},{"floor":27,"key":"Red Mask"}],"event_choices":[{"damage_healed":0,"gold_gain":90,"player_choice":"CARD POTION GOLD ","damage_taken":24,"max_hp_gain":0,"max_hp_loss":0,"event_name":"Knowing Skull","floor":24,"potions_obtained":["BlessingOfTheForge"],"gold_loss":0,"cards_obtained":["Mind Blast"]},{"damage_healed":0,"gold_gain":0,"player_choice":"Fought Bandits","damage_taken":0,"max_hp_gain":0,"max_hp_loss":0,"event_name":"Masked Bandits","floor":27,"gold_loss":0},{"damage_healed":0,"gold_gain":0,"player_choice":"Became a vampire","damage_taken":0,"max_hp_gain":0,"max_hp_loss":24,"event_name":"Vampires","floor":28,"gold_loss":0,"cards_obtained":["Bite","Bite","Bite","Bite","Bite"]}],"is_beta":false,"boss_relics":[{"not_picked":["Runic Cube","Philosopher\u0027s Stone"],"picked":"Astrolabe"}],"items_purged_floors":[20,25],"is_endless":false,"potions_floor_spawned":[3,5,6,10,13,19,21,30,31],"killed_by":"Automaton","ascension_level":0}}