{"host":"6bsan6hkua32tfq7","time":1609729538,"event":{"mods":["BaseMod","Better Third Choice","Colored Map","Highlight Path","Minty Spire (QoL Compilation)","StSLib"],"gold_per_floor":[116,116,126,126,126,126,158,158,158,193,141,141,152,167,167,239,239,256,256,272,39,55,55,84,84,84],"floor_reached":25,"playtime":602,"items_purged":["Strike_B"],"score":533,"play_id":"d77f03b9-31a1-485f-89cc-4109884e62e3","local_time":"20210104040538","is_ascension_mode":true,"campfire_choices":[{"data":"Genetic Algorithm","floor":6.0,"key":"SMITH"},{"data":"Darkness","floor":8.0,"key":"SMITH"},{"floor":12,"key":"REST"},{"data":"Dualcast","floor":15,"key":"SMITH"},{"floor":23,"key":"REST"}],"circlet_count":0,"master_deck":["AscendersBane","Strike_B","Strike_B+1","Strike_B+1","Defend_B+1","Defend_B","Defend_B+1","Zap+1","Dualcast+1","Darkness+1","Genetic Algorithm+1","Genetic Algorithm","Genetic Algorithm+1","Redo"],"relics":["Cracked Core","NeowsBlessing","Singing Bowl","InkBottle","War Paint","betterThird:SlimedRelic","SlaversCollar","DollysMirror","Bottled Lightning"],"acts_visited":["Exordium","TheCity"],"potions_floor_usage":[14,16,18,24],"damage_taken":[{"damage":0.0,"enemies":"Small Slimes","floor":1.0,"turns":1.0},{"damage":0.0,"enemies":"2 Louse","floor":3.0,"turns":1.0},{"damage":0.0,"enemies":"Gremlin Nob","floor":7.0,"turns":1.0},{"damage":29.0,"enemies":"3 Sentries","floor":10.0,"turns":7.0},{"damage":0,"enemies":"Jaw Worm","floor":13,"turns":3},{"damage":0,"enemies":"2 Fungi Beasts","floor":14,"turns":3},{"damage":24,"enemies":"Hexaghost","floor":16,"turns":9},{"damage":22,"enemies":"Chosen","floor":18,"turns":5},{"damage":7,"enemies":"Spheric Guardian","floor":20,"turns":4},{"damage":27,"enemies":"Snecko","floor":22,"turns":7},{"damage":40,"enemies":"Slavers","floor":24,"turns":8},{"damage":6,"enemies":"Cultist and Chosen","floor":25,"turns":2}],"seed_played":"2141379599671249544","potions_obtained":[{"floor":3.0,"key":"Weak Potion"},{"floor":7.0,"key":"BlessingOfTheForge"},{"floor":10,"key":"ColorlessPotion"},{"floor":14,"key":"DistilledChaos"},{"floor":22,"key":"FocusPotion"}],"is_trial":false,"path_per_floor":["M","?","M","?","?","R","E","R","T","E","?","R","M","M","R","B",null,"M","?","M","$","M","R","E","M"],"character_chosen":"DEFECT","items_purchased":["DollysMirror"],"campfire_rested":2,"item_purchase_floors":[21],"current_hp_per_floor":[64,69,69,46,46,46,48,48,48,21,10,34,36,38,38,16,69,49,49,42,42,17,44,4,0,0],"gold":84,"neow_bonus":"THREE_ENEMY_KILL","is_daily":false,"chose_seed":false,"campfire_upgraded":3,"win_rate":0.0,"timestamp":1609729538,"path_taken":["M","?","M","?","?","R","E","R","T","E","?","R","M","?","R","BOSS","M","?","M","$","M","R","E","M"],"items_purchased_type":["Relic"],"build_version":"2020-12-22","purchased_purges":1,"victory":false,"max_hp_per_floor":[71,76,76,76,76,76,78,78,78,80,80,80,82,84,84,86,86,88,88,88,88,90,90,90,90,90],"card_choices":[{"not_picked":["Compile Driver","Cold Snap"],"picked":"Darkness","floor":1.0},{"not_picked":["Rip and Tear","Capacitor"],"picked":"Genetic Algorithm","floor":3.0},{"not_picked":["Beam Cell","Go for the Eyes","Streamline"],"picked":"Singing Bowl","floor":7.0},{"not_picked":["Sweeping Beam","Reprogram","Skim"],"picked":"Singing Bowl","floor":10},{"not_picked":["Barrage","Sweeping Beam","Hologram"],"picked":"Singing Bowl","floor":13},{"not_picked":["Multi-Cast","Beam Cell","Turbo"],"picked":"Singing Bowl","floor":14},{"not_picked":["Machine Learning","Hyperbeam","Biased Cognition"],"picked":"Singing Bowl","floor":16},{"not_picked":["Rebound+1","Lockon","Conserve Battery"],"picked":"Singing Bowl","floor":18},{"not_picked":["Leap","Turbo+1"],"picked":"Genetic Algorithm","floor":20},{"not_picked":["Conserve Battery","Turbo","Compile Driver"],"picked":"Singing Bowl","floor":22},{"not_picked":["Darkness","Doom and Gloom"],"picked":"Redo","floor":24}],"player_experience":5237173,"relics_obtained":[{"floor":7.0,"key":"Singing Bowl"},{"floor":9.0,"key":"InkBottle"},{"floor":10,"key":"War Paint"},{"floor":24,"key":"Bottled Lightning"}],"event_choices":[{"damage_healed":0.0,"max_hp_gain":5.0,"max_hp_loss":0.0,"gold_gain":0.0,"event_name":"Big Fish","player_choice":"Donut","floor":2.0,"gold_loss":0.0,"damage_taken":0.0},{"damage_healed":69.0,"max_hp_gain":0.0,"max_hp_loss":76.0,"gold_gain":0.0,"event_name":"betterThird:BetterShining","player_choice":"Upgrade","floor":4.0,"gold_loss":0.0,"damage_taken":23.0,"cards_upgraded":["Strike_B","Strike_B"]},{"cards_removed":["Defend_B"],"damage_healed":0.0,"max_hp_gain":0.0,"max_hp_loss":0.0,"gold_gain":0.0,"event_name":"Living Wall","player_choice":"Forget","floor":5.0,"gold_loss":0.0,"damage_taken":0.0},{"damage_healed":0,"gold_gain":0,"player_choice":"Slimed","damage_taken":11,"max_hp_gain":0,"max_hp_loss":0,"event_name":"betterThird:BetterGoop","floor":11,"gold_loss":52},{"damage_healed":0,"gold_gain":0,"player_choice":"Upgraded","damage_taken":0,"max_hp_gain":0,"max_hp_loss":0,"event_name":"Upgrade Shrine","floor":19,"gold_loss":0,"cards_upgraded":["Zap"]}],"is_beta":false,"boss_relics":[{"not_picked":["Runic Pyramid","Pandora\u0027s Box"],"picked":"SlaversCollar"}],"items_purged_floors":[21],"is_endless":false,"potions_floor_spawned":[3,7,10,14,22],"killed_by":"Cultist and Chosen","ascension_level":20}}