{"host":"n23juj4d9qam5hh1","time":1609720341,"event":{"mods":["BaseMod","Better Note","BetterRewards","Infinite Spire","Minty Spire (QoL Compilation)","Relic Stats","StSLib"],"gold_per_floor":[109,18,34,47,47,47,61,61,115,64,64,164,184,200,200,300,300,316,330,350,127,140,140,140,140,166,166,265,265,280,295,295,295,295],"floor_reached":33,"playtime":1272,"items_purged":[],"score":287,"play_id":"44a1b589-ef00-47bf-9047-f95270d5a406","local_time":"20210103193221","is_ascension_mode":true,"campfire_choices":[{"data":"Dualcast","floor":6.0,"key":"SMITH"},{"data":"Chaos","floor":8.0,"key":"SMITH"},{"data":"White Noise","floor":11.0,"key":"SMITH"},{"floor":15.0,"key":"REST"},{"floor":23.0,"key":"REST"},{"data":"Storm","floor":25.0,"key":"SMITH"},{"data":"Creative AI","floor":27.0,"key":"SMITH"},{"floor":32,"key":"REST"}],"circlet_count":0,"master_deck":["Strike_B","Strike_B","Strike_B","Strike_B","Defend_B","Defend_B","Defend_B","Defend_B","Zap","Dualcast+1","Auto Shields","Ball Lightning","Doom and Gloom","White Noise+1","Loop","Chaos+1","Coolheaded","Creative AI+1","Glacier","Storm+1","Capacitor","Coolheaded","Melter"],"relics":["Cracked Core","Toy Ornithopter","Bag of Marbles","infinitespire:Cupcake","Runic Capacitor","PreservedInsect","Pen Nib"],"acts_visited":["Exordium","TheCity"],"potions_floor_usage":[],"damage_taken":[{"damage":0.0,"enemies":"2 Louse","floor":1.0,"turns":3.0},{"damage":9.0,"enemies":"infinitespire:Voidling","floor":3.0,"turns":3.0},{"damage":0.0,"enemies":"Small Slimes","floor":4.0,"turns":2.0},{"damage":7.0,"enemies":"2 Fungi Beasts","floor":7.0,"turns":3.0},{"damage":3.0,"enemies":"Blue Slaver","floor":13.0,"turns":3.0},{"damage":13.0,"enemies":"Looter","floor":14.0,"turns":3.0},{"damage":15.0,"enemies":"Hexaghost","floor":16.0,"turns":7.0},{"damage":31.0,"enemies":"Shell Parasite","floor":18.0,"turns":6.0},{"damage":4.0,"enemies":"Spheric Guardian","floor":19.0,"turns":5.0},{"damage":20.0,"enemies":"Shelled Parasite and Fungi","floor":20.0,"turns":10.0},{"damage":22.0,"enemies":"Sentry and Sphere","floor":22.0,"turns":5.0},{"damage":28,"enemies":"Chosen and Byrds","floor":30,"turns":7},{"damage":16,"enemies":"Centurion and Healer","floor":31,"turns":7},{"damage":40,"enemies":"Champ","floor":33,"turns":10}],"seed_played":"3995637965538895511","potions_obtained":[{"floor":0.0,"key":"infinitespire:BlackPotion"},{"floor":0.0,"key":"SpeedPotion"},{"floor":0.0,"key":"SmokeBomb"},{"floor":18.0,"key":"EssenceOfDarkness"},{"floor":20.0,"key":"LiquidBronze"},{"floor":31,"key":"GamblersBrew"}],"is_trial":false,"path_per_floor":["M","$","M","M","?","R","M","R","T","$","R","?","M","M","R","B",null,"M","M","M","$","M","R","?","R","T","R","?","AVR","M","M","R","B"],"character_chosen":"DEFECT","items_purchased":["Ball Lightning","Doom and Gloom","Coolheaded","Runic Capacitor","Capacitor"],"campfire_rested":3,"item_purchase_floors":[2,2,10,21,21],"current_hp_per_floor":[75,75,66,66,63,63,56,56,56,56,56,56,53,40,62,52,75,44,45,25,25,8,30,55,55,55,55,55,55,27,11,33,0,0],"gold":295,"neow_bonus":"THREE_SMALL_POTIONS","is_daily":false,"chose_seed":false,"campfire_upgraded":5,"win_rate":0.0,"timestamp":1609720341,"path_taken":["M","$","M","M","?","R","M","R","T","$","R","?","M","M","R","BOSS","M","M","?","$","M","R","?","R","T","R","?","AVR","M","M","R","BOSS"],"items_purchased_type":["Card","Card","Card","Relic","Card"],"build_version":"2020-12-22","purchased_purges":0,"victory":false,"max_hp_per_floor":[75,75,75,75,75,75,75,75,75,75,75,75,75,75,75,75,75,75,75,75,75,75,75,75,75,75,75,75,75,75,75,75,75,75],"relic_stats":{"counters":[14,74],"PreservedInsect":0,"Pen Nib":[1],"obtain_stats":[{"PreservedInsect":26,"Pen Nib":29,"Bag of Marbles":9,"Runic Capacitor":21,"Cracked Core":0,"Toy Ornithopter":5,"infinitespire:Cupcake":17},{"PreservedInsect":11,"Pen Nib":11,"Bag of Marbles":4,"Runic Capacitor":10,"Cracked Core":0,"Toy Ornithopter":3,"infinitespire:Cupcake":7},{"PreservedInsect":50,"Pen Nib":50,"Bag of Marbles":11,"Runic Capacitor":45,"Cracked Core":0,"Toy Ornithopter":8,"infinitespire:Cupcake":24}],"Toy Ornithopter":15},"card_choices":[{"not_picked":["Turbo","Rebound"],"picked":"Auto Shields","floor":1.0},{"not_picked":["Sunder","Barrage"],"picked":"White Noise","floor":3.0},{"not_picked":["Redo","Undo"],"picked":"Loop","floor":4.0},{"not_picked":["Hello World","Recycle"],"picked":"Chaos","floor":7.0},{"not_picked":["Lockon","Sweeping Beam","Beam Cell"],"picked":"SKIP","floor":13.0},{"not_picked":["Barrage","Conserve Battery","Machine Learning"],"picked":"SKIP","floor":14.0},{"not_picked":["Core Surge","Thunder Strike"],"picked":"Creative AI","floor":16.0},{"not_picked":["Streamline+1","Leap+1"],"picked":"Glacier","floor":18.0},{"not_picked":["Rip and Tear","Beam Cell","Compile Driver"],"picked":"SKIP","floor":19.0},{"not_picked":["Streamline","Coolheaded"],"picked":"Storm","floor":20.0},{"not_picked":["Blizzard","Darkness"],"picked":"Coolheaded","floor":22.0},{"not_picked":["Hello World","Steam"],"picked":"Melter","floor":30},{"not_picked":["Ball Lightning","Rebound","Scrape"],"picked":"SKIP","floor":31}],"player_experience":233426,"relics_obtained":[{"floor":9.0,"key":"Bag of Marbles"},{"floor":26.0,"key":"PreservedInsect"}],"event_choices":[{"damage_healed":0.0,"max_hp_gain":0.0,"max_hp_loss":0.0,"gold_gain":0.0,"event_name":"Scrap Ooze","player_choice":"Success","floor":5.0,"gold_loss":0.0,"damage_taken":3.0,"relics_obtained":["Toy Ornithopter"]},{"damage_healed":0.0,"max_hp_gain":0.0,"max_hp_loss":0.0,"gold_gain":100.0,"event_name":"Golden Shrine","player_choice":"Pray","floor":12.0,"gold_loss":0.0,"damage_taken":0.0},{"damage_healed":25.0,"max_hp_gain":0.0,"max_hp_loss":0.0,"gold_gain":0.0,"event_name":"The Library","player_choice":"Heal","floor":24.0,"gold_loss":0.0,"damage_taken":0.0},{"damage_healed":0.0,"max_hp_gain":0.0,"max_hp_loss":0.0,"gold_gain":99.0,"event_name":"Nest","player_choice":"Stole From Cult","floor":28.0,"gold_loss":0.0,"damage_taken":0.0}],"is_beta":false,"boss_relics":[{"not_picked":["SlaversCollar","Cursed Key"],"picked":"infinitespire:Cupcake"}],"items_purged_floors":[],"is_endless":false,"potions_floor_spawned":[3,7,18,20,31],"killed_by":"Champ","ascension_level":4}}