{"host":"8lgo2trwv2o0qyml","time":1609738879,"event":{"mods":["BaseMod","Colored Map","Colored Powertips","DeckTracker","Highlight Path","Hubris","Infinite Spire","Minty Spire (QoL Compilation)","Quick Restart","Random Character Button","Relic Sorter","Replay The Spire","StSLib","SuperFastMode","Synergy Search","The Jungle"],"gold_per_floor":[113,113,129,146,157,157,171,188,234,22,53,53,53,78,78,78,78],"floor_reached":16,"playtime":793,"items_purged":["Strike_R"],"score":112,"play_id":"7fdbe1d1-438c-4f86-8174-c0875ab52782","local_time":"20210104004119","is_ascension_mode":false,"campfire_choices":[{"data":"Ghostly Armor","floor":6,"key":"SMITH"},{"floor":13,"key":"REST"},{"floor":15,"key":"REST"}],"circlet_count":0,"master_deck":["Strike_R","Strike_R","Strike_R","Strike_R","Defend_R","Defend_R","Defend_R","Defend_R","Bash","Headbutt","Ghostly Armor+1","Rage+1","Rage+1","Warcry","Abandon","Hemogenesis","Feed"],"relics":["Burning Blood","NeowsBlessing","NlothsMask","Replay:Bottled Eggs","infinitespire:CursedDice"],"acts_visited":["Exordium"],"potions_floor_usage":[11,11],"damage_taken":[{"damage":0,"enemies":"Jaw Worm","floor":1,"turns":1},{"damage":0,"enemies":"Cultist","floor":3,"turns":1},{"damage":0,"enemies":"Small Slimes","floor":4,"turns":1},{"damage":0,"enemies":"Looter","floor":5,"turns":4},{"damage":7,"enemies":"Exordium Thugs","floor":7,"turns":8},{"damage":7,"enemies":"3 Louse","floor":8,"turns":5},{"damage":78,"enemies":"3 Sentries","floor":11,"turns":14},{"damage":39,"enemies":"Gremlin Nob","floor":14,"turns":6},{"damage":17,"enemies":"The Guardian","floor":16,"turns":4}],"seed_played":"-9124490785098531310","potions_obtained":[{"floor":3,"key":"Swift Potion"},{"floor":7,"key":"Swift Potion"},{"floor":14,"key":"LiquidMemories"}],"is_trial":false,"path_per_floor":["M","?","M","M","M","R","M","M","T","$","E","?","R","E","R","B"],"character_chosen":"IRONCLAD","items_purchased":["Hemogenesis"],"campfire_rested":2,"item_purchase_floors":[10],"current_hp_per_floor":[80,80,80,80,80,80,79,78,78,78,11,11,35,10,34,17,17],"gold":78,"neow_bonus":"THREE_ENEMY_KILL","is_daily":false,"chose_seed":false,"campfire_upgraded":1,"win_rate":0.0,"timestamp":1609738879,"path_taken":["M","?","M","M","?","R","M","M","T","$","E","?","R","E","R","BOSS"],"items_purchased_type":["Card"],"build_version":"2020-12-22","purchased_purges":1,"victory":false,"max_hp_per_floor":[80,80,80,80,80,80,80,80,80,80,80,80,80,83,83,83,83],"card_choices":[{"not_picked":["hubris:ReadiedAction","Clash"],"picked":"Headbutt","floor":1},{"not_picked":["True Grit","hubris:SharpeningStone"],"picked":"Ghostly Armor","floor":3},{"not_picked":["Metallicize","Power Through"],"picked":"Rage","floor":4},{"not_picked":["Cleave","Clash"],"picked":"Rage","floor":5},{"not_picked":["Dual Wield","Body Slam"],"picked":"Warcry","floor":7},{"not_picked":["True Grit","Shrug It Off"],"picked":"Abandon","floor":8},{"not_picked":["Dark Embrace","Cleave"],"picked":"Feed","floor":11},{"not_picked":["Pummel","Iron Wave","Body Slam"],"picked":"SKIP","floor":14}],"player_experience":12196,"relics_obtained":[{"floor":11,"key":"Replay:Bottled Eggs"},{"floor":14,"key":"infinitespire:CursedDice"}],"event_choices":[{"damage_healed":0,"gold_gain":0,"player_choice":"Trade","damage_taken":0,"relics_obtained":["NlothsMask"],"max_hp_gain":0,"max_hp_loss":0,"event_name":"FaceTrader","floor":2,"gold_loss":0},{"damage_healed":0,"gold_gain":0,"player_choice":"Searched \u00270\u0027 times","damage_taken":0,"max_hp_gain":0,"max_hp_loss":0,"event_name":"Dead Adventurer","floor":12,"gold_loss":0}],"is_beta":false,"boss_relics":[],"items_purged_floors":[10],"is_endless":false,"potions_floor_spawned":[3,7,14],"killed_by":"The Guardian","ascension_level":0}}