{"host":"f5y45f7z7ziu0smp","time":1609771476,"event":{"mods":["AchievementEnabler","Ascension Reborn","BaseMod","Minty Spire (QoL Compilation)"],"gold_per_floor":[117,117,140,64,83,83,103,145,176,176,188,188,188,12,12,127,127,140,55,73,95,20,20,62,76,108,131,145,159,292,337,351,490,504,535,549,579,607,643,657,711,725,739,785,799,518,518,540,540,540],"floor_reached":51,"playtime":1475,"items_purged":[],"score":915,"play_id":"dc48c7a9-5b7e-4e5b-8f8f-f90b07f46c49","local_time":"20210104234436","is_ascension_mode":true,"campfire_choices":[{"data":"Storm","floor":6,"key":"SMITH"},{"data":"Machine Learning","floor":10,"key":"SMITH"},{"data":"Sunder","floor":13,"key":"SMITH"},{"data":"Heatsinks","floor":15,"key":"SMITH"},{"data":"Echo Form","floor":23,"key":"SMITH"},{"data":"Beam Cell","floor":28,"key":"SMITH"},{"floor":32,"key":"REST"},{"data":"Storm","floor":40,"key":"SMITH"},{"data":"Amplify","floor":42,"key":"SMITH"},{"data":"Storm","floor":47,"key":"SMITH"},{"data":"Aggregate","floor":49,"key":"SMITH"}],"circlet_count":0,"master_deck":["Defend_B+1","Defend_B+1","Defend_B+1","Defend_B+1","Zap+1","Dualcast+1","Streamline+1","Machine Learning+1","Redo","Storm+1","Beam Cell+1","Capacitor+1","Aggregate+1","Sunder+1","Turbo","Sweeping Beam","Heatsinks+1","Echo Form+1","Skim+1","Defragment+1","Redo+1","Chill+1","Conserve Battery+1","Compile Driver+1","Thunder Strike+1","Streamline+1","Biased Cognition","Storm+1","Steam+1","Conserve Battery+1","Force Field+1","Compile Driver+1","Hello World+1","Amplify+1","Defragment+1","Storm+1","Coolheaded","Metamorphosis","Turbo+1"],"relics":["Cracked Core","Oddly Smooth Stone","Art of War","Sundial","DataDisk","Dream Catcher","PreservedInsect","Dead Branch","Black Star","Letter Opener","MealTicket","Centennial Puzzle","Tiny Chest","Regal Pillow","MawBank","Bronze Scales","Omamori","Prayer Wheel","Empty Cage","Whetstone","CaptainsWheel","Happy Flower","Juzu Bracelet","Smiling Mask","Bag of Preparation","Anchor","Mercury Hourglass"],"acts_visited":["Exordium","TheCity","TheBeyond"],"potions_floor_usage":[16,16,24,33,50,50],"damage_taken":[{"damage":0,"enemies":"Small Slimes","floor":1,"turns":2},{"damage":0,"enemies":"Cultist","floor":3,"turns":2},{"damage":0,"enemies":"Jaw Worm","floor":5,"turns":2},{"damage":1,"enemies":"Looter","floor":7,"turns":2},{"damage":9,"enemies":"Lagavulin","floor":8,"turns":4},{"damage":2,"enemies":"3 Louse","floor":11,"turns":2},{"damage":3,"enemies":"The Guardian","floor":16,"turns":5},{"damage":0,"enemies":"Spheric Guardian","floor":18,"turns":2},{"damage":1,"enemies":"Chosen","floor":20,"turns":3},{"damage":12,"enemies":"Centurion and Healer","floor":21,"turns":3},{"damage":27,"enemies":"Slavers","floor":24,"turns":2},{"damage":0,"enemies":"Snecko","floor":25,"turns":2},{"damage":0,"enemies":"Snake Plant","floor":27,"turns":2},{"damage":15,"enemies":"Book of Stabbing","floor":31,"turns":2},{"damage":18,"enemies":"Champ","floor":33,"turns":4},{"damage":8,"enemies":"Orb Walker","floor":35,"turns":3},{"damage":0,"enemies":"3 Shapes","floor":37,"turns":2},{"damage":0,"enemies":"Maw","floor":38,"turns":4},{"damage":14,"enemies":"Sphere and 2 Shapes","floor":39,"turns":4},{"damage":10,"enemies":"Giant Head","floor":41,"turns":3},{"damage":0,"enemies":"4 Shapes","floor":48,"turns":3},{"damage":0,"enemies":"Awakened One","floor":50,"turns":4}],"seed_played":"-4708070417240209333","potions_obtained":[{"floor":1,"key":"FairyPotion"},{"floor":3,"key":"FocusPotion"},{"floor":11,"key":"FearPotion"},{"floor":20,"key":"SpeedPotion"},{"floor":21,"key":"Regen Potion"},{"floor":25,"key":"Energy Potion"},{"floor":31,"key":"FearPotion"},{"floor":35,"key":"Ancient Potion"},{"floor":37,"key":"DistilledChaos"}],"is_trial":false,"path_per_floor":["M","?","M","$","M","R","M","E","T","R","M","?","R","$","R","B",null,"M","?","M","M","?","R","E","M","T","M","R","?","?","E","R","B",null,"M","?","M","M","M","R","E","R","T","T","?","$","R","M","R","B",null],"character_chosen":"DEFECT","items_purchased":["Storm","Beam Cell","PreservedInsect","Heatsinks","Anchor","Storm","Coolheaded","Metamorphosis"],"campfire_rested":1,"item_purchase_floors":[4,4,14,14,46,46,46,46],"current_hp_per_floor":[86,86,86,86,86,86,85,76,76,76,74,74,74,74,74,71,86,86,86,85,73,73,73,46,46,46,46,46,46,46,31,86,68,86,78,70,70,70,56,56,46,46,46,46,46,67,67,67,67,67],"gold":540,"neow_bonus":"TEN_PERCENT_HP_BONUS","is_daily":false,"chose_seed":false,"campfire_upgraded":10,"win_rate":0.0,"timestamp":1609771476,"path_taken":["M","?","M","?","M","R","?","E","T","R","M","?","R","$","R","BOSS","M","?","M","M","?","R","E","M","T","M","R","?","?","E","R","BOSS","M","?","M","M","M","R","E","R","T","?","?","?","R","M","R","BOSS"],"items_purchased_type":["Card","Card","Relic","Card","Relic","Card","Card","Card"],"build_version":"2020-12-22","purchased_purges":0,"victory":true,"max_hp_per_floor":[86,86,86,86,86,86,86,86,86,86,86,86,86,86,86,86,86,86,86,86,86,86,86,86,86,86,86,86,86,86,86,86,86,86,86,86,86,86,86,86,86,86,86,86,86,86,86,86,86,86],"card_choices":[{"not_picked":["Beam Cell","Compile Driver"],"picked":"Streamline","floor":1},{"not_picked":["Melter","Reprogram"],"picked":"Redo","floor":3},{"not_picked":["Compile Driver","Gash"],"picked":"Capacitor","floor":5},{"not_picked":["Barrage","Steam Power"],"picked":"Aggregate","floor":7},{"not_picked":["Go for the Eyes+1","Leap"],"picked":"Sunder","floor":8},{"not_picked":["Ball Lightning","Core Surge"],"picked":"Turbo","floor":8},{"not_picked":["Darkness","Turbo"],"picked":"Sweeping Beam","floor":11},{"not_picked":["Buffer","All For One"],"picked":"Echo Form","floor":16},{"not_picked":["Redo","Rebound"],"picked":"Skim+1","floor":18},{"not_picked":["Tempest+1","Turbo+1"],"picked":"Defragment+1","floor":20},{"not_picked":["Static Discharge+1","Melter"],"picked":"Redo+1","floor":21},{"not_picked":["Compile Driver","Tempest"],"picked":"Chill+1","floor":24},{"not_picked":["Steam+1","Go for the Eyes+1"],"picked":"Conserve Battery+1","floor":25},{"not_picked":["Coolheaded","Hologram+1"],"picked":"Compile Driver+1","floor":27},{"not_picked":["Turbo","Aggregate"],"picked":"Thunder Strike","floor":31},{"not_picked":["Go for the Eyes","Recycle+1"],"picked":"Streamline+1","floor":32},{"not_picked":["Seek","Multi-Cast"],"picked":"Biased Cognition","floor":33},{"not_picked":["Barrage+1","Hologram"],"picked":"Storm","floor":35},{"not_picked":["Blizzard+1","Go for the Eyes"],"picked":"Steam+1","floor":35},{"not_picked":["Stack","Streamline+1"],"picked":"Conserve Battery+1","floor":37},{"not_picked":["Beam Cell","Steam","Melter"],"picked":"SKIP","floor":37},{"not_picked":["Go for the Eyes+1","Stack+1"],"picked":"Force Field+1","floor":38},{"not_picked":["Reprogram+1","Rip and Tear+1"],"picked":"Compile Driver+1","floor":38},{"not_picked":["Sunder+1","Sweeping Beam+1"],"picked":"Hello World+1","floor":39},{"not_picked":["Static Discharge+1","Conserve Battery+1"],"picked":"Amplify","floor":39},{"not_picked":["Reboot","Steam Power+1"],"picked":"Defragment+1","floor":41},{"not_picked":["Rebound+1","Stack+1"],"picked":"Turbo+1","floor":48},{"not_picked":["Go for the Eyes","Leap+1","Beam Cell+1"],"picked":"SKIP","floor":48}],"player_experience":47348,"relics_obtained":[{"floor":3,"key":"Oddly Smooth Stone"},{"floor":5,"key":"Art of War"},{"floor":8,"key":"Sundial"},{"floor":9,"key":"DataDisk"},{"floor":9,"key":"Dream Catcher"},{"floor":16,"key":"Dead Branch"},{"floor":24,"key":"MealTicket"},{"floor":24,"key":"Centennial Puzzle"},{"floor":26,"key":"Tiny Chest"},{"floor":26,"key":"Regal Pillow"},{"floor":27,"key":"MawBank"},{"floor":31,"key":"Bronze Scales"},{"floor":31,"key":"Omamori"},{"floor":33,"key":"Prayer Wheel"},{"floor":41,"key":"Whetstone"},{"floor":41,"key":"CaptainsWheel"},{"floor":43,"key":"Happy Flower"},{"floor":43,"key":"Juzu Bracelet"},{"floor":44,"key":"Smiling Mask"},{"floor":44,"key":"Bag of Preparation"},{"floor":48,"key":"Mercury Hourglass"}],"event_choices":[{"damage_healed":0,"gold_gain":0,"player_choice":"1 cards matched","damage_taken":0,"max_hp_gain":0,"max_hp_loss":0,"event_name":"Match and Keep!","floor":2,"gold_loss":0,"cards_obtained":["Machine Learning"]},{"damage_healed":0,"gold_gain":0,"player_choice":"Grow","damage_taken":0,"max_hp_gain":0,"max_hp_loss":0,"event_name":"Living Wall","floor":12,"gold_loss":0,"cards_upgraded":["Capacitor"]},{"damage_healed":0,"gold_gain":0,"player_choice":"Obtained Relic","damage_taken":0,"relics_obtained":["Letter Opener"],"max_hp_gain":0,"max_hp_loss":0,"event_name":"Addict","floor":19,"gold_loss":85},{"cards_removed":["Strike_B"],"damage_healed":0,"gold_gain":0,"player_choice":"Gave Gold","damage_taken":0,"max_hp_gain":0,"max_hp_loss":0,"event_name":"Beggar","floor":22,"gold_loss":75},{"cards_removed":["Strike_B"],"damage_healed":0,"gold_gain":0,"player_choice":"Elegance","damage_taken":0,"max_hp_gain":0,"max_hp_loss":0,"event_name":"Back to Basics","floor":29,"gold_loss":0},{"damage_healed":0,"gold_gain":99,"player_choice":"Stole From Cult","damage_taken":0,"max_hp_gain":0,"max_hp_loss":0,"event_name":"Nest","floor":30,"gold_loss":0},{"damage_healed":0,"gold_gain":0,"player_choice":"Damaged","damage_taken":8,"max_hp_gain":0,"max_hp_loss":0,"event_name":"Wheel of Change","floor":36,"gold_loss":0},{"damage_healed":0,"gold_gain":0,"player_choice":"Bought 0 Potions","damage_taken":0,"max_hp_gain":0,"max_hp_loss":0,"event_name":"The Woman in Blue","floor":45,"gold_loss":0}],"is_beta":false,"boss_relics":[{"not_picked":["FrozenCore","Fusion Hammer"],"picked":"Black Star"},{"not_picked":["Runic Pyramid","SacredBark"],"picked":"Empty Cage"}],"items_purged_floors":[],"is_endless":false,"potions_floor_spawned":[1,3,11,20,21,25,31,35,37,38,39],"ascension_level":0}}