{"host":"zit9o0ax6c2l3y2b","time":1609718959,"event":{"mods":["Aspiration","BaseMod","Colored Map","Conspire","Downfall","Glutton Mod","Hermit","Hubris","Infinite Spire","Minty Spire (QoL Compilation)","Random Character Button","Relic Filter","Replay The Spire","Shade Mod","Shop Mod","StSLib","The Construct","The Cursed","The Disciple","The Runesmith","TheArtist"],"gold_per_floor":[111,122,102,114,132,159,159,170,193,223,236,251,270,285,285,385,385,395,395,395,74,87,117,117,117,117,117,150,150,180,196,196,297,297,315,315,330,330,174,201,201,220,243,269,269,296,296,41,41,41],"floor_reached":51,"playtime":3343,"items_purged":["Writhe"],"score":1011,"play_id":"da4ecfb8-423b-49fe-bb59-b2c9c2e78265","local_time":"20210103190919","is_ascension_mode":true,"campfire_choices":[{"data":"hermit:Determination","floor":7,"key":"SMITH"},{"floor":15,"key":"REST"},{"data":"hubris:DuctTapeCard","floor":29,"key":"SMITH"},{"data":"hermit:Covet","floor":32,"key":"SMITH"},{"data":"ReplayTheSpireMod:Haul","floor":41,"key":"SMITH"},{"floor":45,"key":"REST"},{"floor":47,"key":"REST"},{"data":"hermit:Reprieve","floor":49,"key":"SMITH"}],"circlet_count":0,"master_deck":["hermit:Strike_Hermit+1","hermit:Strike_Hermit+1","hermit:Strike_Hermit+1","hermit:Defend_Hermit+1","hermit:Defend_Hermit+1","hermit:Defend_Hermit+1","hermit:Defend_Hermit+1","hermit:Snapshot+1","hermit:Covet+1","hermit:HoleUp","hermit:Desperado","hermit:Misfire","hermit:Determination+1","hermit:Dive","hermit:Gambit+1","AbeCurse","hermit:LowProfile+1","hubris:DuctTapeCard+2","hermit:EyeOfTheStorm+1","hermit:Gestalt","hermit:FromBeyond+1","hermit:Virtue","ReplayTheSpireMod:Haul+1","hermit:Purgatory","hermit:Reprieve+1","hubris:EnhanceAbility+1"],"relics":["hermit:Momento","MealTicket","ReplayFunnel","Replay:Bottled Flurry","Abe\u0027s Treasure","Blue Candle","Bag of Marbles","conspire:DeflatedDodgeball","Pet Ghost","hubris:DuctTape","ReplayTheSpireMod:Ninjato","Happy Flower","Frozen Egg 2","Empty Cage","Guide Book","Centennial Puzzle","Toy Ornithopter","White Beast Statue","Ancient Tea Set"],"acts_visited":["Exordium","TheCity","TheBeyond"],"potions_floor_usage":[2,6,6,16,16,18,23,40,42,44,44,44,50,50,50],"damage_taken":[{"damage":10,"enemies":"2 Louse","floor":1,"turns":3},{"damage":10,"enemies":"infinitespire:Voidling","floor":2,"turns":5},{"damage":0,"enemies":"Cultist","floor":4,"turns":2},{"damage":7,"enemies":"Looter","floor":5,"turns":3},{"damage":18,"enemies":"Lagavulin","floor":6,"turns":5},{"damage":9,"enemies":"Blue Slaver","floor":8,"turns":3},{"damage":1,"enemies":"Replay:BlueRogue","floor":10,"turns":5},{"damage":0,"enemies":"Large Slime","floor":11,"turns":5},{"damage":11,"enemies":"Looter","floor":12,"turns":3},{"damage":9,"enemies":"Red Slaver","floor":13,"turns":3},{"damage":0,"enemies":"Large Slime","floor":14,"turns":2},{"damage":2,"enemies":"The Guardian","floor":16,"turns":12},{"damage":0,"enemies":"Shell Parasite","floor":18,"turns":3},{"damage":12,"enemies":"Chosen","floor":22,"turns":4},{"damage":19,"enemies":"conspire:SneckoGhost","floor":23,"turns":9},{"damage":0,"enemies":"Slavers","floor":28,"turns":5},{"damage":2,"enemies":"Nightmare","floor":30,"turns":8},{"damage":9,"enemies":"Snecko","floor":31,"turns":5},{"damage":8,"enemies":"conspire:MysteriousRune","floor":33,"turns":10},{"damage":0,"enemies":"Orb Walker","floor":35,"turns":2},{"damage":2,"enemies":"3 Shapes","floor":37,"turns":4},{"damage":6,"enemies":"Reptomancer","floor":40,"turns":5},{"damage":24,"enemies":"3 Darklings","floor":42,"turns":4},{"damage":30,"enemies":"R_Hoarder","floor":44,"turns":5},{"damage":23,"enemies":"Reptomancer","floor":46,"turns":5},{"damage":40,"enemies":"Donu and Deca","floor":50,"turns":8}],"seed_played":"8203461468095572592","potions_obtained":[{"floor":1,"key":"Fruit Juice"},{"floor":3,"key":"Cursed Concoction"},{"floor":4,"key":"PowerPotion"},{"floor":6,"key":"Elixir"},{"floor":12,"key":"Milkshake"},{"floor":13,"key":"ColorlessPotion"},{"floor":16,"key":"Adrenaline Potion"},{"floor":22,"key":"hermit:Tonic"},{"floor":31,"key":"Explosive Potion"},{"floor":33,"key":"AttackPotion"},{"floor":37,"key":"hermit:Tonic"},{"floor":40,"key":"Fruit Juice"},{"floor":46,"key":"Slimebound:ThreeZeroPotion"}],"is_trial":false,"path_per_floor":["M","M","?","M","M","E","R","M","T","E","M","M","M","M","R","B",null,"M","?","?","$","M","E","T","?","T","$","E","R","NM","M","R","B",null,"M","?","M","?","$","E","R","M","T","E","R","E","R","$","R","B",null],"character_chosen":"HERMIT","items_purchased":["conspire:DeflatedDodgeball","Guide Book","hubris:EnhanceAbility+1","DistilledChaos"],"campfire_rested":3,"item_purchase_floors":[21,39,48,48],"current_hp_per_floor":[65,67,67,67,60,42,42,33,33,32,32,21,12,12,36,34,80,80,80,80,80,68,49,49,49,49,64,64,64,62,53,53,45,80,80,80,78,58,73,67,67,48,48,33,58,35,60,75,75,51],"gold":41,"neow_bonus":"UPGRADE_CARD","is_daily":false,"chose_seed":false,"campfire_upgraded":5,"win_rate":0.0,"timestamp":1609718959,"path_taken":["M","M","?","M","M","E","R","M","T","E","M","M","M","?","R","BOSS","M","?","?","$","M","E","?","?","T","?","E","R","NM","M","R","BOSS","M","?","M","?","?","E","R","M","T","E","R","E","R","$","R","BOSS"],"items_purchased_type":["Relic","Relic","Card","Potion"],"build_version":"2020-12-22","purchased_purges":1,"victory":true,"max_hp_per_floor":[75,80,80,80,80,80,80,80,80,80,80,80,80,80,80,80,80,80,80,80,80,80,80,80,80,80,80,80,80,80,80,80,80,80,80,80,80,80,80,80,80,85,85,85,85,85,85,85,85,85],"card_choices":[{"not_picked":["hermit:Cheat","hermit:DeadMansHand"],"picked":"hermit:HoleUp","floor":1},{"not_picked":["hermit:Feint","hermit:WideOpen"],"picked":"hermit:Desperado","floor":2},{"not_picked":["hermit:BodyArmor","hermit:Feint"],"picked":"hermit:Misfire","floor":4},{"not_picked":["hermit:NoHoldsBarred","hermit:Roulette"],"picked":"hermit:HighCaliber","floor":5},{"not_picked":["hermit:CursedWeapon","hermit:Cheat"],"picked":"hermit:Determination","floor":6},{"not_picked":["hermit:Desperado","hermit:HighCaliber"],"picked":"hermit:Coalescence","floor":8},{"not_picked":["hermit:BodyArmor","hermit:HoleUp","hermit:EternalForm"],"picked":"SKIP","floor":10},{"not_picked":["hermit:BodyArmor","hermit:Midnight"],"picked":"hermit:Glare","floor":11},{"not_picked":["hermit:Brawl","hermit:HoleUp"],"picked":"hermit:Dive","floor":12},{"not_picked":["hermit:Vantage","hermit:Roulette","hermit:HighCaliber"],"picked":"SKIP","floor":13},{"not_picked":["hermit:Maintenance","hermit:Feint","hermit:Misfire"],"picked":"SKIP","floor":14},{"not_picked":["hermit:FromBeyond","hermit:Magnum"],"picked":"hermit:Gambit","floor":16},{"not_picked":["hermit:Malice","hermit:ItchyTrigger","hermit:CalledShot"],"picked":"SKIP","floor":18},{"not_picked":["hermit:Misfire","hermit:LoneWolf+1"],"picked":"hermit:LowProfile+1","floor":22},{"not_picked":["hermit:Shortfuse","hermit:Desperado","hermit:Deadeye"],"picked":"SKIP","floor":23},{"not_picked":["hermit:Enervate","hermit:Dive","hermit:Vantage"],"picked":"SKIP","floor":28},{"not_picked":["hermit:Cheat","hermit:Spite"],"picked":"hermit:EyeOfTheStorm+1","floor":30},{"not_picked":["hermit:Ricochet","hermit:Glare"],"picked":"hermit:Gestalt","floor":31},{"not_picked":["hermit:RoundhouseKick","hermit:FinalCanter"],"picked":"hermit:FromBeyond","floor":33},{"not_picked":["hermit:NoHoldsBarred","hermit:GhostlyPresence","hermit:Dive"],"picked":"SKIP","floor":35},{"not_picked":["hermit:Vantage","hermit:TrackingShot"],"picked":"hermit:Virtue","floor":37},{"not_picked":["Replay:Fractal Strike","infinitespire:Punishment"],"picked":"ReplayTheSpireMod:Haul","floor":38},{"not_picked":["hermit:PistolWhip","hermit:BodyArmor","hermit:ItchyTrigger+1"],"picked":"SKIP","floor":40},{"not_picked":["hermit:Quickdraw","hermit:HighCaliber+1"],"picked":"hermit:Purgatory","floor":42},{"not_picked":["hermit:Enervate+1","hermit:CalledShot+1","hermit:Malice"],"picked":"SKIP","floor":44},{"not_picked":["hermit:Manifest","hermit:WideOpen+1"],"picked":"hermit:Reprieve","floor":46}],"player_experience":443936,"relics_obtained":[{"floor":6,"key":"MealTicket"},{"floor":9,"key":"ReplayFunnel"},{"floor":10,"key":"Replay:Bottled Flurry"},{"floor":23,"key":"Pet Ghost"},{"floor":24,"key":"hubris:DuctTape"},{"floor":26,"key":"ReplayTheSpireMod:Ninjato"},{"floor":28,"key":"Happy Flower"},{"floor":30,"key":"Frozen Egg 2"},{"floor":40,"key":"Centennial Puzzle"},{"floor":43,"key":"Toy Ornithopter"},{"floor":44,"key":"White Beast Statue"},{"floor":46,"key":"Ancient Tea Set"}],"event_choices":[{"damage_healed":0,"gold_gain":0,"player_choice":"Bought 1 Potion","damage_taken":0,"max_hp_gain":0,"max_hp_loss":0,"event_name":"The Woman in Blue","floor":3,"gold_loss":0},{"damage_healed":0,"gold_gain":0,"player_choice":"Stole Relic","damage_taken":0,"relics_obtained":["Blue Candle"],"max_hp_gain":0,"max_hp_loss":0,"event_name":"Addict","floor":19,"gold_loss":0,"cards_obtained":["Shame"]},{"damage_healed":0,"gold_gain":0,"player_choice":"Opened","damage_taken":0,"relics_obtained":["Bag of Marbles"],"max_hp_gain":0,"max_hp_loss":0,"event_name":"The Mausoleum","floor":20,"gold_loss":0,"cards_obtained":["Writhe"]},{"damage_healed":0,"gold_gain":0,"player_choice":"Simplicity","damage_taken":0,"max_hp_gain":0,"max_hp_loss":0,"event_name":"Back to Basics","floor":25,"gold_loss":0,"cards_upgraded":["hermit:Strike_Hermit","hermit:Strike_Hermit","hermit:Strike_Hermit","hermit:Strike_Hermit","hermit:Defend_Hermit","hermit:Defend_Hermit","hermit:Defend_Hermit","hermit:Defend_Hermit"]},{"cards_removed":["hermit:Strike_Hermit"],"damage_healed":0,"gold_gain":0,"player_choice":"Removed Attack","damage_taken":0,"max_hp_gain":0,"max_hp_loss":0,"event_name":"Falling","floor":36,"gold_loss":0}],"is_beta":false,"boss_relics":[{"not_picked":["Runic Dome","hermit:ClaspedLocket"],"picked":"Abe\u0027s Treasure"},{"not_picked":["aspiration:DefectSkillbook","conspire:SeveredTorchhead"],"picked":"Empty Cage"}],"items_purged_floors":[21],"is_endless":false,"potions_floor_spawned":[1,4,6,12,13,16,22,31,33,37,40,46],"ascension_level":2}}