{"host":"0cnf9zf1gia27zti","time":1609727821,"event":{"mods":["BaseMod","Better Third Choice","BetterRewards","Card Forge","ChefMod","Colored Map","Colored Powertips","Conspire","Downfall","Googly Eyes","Infinite Spire","Minty Spire (QoL Compilation)","Practice Mode","Quick Restart","Replay The Spire","Shade Mod","Spicy Shops","StSLib","The Marked"],"gold_per_floor":[159,159,309,309,351,453,41,140,187,64,154,154,253,85,85,298,298,352,412,135,135,168,252,252,330,355,460,460,375,453,510,510,732,732,774,927,53,53,131,131,224,281,304,397,129,204,229,289,589,811,1042,1042,1101,1151,1253,1283,292,292,241,241,265,358,415,415,415,502,502,723,723,761,820,867,899,633,710,710,791,791,791,791,878,878,906,906,1097,1097,1123,541,585,851,890,985,985,1022,1045,1045,1186,1278,1278,1337,1337,1521,1728,1728,1728,354,451,599],"floor_reached":109,"playtime":9162,"items_purged":[],"score":8689,"play_id":"f42fd8d5-0322-4b63-8acf-2b71fb095dc8","local_time":"20210104023701","daily_mods":["SealedDeck","Heirloom","downfall:Lament","DeadlyEvents","Elite Swarm","Midas"],"is_ascension_mode":true,"campfire_choices":[{"floor":12,"key":"REST"},{"floor":15,"key":"DIG"},{"floor":24,"key":"REST"},{"floor":28,"key":"REST"},{"floor":32,"key":"REST"},{"floor":40,"key":"REST"},{"floor":58,"key":"REST"},{"floor":60,"key":"REST"},{"floor":64,"key":"REST"},{"data":"1","floor":67,"key":"LIFT"},{"floor":79,"key":"REST"},{"data":"2","floor":79,"key":"LIFT"},{"floor":82,"key":"REST"},{"data":"3","floor":82,"key":"LIFT"},{"floor":84,"key":"REST"},{"floor":93,"key":"REST"},{"floor":99,"key":"REST"},{"floor":101,"key":"REST"},{"floor":105,"key":"REST"}],"circlet_count":0,"master_deck":["AscendersBane","Redo+1","Loop+1","Gash+1","Cold Snap+1","ReplayTheSpireMod:Calculation Training+1","Crystallizer+1","BootSequence+1","Glacier+1","Leap+1","Auto Shields+1","Leap+1","Crystallizer+1","Gash+1","Replay:SS_hec_2+1","expansioncontent:DashGenerateEvil+1","Echo Form+1","Machine Learning+1","Machine Learning+1","Machine Learning+1","Creative AI+1","Electrodynamics+1","Machine Learning+1","Gash+1","Heatsinks+1","Echo Form+1","Electrodynamics+1","ReplayRNGCard+1","Reboot+1","Amplify+1","Core Surge+1","Storm+1","Meteor Strike+1","Multi-Cast+1","Self Repair+1","Mirror Shield+1","ReplayTheSpireMod:Dual Polarity+1","ReplayTheSpireMod:Calculation Training+1","Panic Button+1","Redo+1","Rainbow+1","infinitespire:SevenWalls+1","Mirror Shield+1","Defragment+1","Self Repair+1","Defragment+1","Creative AI+1","Double Energy+1","Multi-Cast+1","Creative AI+1","Storm+1","Panic Button+1","Fission+1","Panic Button+1","Electrodynamics+1","Reinforced Body+1","Panic Button+1","Heatsinks+1","Meteor Strike+1","Storm+1","BasicCrystalCard+1","Creative AI+1","Mirror Shield+1","infinitespire:Collect+1","Meteor Strike+1","Reboot+1","ReplayRNGCard+1","Echo Form+1","Loop+1","ReplayTheSpireMod:Calculation Training+1","Self Repair+1","Loop+1","Self Repair+1","conspire:SharedLibrary+1","Machine Learning+1","Crystallizer+1","Loop+1","Loop+1","Crystallizer+1","infinitespire:UltimateForm+1","infinitespire:Oblivion+1","Echo Form+1","Pot Of Greed+1","Pot Of Greed+1","Pot Of Greed+1","Pot Of Greed+1","Pot Of Greed+1","Pot Of Greed+1","Pot Of Greed+1","Seek+1","Buffer+1","Pot Of Greed+1","Electrodynamics+1","Echo Form+1","Mayhem+1","Replay:SS_hec_2+1","Reboot+1","Buffer"],"relics":["Cracked Core","Hammer of Thor","Seething Fire","Anvil of the Gods","NeowsBlessing","Ring of Chaos","infinitespire:Golems Mask","Replay:Rubber Ducky","infinitespire:Magic Flask","MealTicket","Prayer Wheel","Snack Pack","infinitespire:Lucky Rock","Replay:Baseball","Happy Flower","expansioncontent:StudyCardRelic","Replay:Wax Seal","Potion Belt","The Courier","Replay:Towering Pillar of Hats","Bag of Preparation","Letter Opener","StrikeDummy","Bottled Flame","conspire:RoyalGoblet","infinitespire:Joker Card","sneckomod:BlankCard","Prayer Wheel","ReplayTheSpireMod:CursedCoin","Lantern","Symbiotic Virus","Incense Burner","Turnip","Toy Ornithopter","HornCleat","Pen Nib","Gambling Chip","Anchor","PreservedInsect","conspire:GlowingRock","Bronze Scales","Unceasing Top","Inserter","NeowsBlessing","Ring of Chaos","conspire:DecoderRing","ReplayFunnel","CeramicFish","Raider\u0027s Mask","Cables","Mercury Hourglass","Mummified Hand","Replay:Antivirus Software","War Paint","Girya","Prayer Wheel","Nuclear Battery","Prayer Wheel","infinitespire:Beetle Shell","infinitespire:PuzzleCube","Garlic","Quantum Egg","Onion Ring","Prayer Wheel","Omamori","Replay:Kaleidoscope","Replay:Arrowhead","hexamod:BolsterEngine","Akabeko","Grinning Jar","Bag of Marbles","Replay:Accelerometer","Philosopher\u0027s Stone","Du-Vu Doll","infinitespire:Satchel","infinitespire:BottledMercury","Pear","Guardian:PocketSentry"],"acts_visited":["Exordium","TheCity","TheBeyond","Exordium","TheCity","TheBeyond","TheEnding"],"potions_floor_usage":[16,16,25,31,33,42,49,50,50,77,77,77,89,103,103,103,108],"damage_taken":[{"damage":0,"enemies":"Small Slimes","floor":1,"turns":1},{"damage":0,"enemies":"2 Louse","floor":5,"turns":1},{"damage":0,"enemies":"Gremlin Nob","floor":6,"turns":1},{"damage":0,"enemies":"Lagavulin","floor":8,"turns":5},{"damage":0,"enemies":"3 Sentries","floor":11,"turns":8},{"damage":0,"enemies":"Lagavulin","floor":13,"turns":6},{"damage":0,"enemies":"Fading Forest","floor":16,"turns":10},{"damage":0,"enemies":"Spheric Guardian","floor":18,"turns":4},{"damage":0,"enemies":"Chosen","floor":19,"turns":5},{"damage":0,"enemies":"Snake Plant","floor":22,"turns":4},{"damage":0,"enemies":"Book of Stabbing","floor":23,"turns":5},{"damage":12,"enemies":"Slavers","floor":25,"turns":3},{"damage":0,"enemies":"Gremlin Leader","floor":27,"turns":6},{"damage":0,"enemies":"Nightmare","floor":30,"turns":6},{"damage":0,"enemies":"Shelled Parasite and Fungi","floor":31,"turns":4},{"damage":0,"enemies":"Automaton","floor":33,"turns":6},{"damage":0,"enemies":"Orb Walker","floor":35,"turns":3},{"damage":0,"enemies":"2 Orb Walkers","floor":36,"turns":4},{"damage":0,"enemies":"Reptomancer","floor":39,"turns":4},{"damage":0,"enemies":"R_Hoarder","floor":41,"turns":3},{"damage":0,"enemies":"3 Darklings","floor":42,"turns":1},{"damage":0,"enemies":"Reptomancer","floor":44,"turns":2},{"damage":0,"enemies":"Mind Bloom Boss Battle","floor":46,"turns":4},{"damage":0,"enemies":"Jaw Worm Horde","floor":48,"turns":1},{"damage":0,"enemies":"infinitespire:Three Voidlings","floor":49,"turns":1},{"damage":0,"enemies":"Nightmare_Alpha","floor":49,"turns":5},{"damage":0,"enemies":"Donu and Deca","floor":50,"turns":5},{"damage":50,"enemies":"Awakened One","floor":51,"turns":8},{"damage":0,"enemies":"Jaw Worm","floor":53,"turns":1},{"damage":0,"enemies":"3 Sentries","floor":55,"turns":1},{"damage":0,"enemies":"2 Louse","floor":56,"turns":1},{"damage":0,"enemies":"Gremlin Nob","floor":62,"turns":1},{"damage":0,"enemies":"Small Slimes","floor":63,"turns":1},{"damage":0,"enemies":"Lagavulin","floor":66,"turns":1},{"damage":0,"enemies":"The Guardian","floor":68,"turns":3},{"damage":0,"enemies":"Shell Parasite","floor":70,"turns":1},{"damage":0,"enemies":"2 Thieves","floor":71,"turns":1},{"damage":0,"enemies":"Sentry and Sphere","floor":72,"turns":1},{"damage":0,"enemies":"Snake Plant","floor":73,"turns":1},{"damage":0,"enemies":"Book of Stabbing","floor":75,"turns":1},{"damage":57,"enemies":"Nightmare_Alpha","floor":77,"turns":5},{"damage":0,"enemies":"Book of Stabbing","floor":81,"turns":1},{"damage":0,"enemies":"Centurion and Healer","floor":83,"turns":1},{"damage":0,"enemies":"conspire:MysteriousRune","floor":85,"turns":1},{"damage":0,"enemies":"3 Shapes","floor":87,"turns":3},{"damage":0,"enemies":"3 Darklings","floor":89,"turns":1},{"damage":0,"enemies":"infinitespire:Three Voidlings","floor":90,"turns":1},{"damage":58,"enemies":"Nightmare_Alpha","floor":90,"turns":4},{"damage":0,"enemies":"4 Shapes","floor":91,"turns":1},{"damage":0,"enemies":"Nightmare","floor":92,"turns":1},{"damage":0,"enemies":"Jaw Worm Horde","floor":94,"turns":1},{"damage":0,"enemies":"Reptomancer","floor":97,"turns":1},{"damage":0,"enemies":"R_Hoarder","floor":98,"turns":2},{"damage":0,"enemies":"Giant Head","floor":100,"turns":1},{"damage":0,"enemies":"infinitespire:MassOfShapes","floor":102,"turns":1},{"damage":0,"enemies":"Donu and Deca","floor":103,"turns":2},{"damage":0,"enemies":"Shield and Spear","floor":107,"turns":1},{"damage":0,"enemies":"The Heart","floor":108,"turns":6}],"seed_played":"523353681941203202","potions_obtained":[{"floor":1,"key":"Reflective Coating"},{"floor":6,"key":"EssenceOfSteel"},{"floor":23,"key":"AttackPotion"},{"floor":25,"key":"SteroidPotion"},{"floor":30,"key":"AttackPotion"},{"floor":31,"key":"Energy Potion"},{"floor":33,"key":"Fire Potion"},{"floor":39,"key":"PowerPotion"},{"floor":41,"key":"SkillPotion"},{"floor":44,"key":"BlessingOfTheForge"},{"floor":46,"key":"SpeedPotion"},{"floor":48,"key":"EssenceOfSteel"},{"floor":62,"key":"Adrenaline Potion"},{"floor":63,"key":"Slimebound:ThreeZeroPotion"},{"floor":68,"key":"Strength Potion"},{"floor":81,"key":"Adrenaline Potion"},{"floor":85,"key":"Swift Potion"},{"floor":89,"key":"DuplicationPotion"},{"floor":90,"key":"Explosive Potion"},{"floor":103,"key":"Dexterity Potion"},{"floor":108,"key":"Doom Potion"}],"is_trial":true,"path_per_floor":["M","?","?","?","M","E","$","E","T","$","E","R","E","$","R_BF","B",null,"M","M","$","?","M","E","R","E","T","E","R","?","NM","M","R","B",null,"M","?","$","T","E","R","E","M","T","E","$","?","T","M","R_BF","B","B",null,"M","?","E","M","$","R","$","R","T","E","M","R","?","E","R","B",null,"M","M","M","M","$","E","?","NM","T","R","T","E","R","M","R","B",null,"M","$","M","?","M","NM","R","M","T","T","E","E","R","E","R","B","B",null,"R","$","E","B",null],"character_chosen":"DEFECT","items_purchased":["Crystallizer","Gash","Replay:SS_hec_2","expansioncontent:DashGenerateEvil","Machine Learning","Replay:Baseball","Replay:Wax Seal","Heatsinks+1","Potion Belt","Storm","sneckomod:BlankCard","Prayer Wheel","ReplayTheSpireMod:CursedCoin","Lantern","Symbiotic Virus","Incense Burner","Anchor","PreservedInsect","ReplayFunnel","CeramicFish","Raider\u0027s Mask","Cables","Mercury Hourglass","Mummified Hand","Defragment","Heatsinks","Meteor Strike","Storm","BasicCrystalCard","Omamori","Self Repair","Loop","Self Repair","conspire:SharedLibrary","Machine Learning","Crystallizer","Loop","Loop","Crystallizer","Mayhem","Replay:SS_hec_2","Du-Vu Doll","infinitespire:Satchel","infinitespire:BottledMercury","Pear"],"campfire_rested":15,"item_purchase_floors":[7,7,7,7,10,14,20,20,20,37,37,37,37,37,37,37,45,45,57,57,57,57,57,57,59,74,74,74,74,88,88,88,88,88,88,88,88,88,88,106,106,106,106,106,106],"current_hp_per_floor":[64,64,64,64,64,64,64,64,64,71,71,71,71,71,71,71,71,71,71,71,71,71,71,71,61,61,61,71,71,71,71,71,71,71,71,71,71,71,71,71,71,71,71,71,71,71,71,71,71,71,53,67,67,60,60,60,71,71,71,71,71,71,71,71,71,71,71,71,71,71,71,71,71,71,71,51,29,29,51,51,51,73,76,76,76,76,76,76,76,18,18,18,40,40,40,40,40,50,72,72,76,76,76,76,76,86,86,86],"gold":599,"neow_bonus":"","is_daily":false,"chose_seed":false,"campfire_upgraded":0,"win_rate":0.0,"timestamp":1609727821,"path_taken":["M","?","?","?","?","E","$","E","T","$","E","R","?","$","R_BF","BOSS","M","M","$","?","?","E","R","E","T","E","R","?","NM","M","R","BOSS","M","?","$","?","?","R","E","M","T","E","$","?","?","?","R_BF","BOSS","BOSS","M","?","?","M","$","R","$","R","T","E","?","R","?","?","R","BOSS","M","M","M","M","$","E","?","NM","T","R","?","E","R","?","R","BOSS","M","$","M","?","M","NM","R","M","T","?","?","E","R","E","R","BOSS","BOSS","R","$","E","BOSS"],"items_purchased_type":["Card","Card","Card","Card","Card","Relic","Relic","Card","Relic","Card","Relic","Relic","Relic","Relic","Relic","Relic","Relic","Relic","Relic","Relic","Relic","Relic","Relic","Relic","Card","Card","Card","Card","Card","Relic","Card","Card","Card","Card","Card","Card","Card","Card","Card","Card","Card","Relic","Relic","Relic","Relic"],"build_version":"2020-12-22","purchased_purges":0,"victory":true,"max_hp_per_floor":[71,71,71,71,71,71,71,71,71,71,71,71,71,71,71,71,71,71,71,71,71,71,71,71,71,71,71,71,71,71,71,71,71,71,71,71,71,71,71,71,71,71,71,71,71,71,71,71,71,71,71,71,71,71,71,71,71,71,71,71,71,71,71,71,71,71,71,71,71,71,71,71,71,71,71,76,76,76,76,76,76,76,76,76,76,76,76,76,76,76,76,76,76,76,76,76,76,76,76,76,76,76,76,76,76,86,86,86],"card_choices":[{"not_picked":["Go for the Eyes","Panic Button"],"picked":"Leap","floor":1},{"not_picked":["Darkness","Barrage","Force Field"],"picked":"SKIP","floor":5},{"not_picked":["Core Surge","ReplayTheSpireMod:Omega Cannon"],"picked":"ReplayTheSpireMod:Fabricate Wheel","floor":6},{"not_picked":["Meteor Strike","Fission"],"picked":"Echo Form","floor":8},{"not_picked":["Thunder Strike","Biased Cognition"],"picked":"Creative AI","floor":11},{"not_picked":["Amplify","All For One"],"picked":"Electrodynamics","floor":13},{"not_picked":["ReplayTheSpireMod:Omega Cannon","Thunder Strike"],"picked":"Machine Learning","floor":16},{"not_picked":["Hologram","Turbo"],"picked":"Gash","floor":18},{"not_picked":["FIFO Queue+1","Stack"],"picked":"Glacier","floor":18},{"not_picked":["Hologram","Cold Snap","Undo"],"picked":"SKIP","floor":19},{"not_picked":["Beam Cell","Gash","Genetic Algorithm"],"picked":"SKIP","floor":19},{"not_picked":["Beam Cell","Compile Driver","Aggregate"],"picked":"SKIP","floor":22},{"not_picked":["ReplayTheSpireMod:Repulse","Steam","Redo"],"picked":"SKIP","floor":22},{"not_picked":["Hyperbeam","Thunder Strike"],"picked":"Echo Form","floor":23},{"not_picked":["Biased Cognition","Rainbow"],"picked":"Electrodynamics","floor":25},{"not_picked":["Mirror Shield","Electrodynamics"],"picked":"ReplayRNGCard","floor":27},{"not_picked":["Buffer","ReplayTheSpireMod:Omega Cannon"],"picked":"Reboot","floor":30},{"not_picked":["ReplaySort","Streamline","Rebound"],"picked":"SKIP","floor":31},{"not_picked":["Streamline","Barrage","Ball Lightning"],"picked":"SKIP","floor":31},{"not_picked":["Machine Learning","Biased Cognition"],"picked":"Amplify","floor":33},{"not_picked":["Conserve Battery","Blizzard","ReplayTheSpireMod:Reroute Power"],"picked":"SKIP","floor":35},{"not_picked":["Stack","BasicCrystalCard","Hologram"],"picked":"SKIP","floor":35},{"not_picked":["Gash","Conserve Battery+1"],"picked":"Core Surge","floor":36},{"not_picked":["ReplayTheSpireMod:Omega Cannon","Core Surge"],"picked":"Meteor Strike","floor":39},{"not_picked":["Hyperbeam","Seek"],"picked":"Multi-Cast","floor":41},{"not_picked":["Go for the Eyes","Conserve Battery+1"],"picked":"Self Repair+1","floor":42},{"not_picked":["ReplaySort","Leap+1","Rip and Tear+1"],"picked":"SKIP","floor":42},{"not_picked":["Reprogram","ReplaySolidLightProjector","Glacier"],"picked":"SKIP","floor":42},{"not_picked":["Thunder Strike","Rainbow"],"picked":"Mirror Shield","floor":44},{"not_picked":["Cold Snap","Steam"],"picked":"ReplayTheSpireMod:Dual Polarity+1","floor":46},{"not_picked":["Conserve Battery","Turbo"],"picked":"ReplayTheSpireMod:Calculation Training","floor":48},{"not_picked":["Sweeping Beam","Storm"],"picked":"Panic Button","floor":48},{"not_picked":["Conserve Battery+1","ReplayGash","Cold Snap"],"picked":"SKIP","floor":48},{"not_picked":["Gash","Leap"],"picked":"Redo","floor":49},{"not_picked":["Hyperbeam","Thunder Strike"],"picked":"Rainbow","floor":50},{"not_picked":["infinitespire:FinalStrike","infinitespire:Menacing"],"picked":"infinitespire:SevenWalls","floor":51},{"not_picked":["Buffer","ReplayTheSpireMod:Omega Cannon"],"picked":"ReplayTheSpireMod:Fabricate Wheel","floor":51},{"not_picked":["BasicCrystalCard","Go for the Eyes","Steam"],"picked":"SKIP","floor":53},{"not_picked":["Cold Snap","Conserve Battery","Gash"],"picked":"SKIP","floor":53},{"not_picked":["ReplaySolidLightProjector","Time Bomb","conspire:SharedLibrary"],"picked":"SKIP","floor":53},{"not_picked":["All For One","Multi-Cast"],"picked":"Mirror Shield","floor":55},{"not_picked":["Conserve Battery","Panic Button"],"picked":"Defragment","floor":56},{"not_picked":["Go for the Eyes","Gash"],"picked":"Self Repair","floor":56},{"not_picked":["BasicCrystalCard","ReplaySolidLightProjector","Blizzard"],"picked":"SKIP","floor":56},{"not_picked":["Rainbow","Mirror Shield"],"picked":"Creative AI","floor":62},{"not_picked":["Turbo","conspire:SharedLibrary"],"picked":"Double Energy","floor":63},{"not_picked":["Conserve Battery","Ball Lightning","Gash"],"picked":"SKIP","floor":63},{"not_picked":["Redo","ReplayGash","Static Discharge"],"picked":"SKIP","floor":63},{"not_picked":["Multi-Cast","Amplify"],"picked":"ReplayTheSpireMod:Fabricate Wheel","floor":66},{"not_picked":["Reboot","ReplayTheSpireMod:Omega Cannon"],"picked":"Creative AI","floor":68},{"not_picked":["Cold Snap","ReplayTheSpireMod:Repulse"],"picked":"Storm","floor":70},{"not_picked":["ReplaySort","Conserve Battery","Coolheaded"],"picked":"SKIP","floor":70},{"not_picked":["Blizzard","Recycle","Skim"],"picked":"SKIP","floor":70},{"not_picked":["Redo","Hologram","Barrage"],"picked":"SKIP","floor":70},{"not_picked":["Aggregate","Conserve Battery"],"picked":"Panic Button","floor":71},{"not_picked":["Stack","Steam+1"],"picked":"Fission","floor":71},{"not_picked":["BasicCrystalCard","Conserve Battery"],"picked":"Panic Button","floor":71},{"not_picked":["Steam Power","Gash"],"picked":"Electrodynamics","floor":71},{"not_picked":["Conserve Battery","BootSequence+1"],"picked":"Reinforced Body","floor":72},{"not_picked":["Go for the Eyes","Leap"],"picked":"Panic Button","floor":72},{"not_picked":["Reprogram","Coolheaded","Recycle"],"picked":"SKIP","floor":72},{"not_picked":["Compile Driver","Leap","ReplaySort"],"picked":"SKIP","floor":72},{"not_picked":["Ball Lightning","ReplayTheSpireMod:GoodbyeWorld","Turbo"],"picked":"SKIP","floor":73},{"not_picked":["Sweeping Beam","Compile Driver","Barrage"],"picked":"SKIP","floor":73},{"not_picked":["ReplaySolidLightProjector","Hyperbeam","Barrage"],"picked":"SKIP","floor":73},{"not_picked":["BootSequence+1","Conserve Battery","Barrage"],"picked":"SKIP","floor":73},{"not_picked":["Seek","All For One"],"picked":"Mirror Shield","floor":75},{"not_picked":["ReplayTheSpireMod:Echoes of Time","infinitespire:SealOfDarkness+"],"picked":"infinitespire:Collect","floor":77},{"not_picked":["Rainbow","All For One"],"picked":"Meteor Strike","floor":77},{"not_picked":["All For One","Multi-Cast"],"picked":"Reboot","floor":81},{"not_picked":["Rebound","Beam Cell","Panic Button"],"picked":"SKIP","floor":83},{"not_picked":["Compile Driver","Rebound","Coolheaded"],"picked":"SKIP","floor":83},{"not_picked":["Sweeping Beam","Steam","ReplayTheSpireMod:Repulse"],"picked":"SKIP","floor":83},{"not_picked":["ReplaySolidLightProjector","BasicCrystalCard","Coolheaded"],"picked":"SKIP","floor":83},{"not_picked":["FIFO Queue","Scrape","Panic Button"],"picked":"SKIP","floor":83},{"not_picked":["Rainbow","Seek"],"picked":"Echo Form","floor":85},{"not_picked":["Ball Lightning","Steam"],"picked":"Loop","floor":87},{"not_picked":["Coolheaded","ReplaySort"],"picked":"ReplayTheSpireMod:Calculation Training","floor":87},{"not_picked":["Gash","Ball Lightning","Darkness+1"],"picked":"SKIP","floor":87},{"not_picked":["Sweeping Beam","Chaos","BasicCrystalCard"],"picked":"SKIP","floor":87},{"not_picked":["Scrape+1","Ball Lightning","BasicCrystalCard+1"],"picked":"SKIP","floor":87},{"not_picked":["Beam Cell","Compile Driver","Streamline"],"picked":"SKIP","floor":87},{"not_picked":["Chill","Rip and Tear","Hologram"],"picked":"SKIP","floor":89},{"not_picked":["Beam Cell","Turbo","Capacitor"],"picked":"SKIP","floor":89},{"not_picked":["Steam Power","ReplaySolidLightProjector","Leap"],"picked":"SKIP","floor":89},{"not_picked":["Gash","ReplayTheSpireMod:Dual Polarity+1","Core Surge"],"picked":"SKIP","floor":89},{"not_picked":["Gash","Cold Snap","Self Repair"],"picked":"SKIP","floor":89},{"not_picked":["Rip and Tear","Coolheaded","Steam"],"picked":"SKIP","floor":89},{"not_picked":["infinitespire:Oblivion","infinitespire:Punishment"],"picked":"infinitespire:UltimateForm","floor":90},{"not_picked":["Rip and Tear+1","Beam Cell+1","Leap"],"picked":"SKIP","floor":91},{"not_picked":["Compile Driver","Steam+1","Sweeping Beam"],"picked":"SKIP","floor":91},{"not_picked":["Reprogram","BootSequence","Scrape"],"picked":"SKIP","floor":91},{"not_picked":["Chaos","Beam Cell+1","Rebound"],"picked":"SKIP","floor":91},{"not_picked":["Redo","Stack","Compile Driver"],"picked":"SKIP","floor":91},{"not_picked":["Chaos","FIFO Queue","Streamline"],"picked":"SKIP","floor":91},{"not_picked":["ReplayTheSpireMod:Echoes of Time","ReplayTheSpireMod:Black Plague"],"picked":"infinitespire:Oblivion","floor":92},{"not_picked":["ReplayRNGCard","Thunder Strike"],"picked":"Echo Form","floor":92},{"not_picked":["Cold Snap","Rebound","Consume"],"picked":"SKIP","floor":94},{"not_picked":["Self Repair+1","Darkness","Conserve Battery"],"picked":"SKIP","floor":94},{"not_picked":["Steam+1","Melter","Streamline"],"picked":"SKIP","floor":94},{"not_picked":["BasicCrystalCard","Streamline","Force Field+1"],"picked":"SKIP","floor":94},{"not_picked":["Capacitor","Leap+1","Scrape"],"picked":"SKIP","floor":94},{"not_picked":["Compile Driver","Barrage+1","BasicCrystalCard"],"picked":"SKIP","floor":94},{"not_picked":["Rainbow","Electrodynamics"],"picked":"Seek","floor":97},{"not_picked":["Multi-Cast","Hyperbeam"],"picked":"Buffer","floor":98},{"not_picked":["Rainbow","Multi-Cast"],"picked":"Electrodynamics","floor":100},{"not_picked":["Electrodynamics","Biased Cognition"],"picked":"Echo Form","floor":102},{"not_picked":["ReplayRNGCard","ReplayTheSpireMod:Omega Cannon"],"picked":"Reboot","floor":107},{"not_picked":["Multi-Cast","Reboot"],"picked":"Buffer","floor":108}],"player_experience":2986659,"relics_obtained":[{"floor":6,"key":"Replay:Rubber Ducky"},{"floor":8,"key":"infinitespire:Magic Flask"},{"floor":9,"key":"MealTicket"},{"floor":11,"key":"Snack Pack"},{"floor":13,"key":"infinitespire:Lucky Rock"},{"floor":15,"key":"Happy Flower"},{"floor":23,"key":"The Courier"},{"floor":25,"key":"Replay:Towering Pillar of Hats"},{"floor":26,"key":"Bag of Preparation"},{"floor":27,"key":"Letter Opener"},{"floor":30,"key":"Bottled Flame"},{"floor":36,"key":"infinitespire:Joker Card"},{"floor":38,"key":"Turnip"},{"floor":39,"key":"Toy Ornithopter"},{"floor":41,"key":"HornCleat"},{"floor":43,"key":"Pen Nib"},{"floor":44,"key":"Gambling Chip"},{"floor":46,"key":"conspire:GlowingRock"},{"floor":47,"key":"Bronze Scales"},{"floor":49,"key":"Unceasing Top"},{"floor":55,"key":"conspire:DecoderRing"},{"floor":61,"key":"Replay:Antivirus Software"},{"floor":62,"key":"War Paint"},{"floor":66,"key":"Girya"},{"floor":75,"key":"infinitespire:Beetle Shell"},{"floor":77,"key":"infinitespire:PuzzleCube"},{"floor":78,"key":"Garlic"},{"floor":80,"key":"Quantum Egg"},{"floor":81,"key":"Onion Ring"},{"floor":90,"key":"Replay:Kaleidoscope"},{"floor":92,"key":"Replay:Arrowhead"},{"floor":95,"key":"hexamod:BolsterEngine"},{"floor":96,"key":"Akabeko"},{"floor":97,"key":"Grinning Jar"},{"floor":98,"key":"Bag of Marbles"},{"floor":100,"key":"Replay:Accelerometer"},{"floor":107,"key":"Guardian:PocketSentry"}],"event_choices":[{"damage_healed":0,"gold_gain":150,"player_choice":"AGREE","damage_taken":159,"max_hp_gain":0,"max_hp_loss":0,"event_name":"betterThird:BetterSerpent","floor":3,"gold_loss":0},{"damage_healed":64,"gold_gain":0,"player_choice":"Leave","damage_taken":0,"max_hp_gain":0,"max_hp_loss":71,"event_name":"betterThird:BetterShining","floor":4,"gold_loss":0},{"cards_removed":["Glacier"],"damage_healed":0,"gold_gain":0,"player_choice":"Offered Uncommon","damage_taken":0,"max_hp_gain":0,"max_hp_loss":0,"event_name":"Bonfire Elementals","floor":21,"gold_loss":0},{"damage_healed":0,"gold_gain":0,"player_choice":"Obtained Relic","damage_taken":0,"relics_obtained":["StrikeDummy"],"max_hp_gain":0,"max_hp_loss":0,"event_name":"Addict","floor":29,"gold_loss":85},{"damage_healed":0,"gold_gain":0,"player_choice":"Fight","damage_taken":0,"max_hp_gain":0,"max_hp_loss":0,"event_name":"Mysterious Sphere","floor":36,"gold_loss":0},{"damage_healed":0,"gold_gain":0,"player_choice":"Fight","damage_taken":0,"max_hp_gain":0,"max_hp_loss":0,"event_name":"MindBloom","floor":46,"gold_loss":0},{"damage_healed":0,"gold_gain":50,"player_choice":"Touch","damage_taken":7,"max_hp_gain":0,"max_hp_loss":0,"event_name":"FaceTrader","floor":54,"gold_loss":0},{"damage_healed":0,"gold_gain":0,"player_choice":"Upgraded","damage_taken":0,"max_hp_gain":0,"max_hp_loss":0,"event_name":"Upgrade Shrine","floor":65,"gold_loss":0,"cards_upgraded":["Double Energy"]},{"damage_healed":0,"gold_gain":0,"player_choice":"Shed Blood","damage_taken":25,"max_hp_gain":5,"max_hp_loss":0,"event_name":"Forgotten Altar","floor":76,"gold_loss":0}],"is_beta":false,"boss_relics":[{"not_picked":["Fusion Hammer","Ectoplasm"],"picked":"expansioncontent:StudyCardRelic"},{"not_picked":["Velvet Choker","ReplayTheSpireMod:DimensionalGlitch"],"picked":"conspire:RoyalGoblet"},{"not_picked":["conspire:SeveredTorchhead","Painkiller Herb"],"picked":"Inserter"},{"not_picked":["Sozu","Replay:Grab Bag"],"picked":"Nuclear Battery"},{"not_picked":["Snecko Eye","infinitespire:Cupcake","Astrolabe"]},{"not_picked":["FrozenCore","Replay:Drink Me"],"picked":"Philosopher\u0027s Stone"}],"items_purged_floors":[],"is_endless":true,"potions_floor_spawned":[1,6,11,23,25,30,31,33,39,41,44,46,48,49,62,63,68,70,81,85,89,90,97,98,102,103,108],"ascension_level":20}}