{"host":"cziotie8mnsl18m5","time":1609731758,"event":{"mods":["BaseMod","Minty Spire (QoL Compilation)","StSLib","The Animator","The Construct"],"gold_per_floor":[119,44,44,44,57,92,92,132,158,173,185,185,217,233,233,306,306,316,327,344,344,364,364,364],"floor_reached":23,"playtime":1282,"items_purged":[],"score":526,"play_id":"78d190ef-b761-4c78-a1e4-13d10c561fc1","local_time":"20210103224238","is_ascension_mode":true,"campfire_choices":[{"data":"animator:PinaCoLada","floor":7.0,"key":"SMITH"},{"data":"animator:KyokoSakura","floor":15.0,"key":"SMITH"}],"circlet_count":0,"master_deck":["AscendersBane","animator:Strike_MadokaMagica","animator:Defend_MadokaMagica","animator:Defend","animator:IrohaTamaki","animator:YuiTsuruno","animator:Geryuganshoop","animator:PinaCoLada+1","animator:NagisaMomoe","animator:KyokoSakura+1","animator:Ainz","animator:Arpeggio","animator:Raven"],"relics":["animator:LivingPicture","animator:TheMissingPiece","NeowsBlessing","Dream Catcher","Lantern","HornCleat","animator:CursedBlade"],"acts_visited":["Exordium","TheCity"],"potions_floor_usage":[],"damage_taken":[{"damage":0.0,"enemies":"2 Louse","floor":1.0,"turns":1.0},{"damage":0.0,"enemies":"Small Slimes","floor":5.0,"turns":1.0},{"damage":0.0,"enemies":"Lagavulin","floor":6.0,"turns":1.0},{"damage":38.0,"enemies":"3 Sentries","floor":8.0,"turns":5.0},{"damage":0.0,"enemies":"Cultist","floor":10.0,"turns":2.0},{"damage":0.0,"enemies":"Gremlin Gang","floor":11.0,"turns":6.0},{"damage":0.0,"enemies":"Lagavulin","floor":13.0,"turns":4.0},{"damage":0.0,"enemies":"Large Slime","floor":14.0,"turns":3.0},{"damage":7.0,"enemies":"Hexaghost","floor":16.0,"turns":5.0},{"damage":0.0,"enemies":"Chosen","floor":18.0,"turns":4.0},{"damage":0.0,"enemies":"Spheric Guardian","floor":19.0,"turns":2.0},{"damage":20.0,"enemies":"Shelled Parasite and Fungi","floor":20.0,"turns":3.0},{"damage":4.0,"enemies":"Chosen and Byrds","floor":22.0,"turns":5.0},{"damage":24,"enemies":"Slavers","floor":23,"turns":1}],"seed_played":"-9215127342151463090","potions_obtained":[{"floor":1.0,"key":"SkillPotion"},{"floor":5.0,"key":"Block Potion"},{"floor":13.0,"key":"LiquidBronze"},{"floor":14.0,"key":"LiquidMemories"},{"floor":16.0,"key":"AttackPotion"},{"floor":18.0,"key":"LiquidMemories"}],"is_trial":false,"path_per_floor":["M","?","?","?","M","E","R","E","T","M","M","?","E","M","R","B",null,"M","M","M","?","M","E"],"character_chosen":"THE_ANIMATOR","items_purchased":[],"campfire_rested":0,"item_purchase_floors":[],"current_hp_per_floor":[54,54,54,47,47,47,47,9,9,9,9,9,9,10,10,3,47,47,47,27,27,23,0,0],"gold":364,"neow_bonus":"THREE_ENEMY_KILL","is_daily":false,"chose_seed":false,"campfire_upgraded":2,"win_rate":0.0,"timestamp":1609731758,"path_taken":["M","?","?","?","M","E","R","E","T","M","M","?","E","M","R","BOSS","M","?","?","?","M","E"],"items_purchased_type":[],"build_version":"2020-12-22","purchased_purges":0,"victory":false,"max_hp_per_floor":[60,60,60,60,60,60,60,60,60,60,60,60,60,61,61,61,61,61,61,61,61,61,61,61],"card_choices":[{"not_picked":["animator:MetalKnight","animator:KyokoSakura"],"picked":"animator:Geryuganshoop","floor":1.0},{"not_picked":["animator:Kuribayashi","animator:Souei","animator:Chung"],"picked":"SKIP","floor":5.0},{"not_picked":["animator:Yoichi","animator:Souei","animator:MumenRider"],"picked":"SKIP","floor":6.0},{"not_picked":["animator:YuiTsuruno","animator:IrohaTamaki"],"picked":"animator:NagisaMomoe","floor":8.0},{"not_picked":["animator:MetalKnight","animator:Ara","animator:Sonic"],"picked":"SKIP","floor":10.0},{"not_picked":["animator:Entoma","animator:TukaLunaMarceau","animator:Genos"],"picked":"SKIP","floor":11.0},{"not_picked":["animator:Laby","animator:Benimaru","animator:Tyuule"],"picked":"SKIP","floor":13.0},{"not_picked":["animator:IrohaTamaki","animator:SuzuneAmano"],"picked":"animator:KyokoSakura","floor":14.0},{"not_picked":["animator:Rimuru","animator:FeridBathory"],"picked":"animator:Ainz","floor":16.0},{"not_picked":["animator:Entoma","animator:YaoHaDucy","animator:KrulTepes"],"picked":"SKIP","floor":18.0},{"not_picked":["animator:Tyuule","animator:Aisha"],"picked":"animator:Arpeggio","floor":19.0},{"not_picked":["animator:Millim","animator:Shigure","animator:Cocytus"],"picked":"SKIP","floor":20.0},{"not_picked":["animator:Elsword","animator:Add"],"picked":"animator:Raven","floor":22}],"player_experience":2574348,"relics_obtained":[{"floor":6.0,"key":"Dream Catcher"},{"floor":8.0,"key":"Lantern"},{"floor":13.0,"key":"HornCleat"}],"event_choices":[{"cards_removed":["animator:Defend"],"damage_healed":0.0,"max_hp_gain":0.0,"max_hp_loss":0.0,"gold_gain":0.0,"event_name":"The Cleric","player_choice":"Card Removal","floor":2.0,"gold_loss":75.0,"damage_taken":0.0},{"damage_healed":0.0,"max_hp_gain":0.0,"max_hp_loss":0.0,"gold_gain":0.0,"cards_transformed":["animator:Strike"],"event_name":"Living Wall","player_choice":"Change","floor":3.0,"gold_loss":0.0,"damage_taken":0.0,"cards_obtained":["animator:PinaCoLada"]},{"cards_removed":["animator:Defend"],"damage_healed":0.0,"max_hp_gain":0.0,"max_hp_loss":0.0,"gold_gain":0.0,"event_name":"Golden Wing","player_choice":"Card Removal","floor":4.0,"gold_loss":0.0,"damage_taken":7.0},{"cards_removed":["animator:Strike"],"damage_healed":0.0,"max_hp_gain":0.0,"max_hp_loss":0.0,"gold_gain":0.0,"event_name":"Bonfire Elementals","player_choice":"Offered Basic","floor":12.0,"gold_loss":0.0,"damage_taken":0.0},{"cards_removed":["animator:Strike"],"damage_healed":0.0,"max_hp_gain":0.0,"max_hp_loss":0.0,"gold_gain":0.0,"event_name":"Purifier","player_choice":"Purged","floor":21.0,"gold_loss":0.0,"damage_taken":0.0}],"is_beta":false,"boss_relics":[{"not_picked":["Busted Crown","Runic Dome"],"picked":"animator:CursedBlade"}],"items_purged_floors":[],"is_endless":false,"potions_floor_spawned":[1,5,13,14,16,18],"killed_by":"Slavers","ascension_level":20}}