{"host":"5gusigds1c3jyr99","time":1609746472,"event":{"mods":["AchievementEnabler","Arknights The Spire","Astrologer","BaseMod","CapriCore","ChefMod","GungeonMod","Hermit","Marisa£¨Ùöéë¡¡Øª×âÞÞ£©","Minty Spire (QoL Compilation)","Permanent Neow","Replay The Spire","StSLib","The Bug Knight","The Cursed","The Death Knight","The Disciple","The Dragon Tamer","The Gatherer","The Hierophant","The Immortal","The Jungle","The Poker Player","The Senshi","TheBandit","WarShipGirlsR/??á´Ò³R mod"],"gold_per_floor":[117,117,42,57,75,75,105,105,105,105,120,120,120,130,130,229,229,244,144,144,154,172,172,202,202,277,297,316,332,332,352,352,447,447,462,474,494,171,171,171,221,253,253,103,118,118,137,155,155,155],"floor_reached":51,"playtime":9735,"items_purged":["Regret","rmod:strick","rmod:strick","rmod:ammunitionsupply+1"],"score":501,"play_id":"77cd2397-cddf-4316-816e-8f23c1cd0b08","local_time":"20210104164751","is_ascension_mode":false,"campfire_choices":[{"data":"rmod:chargemoney","floor":6,"key":"SMITH"},{"data":"rmod:maingunfire","floor":8,"key":"SMITH"},{"floor":12,"key":"REST"},{"data":"rmod:tearstotiara","floor":15,"key":"SMITH"},{"data":"rmod:abidefaith","floor":23,"key":"SMITH"},{"floor":30,"key":"REST"},{"data":"rmod:saltedfish","floor":32,"key":"SMITH"},{"data":"rmod:steelsupply","floor":40,"key":"SMITH"},{"data":"rmod:expedition+1","floor":46,"key":"SMITH"}],"circlet_count":0,"master_deck":["rmod:strick+1","rmod:strick","rmod:defend","rmod:defend","rmod:basicallowance+1","rmod:maingunfire+1","rmod:desperatesituation+1","rmod:unsinkable","rmod:chargemoney+1","rmod:tearstotiara+1","rmod:abidefaith+1","rmod:mineteam","rmod:supportescort+1","rmod:fuelsupply","rmod:saltedfish+1","rmod:steelsupply+1","rmod:firesupport+1","rmod:secretscript+1","rmod:expedition+2","rmod:tearstotiara+1","rmod:aluminumsupply+1","rmod:aggressivemary+1"],"relics":["rmod:firstchargereward","Bag of Preparation","DemoMod:OrangeGuonStone","Question Card","Ring of Fury","Ring of Hypnosis","Replay:Bronze Core","Chameleon Ring","Ornamental Fan","Black Star","Lee\u0027s Waffle","Ancient Tea Set","Ice Cream","Meat on the Bone","BranchBurnRelic"],"acts_visited":["Exordium","TheCity","TheBeyond"],"potions_floor_usage":[24,28,37,50,50,50],"damage_taken":[{"damage":4,"enemies":"Small Slimes","floor":1,"turns":3},{"damage":0,"enemies":"2 Louse","floor":4,"turns":2},{"damage":13,"enemies":"Jaw Worm","floor":5,"turns":4},{"damage":16,"enemies":"HollowMod:MossKnight","floor":7,"turns":7},{"damage":0,"enemies":"Large Slime","floor":11,"turns":3},{"damage":4,"enemies":"Gremlin Gang","floor":14,"turns":3},{"damage":6,"enemies":"Fading Forest","floor":16,"turns":11},{"damage":14,"enemies":"2 Thieves","floor":18,"turns":3},{"damage":6,"enemies":"Centurion and Healer","floor":21,"turns":4},{"damage":0,"enemies":"Snake Plant","floor":22,"turns":2},{"damage":36,"enemies":"Slavers","floor":24,"turns":5},{"damage":0,"enemies":"Snecko","floor":27,"turns":4},{"damage":4,"enemies":"Centurion and Healer","floor":28,"turns":5},{"damage":0,"enemies":"Snake Plant","floor":29,"turns":2},{"damage":0,"enemies":"Snecko","floor":31,"turns":3},{"damage":36,"enemies":"Collector","floor":33,"turns":8},{"damage":1,"enemies":"3 Darklings","floor":35,"turns":8},{"damage":17,"enemies":"Orb Walker","floor":36,"turns":6},{"damage":15,"enemies":"Transient","floor":37,"turns":5},{"damage":3,"enemies":"Mind Bloom Boss Battle","floor":41,"turns":7},{"damage":42,"enemies":"Nemesis","floor":42,"turns":6},{"damage":0,"enemies":"Spire Growth","floor":45,"turns":4},{"damage":19,"enemies":"Jaw Worm Horde","floor":47,"turns":4},{"damage":27,"enemies":"Spire Growth","floor":48,"turns":5},{"damage":32,"enemies":"Replay:Hell Engine","floor":50,"turns":10}],"seed_played":"6633920297340280125","potions_obtained":[{"floor":4,"key":"DeathKnight:RimePotion"},{"floor":5,"key":"Weak Potion"},{"floor":7,"key":"Reflective Coating"},{"floor":22,"key":"SkillPotion"},{"floor":29,"key":"DemoMod:LeadSkinPotion"},{"floor":35,"key":"Death Potion"},{"floor":42,"key":"Milkshake"}],"is_trial":false,"path_per_floor":["M","?","$","M","M","R","E","R","T","?","M","R","?","M","R","B",null,"M","$","?","M","M","R","E","?","T","M","M","M","R","M","R","B",null,"M","M","M","$","?","R","?","E","T","$","M","R","M","M","R","B",null],"character_chosen":"PRAEFECT","items_purchased":["Lee\u0027s Waffle","rmod:aluminumsupply"],"campfire_rested":2,"item_purchase_floors":[38,38],"current_hp_per_floor":[71,71,71,71,58,58,42,42,42,27,27,49,49,45,45,57,75,61,61,61,55,55,55,19,19,19,19,15,15,37,37,37,1,75,74,57,42,82,58,58,55,13,13,13,25,25,30,15,39,34],"gold":155,"neow_bonus":"RANDOM_EVENT","is_daily":false,"chose_seed":false,"campfire_upgraded":7,"win_rate":0.0,"timestamp":1609746471,"path_taken":["M","?","$","M","M","R","E","R","T","?","M","R","?","M","R","BOSS","M","$","?","M","?","R","E","?","T","M","?","M","R","M","R","BOSS","M","M","M","$","?","R","?","E","T","$","M","R","M","M","R","BOSS"],"items_purchased_type":["Relic","Card"],"build_version":"2020-12-22","purchased_purges":4,"victory":true,"max_hp_per_floor":[75,75,75,75,75,75,75,75,75,75,75,75,75,75,75,75,75,75,75,75,75,75,75,75,75,75,75,75,75,75,75,75,75,75,75,75,75,82,82,82,82,82,82,82,82,82,82,82,82,82],"card_choices":[{"not_picked":["rmod:firesupport","rmod:garrisonisland","rmod:chargemoney"],"picked":"SKIP","floor":1},{"not_picked":["rmod:fuelsupply","rmod:goodfighter"],"picked":"rmod:unsinkable","floor":4},{"not_picked":["rmod:heivgo","rmod:intelligenceanalysis"],"picked":"rmod:chargemoney","floor":5},{"not_picked":["rmod:capitalist","rmod:victimresponsibility","rmod:diamondstrike"],"picked":"SKIP","floor":7},{"not_picked":["rmod:fuelsupply","rmod:fletcherpendant","rmod:aluminumsupply","rmod:heivgo"],"picked":"SKIP","floor":11},{"not_picked":["rmod:launchingtorpedo","rmod:firesupport","rmod:unsinkable"],"picked":"rmod:tearstotiara","floor":14},{"not_picked":["rmod:windflower","rmod:fletcher","rmod:highspeedmaneuver"],"picked":"rmod:abidefaith","floor":16},{"not_picked":["rmod:chargemoney","rmod:ammunitionsupply","rmod:intelligenceanalysis+1"],"picked":"rmod:mineteam","floor":18},{"not_picked":["rmod:fletcherpendant","rmod:fuelsupply","rmod:steelsupply"],"picked":"rmod:supportescort+1","floor":21},{"not_picked":["rmod:fuelsupply","rmod:ring+1","rmod:luckystar+1","rmod:unsinkable"],"picked":"SKIP","floor":22},{"not_picked":["rmod:diamondstrike+1","rmod:supportescort","rmod:launchingtorpedo"],"picked":"rmod:fuelsupply","floor":24},{"not_picked":["rmod:ammunitionsupply+1","rmod:smokecover","rmod:diamondstrike"],"picked":"rmod:saltedfish","floor":27},{"not_picked":["rmod:fuelsupply+1","rmod:unsinkable","rmod:ring"],"picked":"rmod:ammunitionsupply+1","floor":28},{"not_picked":["rmod:bulid","rmod:aluminumsupply","rmod:ammunitionsupply+1"],"picked":"rmod:steelsupply","floor":29},{"not_picked":["rmod:fletcherpendant","rmod:aluminumsupply","rmod:bulid"],"picked":"rmod:firesupport+1","floor":31},{"not_picked":["rmod:fletcher","rmod:u235","rmod:windflower"],"picked":"rmod:secretscript","floor":33},{"not_picked":["rmod:fletcherpendant","rmod:luckystar","rmod:smokecover"],"picked":"rmod:expedition","floor":35},{"not_picked":["rmod:fuelsupply+1","rmod:wolves+1","rmod:luckystar","rmod:supportescort+1"],"picked":"SKIP","floor":36},{"not_picked":["rmod:abidefaith","rmod:supportescort+1","rmod:spoils+1"],"picked":"rmod:tearstotiara+1","floor":37},{"not_picked":["rmod:rockthrower+1","rmod:circuitoustactics+1","rmod:heivgo"],"picked":"rmod:aggressivemary","floor":41},{"not_picked":["rmod:saltedfish","rmod:aluminumsupply+1","rmod:ammunitionsupply+1","rmod:goodfighter"],"picked":"SKIP","floor":42},{"not_picked":["rmod:tearstotiara+1","rmod:ammunitionsupply","rmod:expedition+1","rmod:robin+1"],"picked":"SKIP","floor":45},{"not_picked":["rmod:salvage","rmod:rockthrower+1","rmod:steelsupply","rmod:u235"],"picked":"SKIP","floor":47},{"not_picked":["rmod:openingtorpedo","rmod:ring","rmod:victimresponsibility","rmod:diamondstrike+1"],"picked":"SKIP","floor":48}],"player_experience":614072,"relics_obtained":[{"floor":7,"key":"DemoMod:OrangeGuonStone"},{"floor":9,"key":"Question Card"},{"floor":13,"key":"Ring of Fury"},{"floor":13,"key":"Ring of Hypnosis"},{"floor":24,"key":"Chameleon Ring"},{"floor":26,"key":"Ornamental Fan"},{"floor":41,"key":"Dead Branch"},{"floor":42,"key":"Ancient Tea Set"},{"floor":42,"key":"Ice Cream"},{"floor":43,"key":"Meat on the Bone"}],"event_choices":[{"damage_healed":0,"gold_gain":0,"player_choice":"Box","damage_taken":0,"relics_obtained":["Bag of Preparation"],"max_hp_gain":0,"max_hp_loss":0,"event_name":"Big Fish","floor":0,"gold_loss":0,"cards_obtained":["Regret"]},{"damage_healed":0,"gold_gain":0,"player_choice":"Entered Light","damage_taken":15,"max_hp_gain":0,"max_hp_loss":0,"event_name":"Shining Light","floor":10,"gold_loss":0,"cards_upgraded":["rmod:strick","rmod:basicallowance"]},{"damage_healed":0,"gold_gain":0,"player_choice":"Bought 0 Potions","damage_taken":0,"max_hp_gain":0,"max_hp_loss":0,"event_name":"The Woman in Blue","floor":20,"gold_loss":0},{"cards_removed":["rmod:defend"],"damage_healed":0,"gold_gain":0,"player_choice":"Purged","damage_taken":0,"max_hp_gain":0,"max_hp_loss":0,"event_name":"Purifier","floor":25,"gold_loss":0},{"damage_healed":0,"gold_gain":0,"player_choice":"Fight","damage_taken":0,"max_hp_gain":0,"max_hp_loss":0,"event_name":"MindBloom","floor":41,"gold_loss":0}],"is_beta":false,"boss_relics":[{"not_picked":["Calling Bell","SlaversCollar"],"picked":"Replay:Bronze Core"},{"not_picked":["Philosopher\u0027s Stone","Fusion Hammer"],"picked":"Black Star"}],"items_purged_floors":[3,19,38,44],"is_endless":false,"potions_floor_spawned":[4,5,7,14,16,22,29,35,36,42],"ascension_level":0}}