{"host":"344lv32hnei0mdhu","time":1609742939,"event":{"mods":["Act Like it!","BaseMod","Better Match","Better Sensory Stone","Better Skull","Better Third Choice","Better Vampires","Colored Powertips","Highlight Path","Minty Spire (QoL Compilation)","Quick Restart","Random Character Button","Rare Cards Sparkle","StSLib"],"gold_per_floor":[116,131,142,142,142,160,178,195,195,214,214,192,192,205,205,205,205],"floor_reached":16,"playtime":603,"items_purged":[],"score":139,"play_id":"8835e6ad-eee8-4ac2-bf6f-c280c249387f","local_time":"20210104004859","is_ascension_mode":true,"campfire_choices":[{"floor":11,"key":"REST"},{"floor":13,"key":"REST"},{"data":"TalkToTheHand","floor":15,"key":"SMITH"}],"circlet_count":0,"master_deck":["Strike_P","Strike_P","Strike_P","Strike_P","Defend_P","Defend_P","Defend_P","Defend_P","Eruption","Vigilance","WheelKick","TalkToTheHand+1","Protect","ClearTheMind","Prostrate","TalkToTheHand+1","SashWhip"],"relics":["PureWater","NeowsBlessing","PreservedInsect","CaptainsWheel","StrikeDummy"],"acts_visited":["Exordium"],"potions_floor_usage":[6,8,14],"damage_taken":[{"damage":0.0,"enemies":"Cultist","floor":1.0,"turns":1.0},{"damage":0.0,"enemies":"Small Slimes","floor":2.0,"turns":1.0},{"damage":0.0,"enemies":"2 Louse","floor":3.0,"turns":1.0},{"damage":0,"enemies":"Gremlin Gang","floor":6,"turns":1},{"damage":3,"enemies":"Looter","floor":7,"turns":4},{"damage":39,"enemies":"Exordium Thugs","floor":8,"turns":7},{"damage":6,"enemies":"3 Louse","floor":10,"turns":3},{"damage":1,"enemies":"Lots of Slimes","floor":14,"turns":4},{"damage":49,"enemies":"Hexaghost","floor":16,"turns":14}],"seed_played":"-6811120094561219103","potions_obtained":[{"floor":1.0,"key":"AttackPotion"},{"floor":3.0,"key":"Swift Potion"},{"floor":10,"key":"Block Potion"}],"is_trial":false,"path_per_floor":["M","M","M","?","?","M","M","M","T","M","R","?","R","M","R","B"],"character_chosen":"WATCHER","items_purchased":[],"campfire_rested":2,"item_purchase_floors":[],"current_hp_per_floor":[65,65,65,59,59,59,56,17,17,11,32,32,53,52,52,3,3],"gold":205,"neow_bonus":"THREE_ENEMY_KILL","is_daily":false,"chose_seed":false,"campfire_upgraded":1,"win_rate":0.0,"timestamp":1609742939,"path_taken":["M","M","?","?","?","M","M","M","T","M","R","?","R","M","R","BOSS"],"items_purchased_type":[],"build_version":"2020-12-22","purchased_purges":0,"victory":false,"max_hp_per_floor":[72,72,72,72,72,72,72,72,72,72,72,72,72,72,72,72,72],"card_choices":[{"not_picked":["DeceiveReality","Adaptation"],"picked":"WheelKick","floor":1.0},{"not_picked":["Consecrate","FlyingSleeves"],"picked":"TalkToTheHand","floor":2.0},{"not_picked":["SashWhip","Wireheading"],"picked":"Protect","floor":3.0},{"not_picked":["Collect","CutThroughFate","ThirdEye"],"picked":"SKIP","floor":6},{"not_picked":["BowlingBash","Consecrate"],"picked":"ClearTheMind","floor":7},{"not_picked":["Halt","Weave"],"picked":"Prostrate","floor":8},{"not_picked":["Prostrate","ClearTheMind"],"picked":"TalkToTheHand","floor":10},{"not_picked":["Protect","ClearTheMind"],"picked":"SashWhip","floor":14}],"player_experience":308329,"relics_obtained":[{"floor":9,"key":"StrikeDummy"}],"event_choices":[{"damage_healed":0.0,"max_hp_gain":0.0,"max_hp_loss":0.0,"gold_gain":1.0,"event_name":"betterThird:BetterScrap","player_choice":"Relic Relic ","floor":4.0,"gold_loss":0.0,"damage_taken":6.0,"cards_obtained":["Malaise"]},{"damage_healed":0.0,"max_hp_gain":0.0,"max_hp_loss":0.0,"gold_gain":0.0,"event_name":"Living Wall","player_choice":"Grow","floor":5.0,"gold_loss":0.0,"damage_taken":0.0,"cards_upgraded":["TalkToTheHand"]},{"damage_healed":0,"gold_gain":0,"player_choice":"Left","damage_taken":0,"max_hp_gain":0,"max_hp_loss":0,"event_name":"betterThird:BetterGoop","floor":12,"gold_loss":22}],"is_beta":false,"boss_relics":[],"items_purged_floors":[],"is_endless":false,"potions_floor_spawned":[1,3,10],"killed_by":"Hexaghost","ascension_level":9}}