{"host":"9n9nzkokhxe59gmc","time":1609794815,"event":{"mods":["Act Like it!","BaseMod","Elementarium","Hallownest","Hermit","Hubris","Infinite Spire","Menagerie","Minty Spire (QoL Compilation)","Replay The Spire","Shade Mod","StSLib","The Marked","The Servant 0.9.4"],"gold_per_floor":[114,114,130,130,140,167,167,184,184,184,199,199,209,209,209,304,304,317,168,181,199,199,199,199],"floor_reached":23,"playtime":898,"items_purged":[],"score":193,"play_id":"9d1608d4-62b2-4c95-9255-817b0c257328","local_time":"20210104131335","is_ascension_mode":false,"campfire_choices":[{"floor":7,"key":"REST"},{"data":"theMarked:EmpowerWeapon","floor":10,"key":"SMITH"},{"data":"theMarked:ComboAttacks","floor":12,"key":"SMITH"},{"floor":15,"key":"REST"}],"circlet_count":0,"master_deck":["theMarked:Strike","theMarked:Strike","theMarked:Strike","theMarked:Strike","theMarked:Strike","theMarked:Defend+1","theMarked:Defend+1","theMarked:Defend","theMarked:Defend","theMarked:SoldierOfQuellstein","theMarked:Aftermath","theMarked:ComboAttacks+1","theMarked:EmpowerWeapon","theMarked:Defy+1","theMarked:EmpowerWeapon+1","theMarked:WardOff","theMarked:UnarmedFury+1","theMarked:BanishingStrike+1","theMarked:Aftermath+1","theMarked:BanishingStrike+1"],"relics":["theMarked:ArtifactOfAir","War Paint","FossilizedHelix","Molten Egg 2","Mummified Hand","Sundial","Black Star","Lantern"],"acts_visited":["Exordium","TheCity"],"potions_floor_usage":[13,16,23,23],"damage_taken":[{"damage":1,"enemies":"Cultist","floor":1,"turns":3},{"damage":3,"enemies":"Jaw Worm","floor":3,"turns":3},{"damage":0,"enemies":"2 Louse","floor":5,"turns":3},{"damage":36,"enemies":"3 Sentries","floor":6,"turns":7},{"damage":0,"enemies":"Blue Slaver","floor":8,"turns":2},{"damage":0,"enemies":"2 Fungi Beasts","floor":11,"turns":3},{"damage":0,"enemies":"Large Slime","floor":13,"turns":4},{"damage":24,"enemies":"Slime Boss","floor":16,"turns":9},{"damage":10,"enemies":"3 Byrds","floor":18,"turns":5},{"damage":18,"enemies":"Shell Parasite","floor":20,"turns":5},{"damage":24,"enemies":"Centurion and Healer","floor":21,"turns":4},{"damage":18,"enemies":"Nightmare","floor":23,"turns":4}],"seed_played":"-8380892180676776090","potions_obtained":[{"floor":1,"key":"Regen Potion"},{"floor":11,"key":"Fire Potion"},{"floor":13,"key":"Swift Potion"},{"floor":16,"key":"FearPotion"},{"floor":18,"key":"Languid Potion"},{"floor":21,"key":"Elixir"}],"is_trial":false,"path_per_floor":["M","$","M","?","M","E","R","M","T","R","M","R","M","?","R","B",null,"M","$","M","M","?","NM"],"character_chosen":"THE_DEFAULT","items_purchased":["Lantern"],"campfire_rested":2,"item_purchase_floors":[19],"current_hp_per_floor":[69,69,66,66,66,30,51,51,51,51,51,51,51,51,70,46,70,60,60,42,18,18,0,0],"gold":199,"neow_bonus":"RANDOM_COMMON_RELIC","is_daily":false,"chose_seed":false,"campfire_upgraded":2,"win_rate":0.0,"timestamp":1609794815,"path_taken":["M","?","M","?","M","E","R","M","T","R","?","R","M","?","R","BOSS","M","$","M","M","?","NM"],"items_purchased_type":["Relic"],"build_version":"2020-12-22","purchased_purges":0,"victory":false,"max_hp_per_floor":[70,70,70,70,70,70,70,70,70,70,70,70,70,70,70,70,70,70,70,70,70,70,70,70],"card_choices":[{"not_picked":["theMarked:TakeCover","theMarked:BanishingStrike"],"picked":"theMarked:Aftermath","floor":1},{"not_picked":["theMarked:Seal","theMarked:Parkour"],"picked":"theMarked:ComboAttacks","floor":3},{"not_picked":["theMarked:TunnelVision","theMarked:Opportunist"],"picked":"theMarked:EmpowerWeapon","floor":5},{"not_picked":["theMarked:WardOff","theMarked:Electrify"],"picked":"theMarked:Defy+1","floor":6},{"not_picked":["theMarked:Improvise","theMarked:AttractMetal"],"picked":"theMarked:EmpowerWeapon","floor":8},{"not_picked":["theMarked:TwofoldDefense","theMarked:WastefulAttack+1"],"picked":"theMarked:WardOff","floor":11},{"not_picked":["theMarked:Parkour+1","theMarked:WastefulDefense","theMarked:Aftermath"],"picked":"SKIP","floor":13},{"not_picked":["theMarked:MuscleMemory+1","theMarked:BindingBlade"],"picked":"theMarked:UnarmedFury+1","floor":16},{"not_picked":["theMarked:LightningStrikesTwice+1","theMarked:Electrify"],"picked":"theMarked:BanishingStrike+1","floor":18},{"not_picked":["theMarked:WastefulDefense","theMarked:Electrocute+1"],"picked":"theMarked:Aftermath+1","floor":20},{"not_picked":["theMarked:Parry","theMarked:ChainLightning+1"],"picked":"theMarked:BanishingStrike+1","floor":21}],"player_experience":726220,"relics_obtained":[{"floor":6,"key":"Molten Egg 2"},{"floor":9,"key":"Mummified Hand"},{"floor":14,"key":"Sundial"}],"event_choices":[{"damage_healed":0,"gold_gain":0,"player_choice":"Gave Potion","damage_taken":0,"relics_obtained":["FossilizedHelix"],"max_hp_gain":0,"max_hp_loss":0,"event_name":"WeMeetAgain","floor":4,"gold_loss":0}],"is_beta":false,"boss_relics":[{"not_picked":["hubris:RunicObelisk","Replay:Ancient Bell"],"picked":"Black Star"}],"items_purged_floors":[],"is_endless":false,"potions_floor_spawned":[1,11,13,16,18,21],"killed_by":"Nightmare","ascension_level":0}}