{"host":"uflv0e3ja7hvnij7","time":1609797541,"event":{"mods":["Aspiration","BaseMod","Better Altar","Better Match","Better Note","Better Sensory Stone","Better Skull","Better Third Choice","Hubris","Minty Spire (QoL Compilation)","Permanent Neow","Shop Mod","StSLib"],"gold_per_floor":[110,110,129,129,129,129,149,10,59,70,97,108,38,38,38,38,38],"floor_reached":16,"playtime":504,"items_purged":[],"score":130,"play_id":"1541600d-9e10-46cf-b4f4-b745fddf5c87","local_time":"20210104165901","is_ascension_mode":true,"campfire_choices":[{"data":"Sweeping Beam","floor":6,"key":"SMITH"},{"floor":15,"key":"REST"}],"circlet_count":0,"master_deck":["Strike_B","Strike_B","Strike_B","Strike_B","Defend_B","Defend_B","Defend_B","Defend_B","Zap","Sweeping Beam+1","Gash","Trip","Rebound","Streamline","Seek"],"relics":["Busted Crown","Toy Ornithopter","Vajra","hubris:DisguiseKit","hubris:Towel"],"acts_visited":["Exordium"],"potions_floor_usage":[11],"damage_taken":[{"damage":3,"enemies":"2 Louse","floor":1,"turns":2},{"damage":0,"enemies":"Cultist","floor":3,"turns":3},{"damage":0,"enemies":"Small Slimes","floor":7,"turns":4},{"damage":0,"enemies":"3 Louse","floor":10,"turns":2},{"damage":25,"enemies":"Lagavulin","floor":11,"turns":6},{"damage":16,"enemies":"Exordium Thugs","floor":12,"turns":3},{"damage":19,"enemies":"Hexaghost","floor":16,"turns":3}],"seed_played":"-1836639874858711439","potions_obtained":[{"floor":3,"key":"Strength Potion"},{"floor":7,"key":"Energy Potion"}],"is_trial":false,"path_per_floor":["M","?","M","?","?","R","M","$","T","M","E","M","$","?","R","B"],"character_chosen":"DEFECT","items_purchased":["Gash","Trip","Seek"],"campfire_rested":1,"item_purchase_floors":[8,8,13],"current_hp_per_floor":[65,65,65,40,40,40,40,40,40,40,20,4,4,4,26,7,7],"gold":38,"neow_bonus":"BOSS_RELIC","is_daily":false,"chose_seed":false,"campfire_upgraded":1,"win_rate":0.0,"timestamp":1609797541,"path_taken":["M","?","?","?","?","R","M","$","T","?","E","M","$","?","R","BOSS"],"items_purchased_type":["Card","Card","Card"],"build_version":"2020-12-22","purchased_purges":0,"victory":false,"max_hp_per_floor":[75,75,75,75,75,75,75,75,75,75,75,75,75,75,75,75,75],"card_choices":[{"not_picked":[],"picked":"Sweeping Beam","floor":1},{"not_picked":["Redo"],"picked":"SKIP","floor":3},{"not_picked":["aspiration:Polymerization"],"picked":"SKIP","floor":7},{"not_picked":["Go for the Eyes"],"picked":"SKIP","floor":10},{"not_picked":[],"picked":"Rebound","floor":11},{"not_picked":["Catalyst"],"picked":"Streamline","floor":12}],"player_experience":481262,"relics_obtained":[{"floor":9,"key":"Vajra"},{"floor":11,"key":"hubris:DisguiseKit"}],"event_choices":[{"damage_healed":0,"gold_gain":0,"player_choice":"Bought 0 Potions","damage_taken":0,"max_hp_gain":0,"max_hp_loss":0,"event_name":"The Woman in Blue","floor":2,"gold_loss":0},{"damage_healed":0,"gold_gain":0,"player_choice":"Relic ","damage_taken":25,"max_hp_gain":0,"max_hp_loss":0,"event_name":"betterThird:BetterScrap","floor":4,"gold_loss":0,"cards_obtained":["WreathOfFlame"]},{"cards_removed":["Dualcast"],"damage_healed":0,"gold_gain":0,"player_choice":"Purged","damage_taken":0,"max_hp_gain":0,"max_hp_loss":0,"event_name":"Purifier","floor":5,"gold_loss":0}],"is_beta":false,"boss_relics":[],"items_purged_floors":[],"is_endless":false,"potions_floor_spawned":[3,7],"killed_by":"Hexaghost","ascension_level":6}}