{"host":"4qt77pm52ljaz00q","time":1609771091,"event":{"mods":["2.2 Compatiblity","BaseMod","BetterRewards","Colored Map","Downfall","Minty Spire (QoL Compilation)","Permanent Neow","Relic Sorter","Shop Mod","StSLib","Unknown Chances"],"gold_per_floor":[99,116,136,151,161,193,193,118,134,134,160,160,160,0,13,111,111,111,127,148,248,248,276,301,226,239,252,252,279,302,319,337,337,337],"floor_reached":33,"playtime":5174,"items_purged":[],"score":366,"play_id":"65539c1d-f659-4d34-b51f-aa73749f549b","local_time":"20210104093811","is_ascension_mode":true,"campfire_choices":[{"floor":1,"key":"RECALL"},{"data":"sneckomod:SnekBeam","floor":8,"key":"SMITH"},{"data":"sneckomod:WideSting","floor":12,"key":"SMITH"},{"data":"sneckomod:Transmogrify","floor":18,"key":"SMITH"},{"floor":25,"key":"REST"},{"floor":28,"key":"REST"}],"circlet_count":0,"master_deck":["sneckomod:Strike","sneckomod:Strike","sneckomod:Strike","sneckomod:Defend","sneckomod:Defend","sneckomod:Defend","sneckomod:TailWhip","sneckomod:SnekBite","sneckomod:Unknown","sneckomod:Unknown","sneckomod:Unknown3Cost","sneckomod:UnknownUncommonAttack","sneckomod:SnekBeam+1","sneckomod:DiceCrush","sneckomod:UnknownEthereal","sneckomod:UnknownCommonSkill","sneckomod:WideSting+1","sneckomod:UnknownStrike","sneckomod:UnknownVulnerable","expansioncontent:Flail","sneckomod:UnknownCommonSkill","sneckomod:Transmogrify+1","sneckomod:UnknownStrike","sneckomod:UnknownWeak","sneckomod:UnknownBlock+1","sneckomod:UnknownRarePower","sneckomod:UnknownCommonAttack+1","sneckomod:UnknownX","sneckomod:UnknownUncommonAttack","sneckomod:UnknownUncommonSkill","sneckomod:UnknownCommonAttack","sneckomod:UnknownCommonAttack+1"],"relics":["sneckomod:SneckoSoul","downfall:HeartBlessingRed","Letter Opener","Black Star","CaptainsWheel","Bag of Marbles","HornCleat","downfall:HeartBlessingBlue","Mummified Hand","Shuriken","Regal Pillow","sneckomod:ConfusingCodex","Bottled Flame"],"acts_visited":["Exordium","TheCity"],"potions_floor_usage":[11,16,16,21,21,23,33,33],"damage_taken":[{"damage":0,"enemies":"Cultist","floor":2,"turns":4},{"damage":0,"enemies":"2 Louse","floor":3,"turns":2},{"damage":12,"enemies":"Jaw Worm","floor":4,"turns":3},{"damage":9,"enemies":"Blue Slaver","floor":5,"turns":3},{"damage":26,"enemies":"3 Sentries","floor":6,"turns":7},{"damage":9,"enemies":"2 Fungi Beasts","floor":9,"turns":3},{"damage":24,"enemies":"Lagavulin","floor":11,"turns":4},{"damage":11,"enemies":"downfall:FleeingMerchant","floor":14,"turns":4},{"damage":0,"enemies":"3 Louse","floor":15,"turns":1},{"damage":37,"enemies":"downfall:Watcher","floor":16,"turns":8},{"damage":3,"enemies":"Chosen","floor":19,"turns":4},{"damage":23,"enemies":"Spheric Guardian","floor":20,"turns":4},{"damage":16,"enemies":"Colosseum Nobs","floor":21,"turns":3},{"damage":49,"enemies":"Gremlin Leader","floor":23,"turns":6},{"damage":41,"enemies":"Shelled Parasite and Fungi","floor":26,"turns":8},{"damage":7,"enemies":"Snake Plant","floor":27,"turns":3},{"damage":23,"enemies":"Book of Stabbing","floor":29,"turns":5},{"damage":36,"enemies":"Chosen and Byrds","floor":30,"turns":8},{"damage":6,"enemies":"Sentry and Sphere","floor":31,"turns":4},{"damage":0,"enemies":"Snecko","floor":32,"turns":3},{"damage":68,"enemies":"downfall:Defect","floor":33,"turns":10}],"seed_played":"-2367613168652434544","potions_obtained":[{"floor":5,"key":"Block Potion"},{"floor":11,"key":"SneckoOil"},{"floor":15,"key":"ColorlessPotion"},{"floor":16,"key":"AttackPotion"},{"floor":20,"key":"champ:CounterPotion"},{"floor":23,"key":"Fruit Juice"},{"floor":26,"key":"sneckomod:OffclassReductionPotion"},{"floor":31,"key":"Explosive Potion"},{"floor":32,"key":"SkillPotion"}],"is_trial":false,"path_per_floor":["R","M","M","M","M","E","T","R","M","?","E","R","?","$","M","B",null,"R","M","M","?","?","E","T","R","M","M","R","E","M","M","M","B"],"character_chosen":"THE_SNECKO","items_purchased":["sneckomod:UnknownVulnerable","expansioncontent:Flail"],"campfire_rested":2,"item_purchase_floors":[14,14],"current_hp_per_floor":[91,92,92,84,75,50,50,50,42,73,49,49,49,40,41,16,97,97,95,73,58,58,15,15,59,43,37,72,50,33,28,29,0,0],"gold":337,"neow_bonus":"ONE_RANDOM_RARE_CARD","is_daily":false,"chose_seed":false,"campfire_upgraded":3,"win_rate":0.0,"timestamp":1609771091,"path_taken":["R","M","M","M","?","E","T","R","M","?","E","R","?","$","M","BOSS","R","M","?","?","?","E","T","R","M","M","R","E","M","M","M","BOSS"],"items_purchased_type":["Card","Card"],"build_version":"2020-12-22","purchased_purges":0,"victory":false,"max_hp_per_floor":[91,92,92,92,92,93,93,93,94,94,94,94,94,96,97,97,97,97,98,99,100,100,106,106,116,117,118,118,119,120,121,122,122,122],"card_choices":[{"not_picked":["sneckomod:ImprovisedGuard","sneckomod:UnknownBlock"],"picked":"sneckomod:UnknownUncommonAttack","floor":2},{"not_picked":["sneckomod:Unknown2Cost","sneckomod:UnknownExhaust"],"picked":"sneckomod:SnekBeam","floor":3},{"not_picked":["sneckomod:UnknownCommonSkill","sneckomod:UnknownUncommonPower"],"picked":"sneckomod:DiceCrush","floor":4},{"not_picked":["sneckomod:UnknownCommonAttack","sneckomod:IronFang","sneckomod:QuickBite"],"picked":"SKIP","floor":5},{"not_picked":["sneckomod:IronFang","sneckomod:UnknownStrike"],"picked":"sneckomod:UnknownEthereal","floor":6},{"not_picked":["sneckomod:Nope","sneckomod:UnlimitedRolls"],"picked":"sneckomod:UnknownCommonSkill","floor":9},{"not_picked":["sneckomod:UnknownStrength","sneckomod:SnakeSap"],"picked":"sneckomod:WideSting","floor":11},{"not_picked":["sneckomod:QuickBite","sneckomod:PureSnecko"],"picked":"sneckomod:UnknownStrike","floor":14},{"not_picked":["sneckomod:PureSnecko","sneckomod:UnknownVulnerable"],"picked":"sneckomod:UnknownCommonSkill","floor":15},{"not_picked":["sneckomod:UnlimitedRolls","sneckomod:Restock"],"picked":"sneckomod:Transmogrify","floor":16},{"not_picked":["sneckomod:UnknownCommonAttack","sneckomod:IronFang+1"],"picked":"sneckomod:UnknownStrike","floor":19},{"not_picked":["sneckomod:QuickMove","sneckomod:TrashToTreasure+1"],"picked":"sneckomod:UnknownWeak","floor":20},{"not_picked":["sneckomod:UnknownVulnerable","sneckomod:UnknownCommonAttack"],"picked":"sneckomod:UnknownBlock+1","floor":21},{"not_picked":["sneckomod:UnknownVulnerable","sneckomod:TrashToTreasure"],"picked":"sneckomod:UnknownRarePower","floor":23},{"not_picked":["sneckomod:DiceCrush","sneckomod:UnknownClassGREEN"],"picked":"sneckomod:UnknownCommonAttack+1","floor":26},{"not_picked":["sneckomod:Unknown3Cost","sneckomod:QuickBite"],"picked":"sneckomod:UnknownX","floor":27},{"not_picked":["sneckomod:Unknown1Cost","sneckomod:UnknownX"],"picked":"sneckomod:UnknownUncommonAttack","floor":29},{"not_picked":["sneckomod:RainOfDice","sneckomod:Nope"],"picked":"sneckomod:UnknownUncommonSkill","floor":30},{"not_picked":["sneckomod:Rotation","sneckomod:DiceCrush"],"picked":"sneckomod:UnknownCommonAttack","floor":31},{"not_picked":["sneckomod:DiceBlock","sneckomod:UnknownStrike"],"picked":"sneckomod:UnknownCommonAttack+1","floor":32}],"player_experience":185744,"relics_obtained":[{"floor":6,"key":"Singing Bowl"},{"floor":7,"key":"Mercury Hourglass"},{"floor":11,"key":"Letter Opener"},{"floor":19,"key":"Black Star"},{"floor":20,"key":"Singing Bowl"},{"floor":21,"key":"CaptainsWheel"},{"floor":21,"key":"Mummified Hand"},{"floor":23,"key":"Bag of Marbles"},{"floor":23,"key":"HornCleat"},{"floor":26,"key":"Mummified Hand"},{"floor":27,"key":"Shuriken"},{"floor":29,"key":"Eternal Feather"},{"floor":29,"key":"Regal Pillow"},{"floor":30,"key":"sneckomod:ConfusingCodex"},{"floor":32,"key":"Bottled Flame"}],"event_choices":[{"damage_healed":31,"gold_gain":0,"player_choice":"Banana","damage_taken":0,"max_hp_gain":0,"max_hp_loss":0,"event_name":"Big Fish","floor":10,"gold_loss":0}],"is_beta":false,"boss_relics":[{"not_picked":["Fusion Hammer","Busted Crown"],"picked":"Black Star"}],"items_purged_floors":[],"is_endless":false,"potions_floor_spawned":[5,11,15,16,20,23,26,31,32],"killed_by":"downfall:Defect","ascension_level":1}}