{"host":"Rich","time":1609793488,"event":{"mods":["AchievementEnabler","BaseMod","Highlight Path","Minty Spire (QoL Compilation)","Relic Stats"],"gold_per_floor":[99,99,99,99,99,99,99,99,99,99,39,39,39,39,39,39,39,39,39,39,39,39,39,39,39,39,39,39,39,39,39,39,39,39],"floor_reached":33,"playtime":2035,"items_purged":[],"score":606,"play_id":"ed97be46-88c5-4a27-9c7d-cea2c4f748a8","local_time":"20210104155128","is_ascension_mode":true,"campfire_choices":[{"data":"ThirdEye","floor":7.0,"key":"SMITH"},{"floor":13.0,"key":"REST"},{"data":"LikeWater","floor":15.0,"key":"SMITH"},{"floor":24,"key":"REST"},{"floor":29,"key":"REST"},{"floor":32,"key":"REST"}],"circlet_count":0,"master_deck":["AscendersBane","Strike_P+1","Strike_P+1","Strike_P+1","Strike_P+1","Defend_P+1","Defend_P+1","Defend_P+1","Defend_P+1","Vigilance","PathToVictory+1","JustLucky","ThirdEye+1","LikeWater+1","ClearTheMind","EmptyBody","Scrawl","ClearTheMind+1","Protect","Protect","WheelKick+1","WaveOfTheHand"],"relics":["Ectoplasm","MealTicket","Blood Vial","Oddly Smooth Stone","Yang","Runic Dome","Kunai","Bottled Tornado"],"acts_visited":["Exordium","TheCity"],"potions_floor_usage":[23,30],"damage_taken":[{"damage":5.0,"enemies":"2 Louse","floor":1.0,"turns":2.0},{"damage":0.0,"enemies":"Cultist","floor":3.0,"turns":3.0},{"damage":6.0,"enemies":"Small Slimes","floor":5.0,"turns":3.0},{"damage":3.0,"enemies":"Gremlin Nob","floor":6.0,"turns":3.0},{"damage":8.0,"enemies":"Lagavulin","floor":8.0,"turns":5.0},{"damage":9.0,"enemies":"Looter","floor":11.0,"turns":4.0},{"damage":29.0,"enemies":"3 Sentries","floor":12.0,"turns":21.0},{"damage":22.0,"enemies":"The Guardian","floor":16.0,"turns":14.0},{"damage":0,"enemies":"Spheric Guardian","floor":18,"turns":11},{"damage":11,"enemies":"Chosen","floor":20,"turns":7},{"damage":0,"enemies":"Centurion and Healer","floor":22,"turns":11},{"damage":56,"enemies":"Book of Stabbing","floor":23,"turns":9},{"damage":0,"enemies":"Snecko","floor":27,"turns":7},{"damage":6,"enemies":"Sentry and Sphere","floor":28,"turns":19},{"damage":54,"enemies":"Gremlin Leader","floor":30,"turns":14},{"damage":40,"enemies":"Automaton","floor":33,"turns":8}],"seed_played":"8517544999272865468","potions_obtained":[{"floor":3.0,"key":"Swift Potion"},{"floor":5.0,"key":"Energy Potion"},{"floor":16.0,"key":"Dexterity Potion"},{"floor":20,"key":"EssenceOfSteel"}],"is_trial":false,"path_per_floor":["M","?","M","?","M","E","R","E","T","$","M","E","R","$","R","B",null,"M","?","M","?","M","E","R","$","T","M","M","R","E","?","R","B"],"character_chosen":"WATCHER","items_purchased":[],"campfire_rested":4,"item_purchase_floors":[],"current_hp_per_floor":[56,56,56,61,55,52,52,44,44,59,52,25,46,61,61,41,65,67,67,58,58,60,6,27,42,42,44,40,61,9,9,30,0,0],"gold":39,"neow_bonus":"BOSS_RELIC","is_daily":false,"chose_seed":false,"campfire_upgraded":2,"win_rate":0.0,"timestamp":1609793488,"path_taken":["M","?","?","?","M","E","R","E","T","$","M","E","R","$","R","BOSS","M","?","M","?","?","E","R","$","T","M","M","R","E","?","R","BOSS"],"items_purchased_type":[],"build_version":"2020-12-18","purchased_purges":0,"victory":false,"max_hp_per_floor":[68,68,68,73,73,73,73,73,73,73,73,73,73,73,73,73,73,73,73,73,73,73,73,73,73,73,73,73,73,73,73,73,73,73],"relic_stats":{"Blood Vial":22,"counters":[16,141],"MealTicket":45,"Yang":[160],"Ectoplasm":488,"Kunai":[8],"obtain_stats":[{"Blood Vial":8,"Runic Dome":17,"Oddly Smooth Stone":9,"MealTicket":6,"Yang":12,"Ectoplasm":0,"Kunai":23,"PureWater":0,"Bottled Tornado":30},{"Blood Vial":5,"Runic Dome":8,"Oddly Smooth Stone":5,"MealTicket":4,"Yang":7,"Ectoplasm":0,"Kunai":12,"PureWater":0,"Bottled Tornado":15},{"Blood Vial":16,"Runic Dome":55,"Oddly Smooth Stone":16,"MealTicket":11,"Yang":41,"Ectoplasm":0,"Kunai":93,"PureWater":0,"Bottled Tornado":133}]},"card_choices":[{"not_picked":["Protect","ForeignInfluence"],"picked":"PathToVictory","floor":1.0},{"not_picked":["WheelKick","Consecrate"],"picked":"JustLucky","floor":3.0},{"not_picked":["Halt","ClearTheMind"],"picked":"ThirdEye","floor":5.0},{"not_picked":["CrushJoints","Consecrate","JustLucky"],"picked":"SKIP","floor":6.0},{"not_picked":["Omniscience","Protect"],"picked":"LikeWater","floor":8.0},{"not_picked":["SashWhip","Evaluate"],"picked":"ClearTheMind","floor":11.0},{"not_picked":["ConjureBlade","LessonLearned"],"picked":"EmptyBody","floor":12.0},{"not_picked":["Establishment","ConjureBlade"],"picked":"Scrawl","floor":16.0},{"not_picked":["Sanctity","FearNoEvil"],"picked":"ClearTheMind+1","floor":18},{"not_picked":["ClearTheMind","SashWhip","FlyingSleeves"],"picked":"SKIP","floor":20},{"not_picked":["JustLucky","WheelKick","MasterReality"],"picked":"SKIP","floor":22},{"not_picked":["FlurryOfBlows","Weave"],"picked":"Protect","floor":23},{"not_picked":["TalkToTheHand","Pray"],"picked":"Protect","floor":27},{"not_picked":["EmptyFist","Prostrate"],"picked":"WheelKick+1","floor":28},{"not_picked":["CrushJoints","FlurryOfBlows"],"picked":"WaveOfTheHand","floor":30}],"player_experience":1959785,"relics_obtained":[{"floor":6.0,"key":"MealTicket"},{"floor":8.0,"key":"Blood Vial"},{"floor":9.0,"key":"Oddly Smooth Stone"},{"floor":12.0,"key":"Yang"},{"floor":23,"key":"Kunai"},{"floor":30,"key":"Bottled Tornado"}],"event_choices":[{"damage_healed":0.0,"max_hp_gain":0.0,"max_hp_loss":0.0,"gold_gain":0.0,"event_name":"Upgrade Shrine","player_choice":"Upgraded","floor":2.0,"gold_loss":0.0,"damage_taken":0.0,"cards_upgraded":["PathToVictory"]},{"damage_healed":0.0,"max_hp_gain":5.0,"max_hp_loss":0.0,"gold_gain":0.0,"event_name":"Big Fish","player_choice":"Donut","floor":4.0,"gold_loss":0.0,"damage_taken":0.0},{"damage_healed":0,"gold_gain":0,"player_choice":"Simplicity","damage_taken":0,"max_hp_gain":0,"max_hp_loss":0,"event_name":"Back to Basics","floor":19,"gold_loss":0,"cards_upgraded":["Strike_P","Strike_P","Strike_P","Strike_P","Defend_P","Defend_P","Defend_P","Defend_P"]},{"cards_removed":["Eruption"],"damage_healed":0,"gold_gain":0,"player_choice":"Offered Basic","damage_taken":0,"max_hp_gain":0,"max_hp_loss":0,"event_name":"Bonfire Elementals","floor":21,"gold_loss":0}],"is_beta":true,"boss_relics":[{"not_picked":["Snecko Eye","VioletLotus"],"picked":"Runic Dome"}],"items_purged_floors":[],"is_endless":false,"potions_floor_spawned":[3,5,6,16,20],"killed_by":"Automaton","ascension_level":20}}