{"host":"77pvex58kafzx78l","time":1609746825,"event":{"mods":["BaseMod","Better Vampires","DeckTracker","Googly Eyes","Minty Spire (QoL Compilation)","Quick Restart","StSLib","SuperFastMode"],"gold_per_floor":[113,113,113,113,126,126,166,166,237,270,270,308,308,339,339,339,339],"floor_reached":16,"playtime":235,"items_purged":[],"score":261,"play_id":"2140adb9-463a-4894-b9d1-797f057a36e4","local_time":"20210104155345","is_ascension_mode":true,"campfire_choices":[{"data":"Eruption","floor":6,"key":"SMITH"},{"data":"Worship","floor":8,"key":"SMITH"},{"floor":11,"key":"REST"},{"floor":13,"key":"REST"},{"floor":15,"key":"REST"}],"circlet_count":0,"master_deck":["AscendersBane","Strike_P","Strike_P","Strike_P","Strike_P","Defend_P","Defend_P","Defend_P","Eruption+1","Vigilance","ClearTheMind","Worship+1","Indignation","Tantrum","BattleHymn"],"relics":["PureWater","NeowsBlessing","Golden Idol","Strawberry","Pear","Bag of Marbles","Lizard Tail","The Courier"],"acts_visited":["Exordium"],"potions_floor_usage":[10,16],"damage_taken":[{"damage":0,"enemies":"Jaw Worm","floor":1,"turns":1},{"damage":0,"enemies":"Small Slimes","floor":5,"turns":1},{"damage":0,"enemies":"Gremlin Nob","floor":7,"turns":1},{"damage":56,"enemies":"3 Sentries","floor":10,"turns":11},{"damage":22,"enemies":"Lagavulin","floor":12,"turns":6},{"damage":40,"enemies":"Gremlin Nob","floor":14,"turns":5},{"damage":0,"enemies":"Hexaghost","floor":16,"turns":2}],"seed_played":"1764404753168848338","potions_obtained":[{"floor":5,"key":"DistilledChaos"},{"floor":10,"key":"DistilledChaos"}],"is_trial":false,"path_per_floor":["M","?","?","?","M","R","E","R","T","E","R","E","R","E","R","B"],"character_chosen":"WATCHER","items_purchased":[],"campfire_rested":3,"item_purchase_floors":[],"current_hp_per_floor":[61,61,66,59,59,59,66,66,76,20,45,23,48,8,33,33,33],"gold":339,"neow_bonus":"THREE_ENEMY_KILL","is_daily":false,"chose_seed":false,"campfire_upgraded":2,"win_rate":0.0,"timestamp":1609746825,"path_taken":["M","?","?","?","M","R","E","R","T","E","R","E","R","E","R","BOSS"],"items_purchased_type":[],"build_version":"2020-12-22","purchased_purges":0,"victory":false,"max_hp_per_floor":[68,62,67,67,67,67,74,74,84,84,84,84,84,84,84,84,84],"card_choices":[{"not_picked":["Consecrate","FlyingSleeves"],"picked":"ClearTheMind","floor":1},{"not_picked":["CutThroughFate","Consecrate"],"picked":"Worship","floor":5},{"not_picked":["MentalFortress","ReachHeaven"],"picked":"Indignation","floor":7},{"not_picked":["Halt","Pray"],"picked":"Tantrum","floor":10},{"not_picked":["Crescendo","LikeWater"],"picked":"BattleHymn","floor":12},{"not_picked":["Crescendo","ReachHeaven","Consecrate"],"picked":"SKIP","floor":14}],"player_experience":282673,"relics_obtained":[{"floor":7,"key":"Strawberry"},{"floor":9,"key":"Pear"},{"floor":10,"key":"Bag of Marbles"},{"floor":12,"key":"Lizard Tail"},{"floor":14,"key":"The Courier"}],"event_choices":[{"damage_healed":0,"gold_gain":0,"player_choice":"Lose Max HP","damage_taken":0,"relics_obtained":["Golden Idol"],"max_hp_gain":0,"max_hp_loss":6,"event_name":"Golden Idol","floor":2,"gold_loss":0},{"damage_healed":0,"gold_gain":0,"player_choice":"Donut","damage_taken":0,"max_hp_gain":5,"max_hp_loss":0,"event_name":"Big Fish","floor":3,"gold_loss":0},{"cards_removed":["Defend_P"],"damage_healed":0,"gold_gain":0,"player_choice":"Card Removal","damage_taken":7,"max_hp_gain":0,"max_hp_loss":0,"event_name":"Golden Wing","floor":4,"gold_loss":0}],"is_beta":false,"boss_relics":[],"items_purged_floors":[],"is_endless":false,"potions_floor_spawned":[5,10],"killed_by":"Hexaghost","ascension_level":15}}