{"host":"Qube","time":1609730603,"event":{"mods":["AchievementEnabler","BaseMod","Colored Map","Colored Powertips","Minty Spire (QoL Compilation)","Quick Restart","Random Character Button","StSLib"],"gold_per_floor":[114,126,144,144,164,164,198,198,198,217,247,247,259,273,273,350,350,370,386,386,400,400,400],"floor_reached":22,"playtime":1097,"items_purged":[],"score":350,"play_id":"5a93ec95-bb25-499e-9994-066740203124","local_time":"20210103192323","is_ascension_mode":true,"campfire_choices":[{"floor":6.0,"key":"REST"},{"floor":8.0,"key":"REST"},{"data":"Dodge and Roll","floor":12,"key":"SMITH"},{"floor":15,"key":"REST"}],"circlet_count":0,"master_deck":["AscendersBane","Strike_G","Strike_G","Strike_G","Strike_G","Strike_G","Defend_G","Defend_G","Defend_G","Defend_G","Survivor","Neutralize","Deflect","Deadly Poison","Deadly Poison","Acrobatics","Flying Knee","Dodge and Roll+1","Expertise+1","Dagger Throw","Caltrops","Tools of the Trade","Leg Sweep+1","Dash"],"relics":["Ring of the Snake","Incense Burner","Smiling Mask","StrikeDummy","Toxic Egg 2","Velvet Choker"],"acts_visited":["Exordium","TheCity"],"potions_floor_usage":[11,16,19],"damage_taken":[{"damage":0.0,"enemies":"Small Slimes","floor":1.0,"turns":5.0},{"damage":5.0,"enemies":"Cultist","floor":2.0,"turns":5.0},{"damage":0.0,"enemies":"2 Louse","floor":3.0,"turns":3.0},{"damage":7.0,"enemies":"Exordium Wildlife","floor":5.0,"turns":4.0},{"damage":22.0,"enemies":"3 Sentries","floor":7.0,"turns":8.0},{"damage":3.0,"enemies":"Large Slime","floor":10.0,"turns":6.0},{"damage":16,"enemies":"Gremlin Nob","floor":11,"turns":3},{"damage":12,"enemies":"Lots of Slimes","floor":13,"turns":4},{"damage":0,"enemies":"Red Slaver","floor":14,"turns":4},{"damage":16,"enemies":"The Guardian","floor":16,"turns":10},{"damage":5,"enemies":"Chosen","floor":18,"turns":5},{"damage":18,"enemies":"2 Thieves","floor":19,"turns":5},{"damage":3,"enemies":"Cultist and Chosen","floor":21,"turns":7},{"damage":0,"enemies":"Snake Plant","floor":22,"turns":1}],"seed_played":"-3495504895190176542","potions_obtained":[{"floor":2.0,"key":"LiquidBronze"},{"floor":5.0,"key":"DuplicationPotion"},{"floor":7.0,"key":"LiquidMemories"},{"floor":11,"key":"Swift Potion"},{"floor":18,"key":"Energy Potion"}],"is_trial":false,"path_per_floor":["M","M","M","?","M","R","E","R","T","M","E","R","M","M","R","B",null,"M","M","?","M","M"],"character_chosen":"THE_SILENT","items_purchased":[],"campfire_rested":3,"item_purchase_floors":[],"current_hp_per_floor":[44,39,39,39,32,51,29,48,48,45,29,29,17,17,36,20,55,50,32,32,29,29,29],"gold":400,"neow_bonus":"ONE_RARE_RELIC","is_daily":false,"chose_seed":false,"campfire_upgraded":1,"win_rate":0.0,"timestamp":1609730603,"path_taken":["M","M","M","?","M","R","E","R","T","M","E","R","M","M","R","BOSS","M","?","?","M","M"],"items_purchased_type":[],"build_version":"2020-12-18","purchased_purges":0,"victory":false,"max_hp_per_floor":[66,66,66,66,66,66,66,66,66,66,66,66,66,66,66,66,66,66,66,66,66,66,66],"card_choices":[{"not_picked":["Backflip","Acrobatics"],"picked":"Deflect","floor":1.0},{"not_picked":["Eviscerate","Prepared"],"picked":"Deadly Poison","floor":2.0},{"not_picked":["Underhanded Strike","Outmaneuver"],"picked":"Deadly Poison","floor":3.0},{"not_picked":["Prepared","Quick Slash"],"picked":"Acrobatics","floor":5.0},{"not_picked":["Accuracy","Blade Dance"],"picked":"Flying Knee","floor":7.0},{"not_picked":["Slice","Dagger Spray"],"picked":"Dodge and Roll","floor":10.0},{"not_picked":["Endless Agony","Caltrops"],"picked":"Expertise+1","floor":11},{"not_picked":["Backstab","Wraith Form v2"],"picked":"Dagger Throw","floor":13},{"not_picked":["Setup+1","Blade Dance+1"],"picked":"Caltrops","floor":14},{"not_picked":["Envenom","Wraith Form v2"],"picked":"Tools of the Trade","floor":16},{"not_picked":["All Out Attack","Slice"],"picked":"Leg Sweep+1","floor":18},{"not_picked":["Acrobatics+1","PiercingWail+1"],"picked":"Dash","floor":19},{"not_picked":["Reflex+1","Flying Knee","Slice+1"],"picked":"SKIP","floor":21}],"player_experience":749210,"relics_obtained":[{"floor":7.0,"key":"Smiling Mask"},{"floor":9.0,"key":"StrikeDummy"},{"floor":11,"key":"Toxic Egg 2"}],"event_choices":[{"cards_removed":["Defend_G"],"damage_healed":0.0,"max_hp_gain":0.0,"max_hp_loss":0.0,"gold_gain":0.0,"event_name":"Bonfire Elementals","player_choice":"Offered Basic","floor":4.0,"gold_loss":0.0,"damage_taken":0.0},{"damage_healed":0,"gold_gain":0,"player_choice":"Ignored","damage_taken":0,"max_hp_gain":0,"max_hp_loss":0,"event_name":"Vampires","floor":20,"gold_loss":0}],"is_beta":true,"boss_relics":[{"not_picked":["Astrolabe","Runic Dome"],"picked":"Velvet Choker"}],"items_purged_floors":[],"is_endless":false,"potions_floor_spawned":[2,5,7,11,18],"killed_by":"Snake Plant","ascension_level":15}}