{"host":"yaxsefyig1et0yi2","time":1609777190,"event":{"mods":["Aspiration","BaseMod","BetterRewards","Colored Powertips","Conspire","Displayed Cursed Tome","Downfall","Halation","Hubris","Infinite Spire","JesterMod","Minty Spire (QoL Compilation)","Quick Restart","RatMod","Replay The Spire","Reworked Bosses","Spikes Relics","StSLib","The Jungle"],"gold_per_floor":[113,113,124,135,152,152,152,152,152,164,179,179,207,207,207,302,302,220,282,282,42,52,85,85,96,120,140,140,160,160,173,173,276,276,292,87,0,0,13,13,28,58,58,78,78,94,112,124,124,124],"floor_reached":51,"playtime":4183,"items_purged":["Delirium"],"score":678,"play_id":"266d7e25-f79b-4e51-a361-d82146cd4e2b","local_time":"20210104111950","is_ascension_mode":false,"campfire_choices":[{"data":"jesterMod:Tinker","floor":6.0,"key":"SMITH"},{"data":"jesterMod:Swiftness","floor":8.0,"key":"SMITH"},{"data":"jesterMod:Illness","floor":12.0,"key":"SMITH"},{"data":"jesterMod:Swiftness","floor":24.0,"key":"SMITH"},{"floor":28.0,"key":"REST"},{"floor":32.0,"key":"REST"},{"floor":40.0,"key":"REST"},{"data":"ReplayTheSpireMod:Faulty Equipment","floor":45.0,"key":"SMITH"},{"floor":49.0,"key":"REST"}],"circlet_count":0,"master_deck":["jesterMod:Strike","jesterMod:Strike","jesterMod:Sickle","jesterMod:Defend","jesterMod:Defend","jesterMod:Defend","jesterMod:Defend","jesterMod:Dodge","jesterMod:Hide","jesterMod:Swiftness+1","jesterMod:Tinker+1","jesterMod:OblivionStrike","jesterMod:BouncingKnife+1","jesterMod:Illness+1","jesterMod:Procrastination+1","jesterMod:Encore","Injury","jesterMod:Swiftness+1","jesterMod:Precipitation","expansioncontent:BronzeBeam","expansioncontent:BronzeBeam","jesterMod:Hide","jesterMod:Hide","jesterMod:Exasperation","jesterMod:Disposophobia","jesterMod:Haste","jesterMod:Flee+1","jesterMod:Frustration","jesterMod:Prankster","jesterMod:Arrythmia","jesterMod:ButterKnife","jesterMod:RecklessStrike","jesterMod:RecklessStrike","jesterMod:Precipitation","Replay:SS_hec_1","jesterMod:TrickyDodge+1","jesterMod:ButterKnife+1","jesterMod:Squander","jesterMod:Feint+1","jesterMod:Inspiration+1","Parasite","jesterMod:Schizophrenia+1"],"relics":["jesterMod:JesterCap","NeowsBlessing","Replay:Bottled Steam","Matryoshka","Replay:Ancient Bell","Bronze Scales","infinitespire:EmpoweringShard","aspiration:DSix","Ginger","halation:AfternoonTea","ReplayTheSpireMod:Ring of Sloth","Ring of Fury","halation:NonexistentMirror","halation:LettersToHer","halation:PromiseList","infinitespire:CheckeredPen","Nunchaku","halation:Yufonium","ReplayTheSpireMod:TigerMarble","aspiration:HummingbirdHeart"],"acts_visited":["Exordium","TheCity","TheBeyond"],"potions_floor_usage":[50,50],"damage_taken":[{"damage":0.0,"enemies":"2 Louse","floor":1.0,"turns":1.0},{"damage":0.0,"enemies":"Cultist","floor":3.0,"turns":1.0},{"damage":0.0,"enemies":"Jaw Worm","floor":4.0,"turns":1.0},{"damage":2.0,"enemies":"Blue Slaver","floor":5.0,"turns":5.0},{"damage":0.0,"enemies":"2 Fungi Beasts","floor":10.0,"turns":4.0},{"damage":0.0,"enemies":"Large Slime","floor":11.0,"turns":7.0},{"damage":3.0,"enemies":"Lagavulin","floor":13.0,"turns":9.0},{"damage":8.0,"enemies":"The Guardian","floor":16.0,"turns":17.0},{"damage":6.0,"enemies":"3 Byrds","floor":18.0,"turns":4.0},{"damage":10.0,"enemies":"Spheric Guardian","floor":22.0,"turns":4.0},{"damage":2.0,"enemies":"Book of Stabbing","floor":23.0,"turns":7.0},{"damage":13.0,"enemies":"3 Cultists","floor":25.0,"turns":7.0},{"damage":0.0,"enemies":"Shelled Parasite and Fungi","floor":27.0,"turns":6.0},{"damage":9.0,"enemies":"Snake Plant","floor":29.0,"turns":4.0},{"damage":7.0,"enemies":"Centurion and Healer","floor":31.0,"turns":7.0},{"damage":12.0,"enemies":"bossMod:newChamp","floor":33.0,"turns":13.0},{"damage":13.0,"enemies":"Orb Walker","floor":35.0,"turns":5.0},{"damage":25.0,"enemies":"3 Darklings","floor":39.0,"turns":7.0},{"damage":14.0,"enemies":"Transient","floor":41.0,"turns":5.0},{"damage":12.0,"enemies":"Reptomancer","floor":42.0,"turns":7.0},{"damage":11.0,"enemies":"Maw","floor":44.0,"turns":6.0},{"damage":7.0,"enemies":"4 Shapes","floor":46.0,"turns":7.0},{"damage":0.0,"enemies":"Writhing Mass","floor":47.0,"turns":6.0},{"damage":20.0,"enemies":"Jaw Worm Horde","floor":48.0,"turns":5.0},{"damage":32,"enemies":"conspire:OrnateMirror","floor":50,"turns":22}],"seed_played":"-2406687959546190946","potions_obtained":[{"floor":3.0,"key":"hexamod:EctoCoolerPotion"},{"floor":4.0,"key":"Ancient Potion"},{"floor":11.0,"key":"Weak Potion"},{"floor":19.0,"key":"CultistPotion"},{"floor":22.0,"key":"Swift Potion"},{"floor":25.0,"key":"Dexterity Potion"},{"floor":35.0,"key":"Elixir"},{"floor":39.0,"key":"Flashbang"},{"floor":46.0,"key":"PowerPotion"}],"is_trial":false,"path_per_floor":["M","?","M","M","M","R","?","R","T","M","M","R","E","?","R","B",null,"M","?","?","$","M","E","R","M","T","M","R","M","?","M","R","B",null,"M","$","$","?","M","R","M","E","T","M","R","M","M","M","R","B",null],"character_chosen":"THE_JESTER","items_purchased":["halation:NonexistentMirror","expansioncontent:BronzeBeam","jesterMod:Arrythmia","jesterMod:ButterKnife","jesterMod:RecklessStrike","jesterMod:Precipitation"],"campfire_rested":4,"item_purchase_floors":[21,21,36,36,37,37],"current_hp_per_floor":[70,70,70,70,68,68,68,68,68,68,68,68,65,65,70,62,70,64,36,36,36,26,24,24,11,11,11,32,35,35,28,49,52,70,57,57,57,57,32,53,54,42,42,31,31,24,24,4,25,8],"gold":124,"neow_bonus":"THREE_ENEMY_KILL","is_daily":false,"chose_seed":false,"campfire_upgraded":5,"win_rate":0.0,"timestamp":1609777190,"path_taken":["M","?","M","?","M","R","?","R","T","M","M","R","E","?","R","BOSS","M","?","?","?","?","E","R","M","T","M","R","M","?","M","R","BOSS","M","?","$","?","M","R","M","E","T","M","R","M","M","M","R","BOSS"],"items_purchased_type":["Relic","Card","Card","Card","Card","Card"],"build_version":"2020-12-22","purchased_purges":1,"victory":true,"max_hp_per_floor":[70,70,70,70,70,70,70,70,70,70,70,70,70,70,70,70,70,70,70,70,70,70,70,70,70,70,70,70,70,70,70,70,70,70,70,70,70,70,70,70,70,70,70,70,70,70,70,70,70,70],"card_choices":[{"not_picked":["jesterMod:BouncingKnife","jesterMod:Precipitation"],"picked":"jesterMod:Hide","floor":1.0},{"not_picked":["jesterMod:RecklessStrike","jesterMod:TrickyDodge"],"picked":"jesterMod:Swiftness","floor":3.0},{"not_picked":["jesterMod:MudBall","jesterMod:Squander"],"picked":"jesterMod:Tinker","floor":4.0},{"not_picked":["jesterMod:BouncingKnife","jesterMod:Schizophrenia"],"picked":"jesterMod:OblivionStrike","floor":5.0},{"not_picked":["jesterMod:Rebuff","jesterMod:RecklessStrike"],"picked":"jesterMod:BouncingKnife","floor":10.0},{"not_picked":["jesterMod:Anticipation","jesterMod:SelfMockery"],"picked":"jesterMod:Illness","floor":11.0},{"not_picked":["jesterMod:PerfectDodge","jesterMod:JackInTheBox","jesterMod:Drunkenness"],"picked":"SKIP","floor":13.0},{"not_picked":["jesterMod:ExperimentalTreatment","jesterMod:Juggler"],"picked":"jesterMod:Encore","floor":16.0},{"not_picked":["ReplayTheSpireMod:Splinters","conspire:NecroticWound"],"picked":"Injury","floor":17.0},{"not_picked":["hubris:Despair","hubris:Lust"],"picked":"ReplayTheSpireMod:Faulty Equipment","floor":17.0},{"not_picked":["CloudedMind","conspire:NecroticWound"],"picked":"ReplayTheSpireMod:IOU","floor":17.0},{"not_picked":["jesterMod:Illness","jesterMod:Precipitation+1"],"picked":"jesterMod:Swiftness","floor":18.0},{"not_picked":["jesterMod:MudBall","jesterMod:Feint"],"picked":"jesterMod:Precipitation","floor":19.0},{"not_picked":["jesterMod:Encore","jesterMod:ButterKnife"],"picked":"jesterMod:Hide","floor":22.0},{"not_picked":["jesterMod:JackInTheBox","jesterMod:SwiftDodge"],"picked":"jesterMod:Exasperation","floor":23.0},{"not_picked":["jesterMod:PerfectDodge","jesterMod:Tinker+1"],"picked":"jesterMod:Disposophobia","floor":25.0},{"not_picked":["jesterMod:SmokeScreen","jesterMod:Tinker","jesterMod:Dilapidation"],"picked":"SKIP","floor":27.0},{"not_picked":["jesterMod:SmokeScreen","jesterMod:Tinker","jesterMod:Dilapidation"],"picked":"SKIP","floor":27.0},{"not_picked":["jesterMod:JackInTheBox","jesterMod:Feint"],"picked":"jesterMod:Haste","floor":29.0},{"not_picked":["jesterMod:JackInTheBox","jesterMod:ExperimentalTreatment"],"picked":"jesterMod:Flee+1","floor":31.0},{"not_picked":["jesterMod:BoilDown","jesterMod:Juggle"],"picked":"jesterMod:Frustration","floor":33.0},{"not_picked":["jesterMod:OblivionStrike+1","jesterMod:MudBall+1"],"picked":"jesterMod:Prankster","floor":35.0},{"not_picked":["Swift Strike","Replay:Dark Deal"],"picked":"Replay:SS_hec_1","floor":38.0},{"not_picked":["jesterMod:Anticipation","jesterMod:Patience"],"picked":"jesterMod:TrickyDodge+1","floor":39.0},{"not_picked":["jesterMod:RecklessStrike+1","jesterMod:SmokeScreen"],"picked":"jesterMod:ButterKnife+1","floor":41.0},{"not_picked":["jesterMod:Encore","jesterMod:QuickStrike"],"picked":"jesterMod:Squander","floor":42.0},{"not_picked":["jesterMod:Dilapidation+1","jesterMod:Anticipation"],"picked":"jesterMod:Feint+1","floor":44.0},{"not_picked":["jesterMod:SmokeScreen","jesterMod:BouncingKnife+1"],"picked":"jesterMod:Inspiration+1","floor":46.0},{"not_picked":["jesterMod:SelfMockery+1","jesterMod:MudBall+1","jesterMod:SmokeScreen+1"],"picked":"SKIP","floor":47.0},{"not_picked":["jesterMod:Illness+1","jesterMod:TrickyDodge+1"],"picked":"jesterMod:Schizophrenia+1","floor":48.0}],"player_experience":231672,"relics_obtained":[{"floor":9.0,"key":"Replay:Bottled Steam"},{"floor":13.0,"key":"Matryoshka"},{"floor":19.0,"key":"Ginger"},{"floor":19.0,"key":"halation:AfternoonTea"},{"floor":20.0,"key":"ReplayTheSpireMod:Ring of Sloth"},{"floor":20.0,"key":"Ring of Fury"},{"floor":23.0,"key":"halation:LettersToHer"},{"floor":26.0,"key":"halation:PromiseList"},{"floor":26.0,"key":"infinitespire:CheckeredPen"},{"floor":26.0,"key":"halation:LettersToHer"},{"floor":30.0,"key":"Nunchaku"},{"floor":42.0,"key":"ReplayTheSpireMod:TigerMarble"},{"floor":43.0,"key":"halation:LettersToHer"},{"floor":43.0,"key":"aspiration:HummingbirdHeart"}],"event_choices":[{"cards_removed":["jesterMod:Strike"],"damage_healed":0.0,"max_hp_gain":0.0,"max_hp_loss":0.0,"gold_gain":0.0,"event_name":"Purifier","player_choice":"Purged","floor":2.0,"gold_loss":0.0,"damage_taken":0.0},{"damage_healed":0.0,"max_hp_gain":0.0,"max_hp_loss":0.0,"gold_gain":0.0,"event_name":"The Cleric","player_choice":"Leave","floor":7.0,"gold_loss":0.0,"damage_taken":0.0},{"damage_healed":0.0,"max_hp_gain":0.0,"max_hp_loss":0.0,"gold_gain":0.0,"event_name":"Wheel of Change","player_choice":"Relic","floor":30.0,"gold_loss":0.0,"damage_taken":0.0},{"damage_healed":0.0,"max_hp_gain":0.0,"max_hp_loss":0.0,"gold_gain":0.0,"event_name":"SensoryStone","player_choice":"Memory 1","floor":38.0,"gold_loss":0.0,"damage_taken":0.0}],"is_beta":false,"boss_relics":[{"not_picked":["hubris:Stopwatch","halation:Risk"],"picked":"Replay:Ancient Bell"},{"not_picked":["aspiration:HiddenCompartment","MealTicket"],"picked":"Bronze Scales"},{"not_picked":["infinitespire:FocusingShard","hubris:DuctTape"],"picked":"infinitespire:EmpoweringShard"},{"not_picked":["ZombieTooth","hubris:Teleporter"],"picked":"aspiration:DSix"},{"not_picked":["Ring of Chaos","hubris:CrackedHourglass"],"picked":"halation:Yufonium"}],"items_purged_floors":[36],"is_endless":false,"potions_floor_spawned":[3,4,11,16,22,25,27,29,35,39,46],"ascension_level":0}}