{"host":"77pvex58kafzx78l","time":1609748691,"event":{"mods":["BaseMod","Better Vampires","DeckTracker","Googly Eyes","Minty Spire (QoL Compilation)","Quick Restart","StSLib","SuperFastMode"],"gold_per_floor":[119,119,132,132,132,132,171,198,223,223,238,163,163,188,188,278,578,598,611,634,647,647,647,685,136,163,201,251,251,103,103,103,175,175,185,185,74,84,94,120,134,7,7,32,32,67,67,84,84,84],"floor_reached":51,"playtime":1300,"items_purged":["Defend_P","Strike_P","Strike_P","Defend_P+1","Strike_P+1"],"score":1508,"play_id":"4d08ad0c-9c41-4fc4-8c7b-183d09ca8472","local_time":"20210104162451","is_ascension_mode":true,"campfire_choices":[{"data":"Eruption","floor":6.0,"key":"SMITH"},{"data":"Adaptation","floor":10.0,"key":"SMITH"},{"data":"FearNoEvil","floor":13.0,"key":"SMITH"},{"data":"Vigilance","floor":15.0,"key":"SMITH"},{"data":"EmptyMind","floor":23.0,"key":"SMITH"},{"floor":29.0,"key":"REST"},{"data":"Master of Strategy","floor":32.0,"key":"SMITH"},{"floor":47,"key":"RECALL"}],"circlet_count":0,"master_deck":["AscendersBane","Strike_P+1","Defend_P+1","Defend_P+1","Eruption+1","Vigilance+1","Adaptation+1","FearNoEvil+1","LessonLearned+1","EmptyMind+1","Apotheosis+1","Wallop+1","Master of Strategy+1","Scrawl+1","Adaptation+1","Study+1"],"relics":["PureWater","NeowsBlessing","Bloody Idol","MealTicket","Akabeko","Damaru","Odd Mushroom","Calling Bell","Pen Nib","Singing Bowl","Old Coin","Omamori","Membership Card","Incense Burner","Orichalcum","Tiny Chest","War Paint","Coffee Dripper","Bag of Preparation","Bird Faced Urn","StrikeDummy","Ornamental Fan","Bag of Marbles"],"acts_visited":["Exordium","TheCity","TheBeyond"],"potions_floor_usage":[50],"damage_taken":[{"damage":2.0,"enemies":"2 Louse","floor":1.0,"turns":2.0},{"damage":0.0,"enemies":"Cultist","floor":3.0,"turns":1.0},{"damage":0.0,"enemies":"Lagavulin","floor":7.0,"turns":2.0},{"damage":2.0,"enemies":"Small Slimes","floor":11.0,"turns":2.0},{"damage":20.0,"enemies":"The Mushroom Lair","floor":14.0,"turns":4.0},{"damage":6.0,"enemies":"Slime Boss","floor":16.0,"turns":7.0},{"damage":1.0,"enemies":"Spheric Guardian","floor":18.0,"turns":3.0},{"damage":11.0,"enemies":"Chosen","floor":19.0,"turns":4.0},{"damage":7.0,"enemies":"Sentry and Sphere","floor":20.0,"turns":3.0},{"damage":0.0,"enemies":"Snecko","floor":21.0,"turns":4.0},{"damage":31.0,"enemies":"Book of Stabbing","floor":24.0,"turns":3.0},{"damage":20.0,"enemies":"Slavers","floor":27.0,"turns":7.0},{"damage":14,"enemies":"Champ","floor":33,"turns":5},{"damage":0,"enemies":"3 Shapes","floor":35,"turns":2},{"damage":0,"enemies":"3 Darklings","floor":38,"turns":2},{"damage":18,"enemies":"Maw","floor":39,"turns":5},{"damage":0,"enemies":"Giant Head","floor":40,"turns":3},{"damage":0,"enemies":"Spire Growth","floor":41,"turns":2},{"damage":18,"enemies":"Nemesis","floor":44,"turns":5},{"damage":0,"enemies":"Giant Head","floor":46,"turns":1},{"damage":0,"enemies":"Transient","floor":48,"turns":1},{"damage":14,"enemies":"Donu and Deca","floor":50,"turns":4}],"seed_played":"8075368971127208601","potions_obtained":[{"floor":2.0,"key":"PowerPotion"},{"floor":2.0,"key":"Explosive Potion"},{"floor":14.0,"key":"EntropicBrew"},{"floor":16.0,"key":"DistilledChaos"},{"floor":21.0,"key":"DistilledChaos"},{"floor":33,"key":"LiquidBronze"},{"floor":38,"key":"Block Potion"},{"floor":40,"key":"Energy Potion"}],"is_trial":false,"path_per_floor":["M","?","M","?","?","R","E","T","T","R","M","$","R","?","R","B",null,"M","M","M","M","?","R","E","$","T","E","?","R","$","?","R","B",null,"M","?","$","M","M","E","M","$","T","E","T","E","R","M","R","B",null],"character_chosen":"WATCHER","items_purchased":["Membership Card","Apotheosis","Incense Burner","Orichalcum","Wallop","Master of Strategy","Adaptation","Study"],"campfire_rested":1,"item_purchase_floors":[25,25,25,25,25,30,37,42],"current_hp_per_floor":[59,59,59,59,59,59,59,59,59,59,57,62,62,42,42,36,56,55,46,41,43,43,43,14,29,29,11,11,32,47,47,47,38,64,71,60,74,76,65,72,79,82,82,71,71,84,84,88,88,74],"gold":84,"neow_bonus":"THREE_ENEMY_KILL","is_daily":false,"chose_seed":false,"campfire_upgraded":6,"win_rate":0.0,"timestamp":1609748691,"path_taken":["M","?","?","?","?","R","E","?","T","R","M","$","R","?","R","BOSS","M","M","M","M","?","R","E","$","T","E","?","R","$","?","R","BOSS","M","?","$","M","M","E","M","$","T","E","?","E","R","M","R","BOSS"],"items_purchased_type":["Relic","Card","Relic","Relic","Card","Card","Card","Card"],"build_version":"2020-12-22","purchased_purges":5,"victory":true,"max_hp_per_floor":[68,68,68,62,62,62,62,62,62,62,62,62,62,62,62,62,62,62,64,66,68,68,68,70,70,70,72,72,72,72,72,72,72,72,74,74,74,76,78,80,82,82,82,84,84,86,86,88,88,88],"card_choices":[{"not_picked":["PathToVictory","ClearTheMind","Conclude"],"picked":"SKIP","floor":1.0},{"not_picked":["Consecrate","Vengeance"],"picked":"Adaptation","floor":3.0},{"not_picked":["WheelKick","FollowUp","Protect"],"picked":"SKIP","floor":7.0},{"not_picked":["ReachHeaven","JustLucky"],"picked":"FearNoEvil","floor":11.0},{"not_picked":["Judgement","Ragnarok"],"picked":"LessonLearned","floor":16.0},{"not_picked":["Prostrate","CutThroughFate"],"picked":"EmptyMind","floor":18.0},{"not_picked":["WaveOfTheHand","Crescendo","PathToVictory"],"picked":"Singing Bowl","floor":19.0},{"not_picked":["CarveReality","ReachHeaven+1","Sanctity"],"picked":"Singing Bowl","floor":20.0},{"not_picked":["Protect+1","SashWhip","Weave+1"],"picked":"Singing Bowl","floor":21.0},{"not_picked":["DeceiveReality","EmptyBody","Consecrate"],"picked":"Singing Bowl","floor":24.0},{"not_picked":["SandsOfTime","Protect+1","FollowUp"],"picked":"Singing Bowl","floor":27.0},{"not_picked":["ConjureBlade","DevaForm"],"picked":"Scrawl","floor":33},{"not_picked":["FlyingSleeves","CutThroughFate","ThirdEye"],"picked":"Singing Bowl","floor":35},{"not_picked":["EmptyFist","Prostrate","Study+1"],"picked":"Singing Bowl","floor":38},{"not_picked":["Vengeance+1","CrushJoints+1","Consecrate"],"picked":"Singing Bowl","floor":39},{"not_picked":["Evaluate","FollowUp","FlurryOfBlows"],"picked":"Singing Bowl","floor":40},{"not_picked":["Evaluate","FollowUp+1","Study"],"picked":"Singing Bowl","floor":41},{"not_picked":["PathToVictory","Blasphemy","ClearTheMind+1"],"picked":"Singing Bowl","floor":44},{"not_picked":["FlurryOfBlows","SashWhip","EmptyFist"],"picked":"Singing Bowl","floor":46},{"not_picked":["FollowUp","LikeWater","Evaluate"],"picked":"Singing Bowl","floor":48}],"player_experience":282673,"relics_obtained":[{"floor":7.0,"key":"MealTicket"},{"floor":8.0,"key":"Akabeko"},{"floor":9.0,"key":"Damaru"},{"floor":14.0,"key":"Odd Mushroom"},{"floor":17.0,"key":"Pen Nib"},{"floor":17.0,"key":"Singing Bowl"},{"floor":17.0,"key":"Old Coin"},{"floor":24.0,"key":"Omamori"},{"floor":26.0,"key":"Tiny Chest"},{"floor":27.0,"key":"War Paint"},{"floor":40,"key":"Bag of Preparation"},{"floor":43,"key":"Bird Faced Urn"},{"floor":44,"key":"StrikeDummy"},{"floor":45,"key":"Ornamental Fan"},{"floor":46,"key":"Bag of Marbles"}],"event_choices":[{"damage_healed":0.0,"max_hp_gain":0.0,"max_hp_loss":0.0,"gold_gain":0.0,"event_name":"Lab","player_choice":"Got Potions","floor":2.0,"gold_loss":0.0,"damage_taken":0.0},{"damage_healed":0.0,"max_hp_gain":0.0,"max_hp_loss":6.0,"gold_gain":0.0,"event_name":"Golden Idol","player_choice":"Lose Max HP","floor":4.0,"gold_loss":0.0,"damage_taken":0.0,"relics_obtained":["Golden Idol"]},{"damage_healed":0.0,"max_hp_gain":0.0,"max_hp_loss":0.0,"gold_gain":0.0,"event_name":"Liars Game","player_choice":"Ignored","floor":5.0,"gold_loss":0.0,"damage_taken":0.0},{"damage_healed":0.0,"max_hp_gain":0.0,"max_hp_loss":0.0,"gold_gain":0.0,"event_name":"Mushrooms","player_choice":"Fought Mushrooms","floor":14.0,"gold_loss":0.0,"damage_taken":0.0},{"damage_healed":0.0,"max_hp_gain":0.0,"max_hp_loss":0.0,"gold_gain":0.0,"event_name":"Vampires","player_choice":"Ignored","floor":22.0,"gold_loss":0.0,"damage_taken":0.0},{"damage_healed":0.0,"max_hp_gain":0.0,"max_hp_loss":0.0,"gold_gain":50.0,"event_name":"Nest","player_choice":"Stole From Cult","floor":28.0,"gold_loss":0.0,"damage_taken":0.0},{"damage_healed":0.0,"max_hp_gain":0.0,"max_hp_loss":0.0,"gold_gain":0.0,"event_name":"Forgotten Altar","player_choice":"Gave Idol","floor":31.0,"relics_lost":["Golden Idol"],"gold_loss":0.0,"damage_taken":0.0,"relics_obtained":["Bloody Idol"]},{"damage_healed":0,"gold_gain":0,"player_choice":"Damaged","damage_taken":11,"max_hp_gain":0,"max_hp_loss":0,"event_name":"Wheel of Change","floor":36,"gold_loss":0}],"is_beta":false,"boss_relics":[{"not_picked":["Velvet Choker","Ectoplasm"],"picked":"Calling Bell"},{"not_picked":["SacredBark","Black Star"],"picked":"Coffee Dripper"}],"items_purged_floors":[12,25,30,37,42],"is_endless":false,"potions_floor_spawned":[3,7,14,16,18,21,33,38,40,41],"ascension_level":15}}