{"host":"f5uumzf5hfexzk8l","time":1609718702,"event":{"mods":["AchievementEnabler","BaseMod","Colored Map","Googly Eyes","Highlight Path","Minty Spire (QoL Compilation)","Permanent Neow","Relic Stats","StSLib","SuperFastMode","Unceasing Turn Reminder","everything is the same but u backflip on backflip"],"gold_per_floor":[119,131,146,146,159,191,210,228,255,255,265,298,318,348,348,452,452,463,482,501,501,501,501,536,563,634,368,368,382,407,420,420,520,520,534,551,551,551],"floor_reached":37,"playtime":2347,"items_purged":["Strike_P"],"score":749,"play_id":"a6a5e6c3-2244-44cd-87de-35709b76150c","local_time":"20210103160502","is_ascension_mode":true,"campfire_choices":[{"data":"Eruption","floor":10,"key":"SMITH"},{"data":"ClearTheMind","floor":15,"key":"SMITH"},{"data":"Writhe","floor":23,"key":"PURGE"},{"floor":28,"key":"REST"},{"floor":32,"key":"REST"}],"circlet_count":0,"master_deck":["Strike_P","Defend_P","Defend_P","Defend_P","Eruption+1","Vigilance","EmptyBody","CarveReality","Wallop","Study","Conclude","Tantrum","EmptyMind","LikeWater","SandsOfTime","ClearTheMind+1","CrushJoints","Blasphemy","LikeWater","Meditate","TalkToTheHand","Establishment","WreathOfFlame+1","SpiritShield+1","Evaluate+1","Perseverance+1","TalkToTheHand","MasterReality","DeceiveReality+1"],"relics":["PureWater","Peace Pipe","Dream Catcher","Tiny Chest","Orichalcum","Sozu","Happy Flower","Smiling Mask","Lantern","Toxic Egg 2","Potion Belt"],"acts_visited":["Exordium","TheCity","TheBeyond"],"potions_floor_usage":[16,16,33],"damage_taken":[{"damage":0,"enemies":"Small Slimes","floor":1,"turns":2},{"damage":6,"enemies":"Cultist","floor":2,"turns":5},{"damage":3,"enemies":"Jaw Worm","floor":3,"turns":4},{"damage":0,"enemies":"Looter","floor":5,"turns":2},{"damage":0,"enemies":"Gremlin Nob","floor":6,"turns":2},{"damage":10,"enemies":"Exordium Wildlife","floor":7,"turns":3},{"damage":10,"enemies":"3 Louse","floor":8,"turns":3},{"damage":0,"enemies":"Large Slime","floor":11,"turns":3},{"damage":0,"enemies":"Lagavulin","floor":12,"turns":4},{"damage":2,"enemies":"Exordium Wildlife","floor":13,"turns":3},{"damage":5,"enemies":"3 Sentries","floor":14,"turns":6},{"damage":19,"enemies":"The Guardian","floor":16,"turns":12},{"damage":3,"enemies":"Shell Parasite","floor":18,"turns":3},{"damage":2,"enemies":"3 Byrds","floor":19,"turns":5},{"damage":12,"enemies":"Centurion and Healer","floor":20,"turns":4},{"damage":15,"enemies":"Book of Stabbing","floor":24,"turns":4},{"damage":0,"enemies":"Snecko","floor":29,"turns":3},{"damage":0,"enemies":"Gremlin Leader","floor":30,"turns":4},{"damage":25,"enemies":"Shelled Parasite and Fungi","floor":31,"turns":6},{"damage":39,"enemies":"Automaton","floor":33,"turns":9},{"damage":34,"enemies":"3 Shapes","floor":35,"turns":7},{"damage":22,"enemies":"3 Darklings","floor":36,"turns":8},{"damage":4,"enemies":"Spire Growth","floor":37,"turns":3}],"seed_played":"-283444524211847379","potions_obtained":[{"floor":2,"key":"AttackPotion"},{"floor":3,"key":"FearPotion"},{"floor":5,"key":"EssenceOfSteel"},{"floor":11,"key":"SteroidPotion"}],"is_trial":false,"path_per_floor":["M","M","M","?","M","E","M","M","T","R","M","E","M","E","R","B",null,"M","M","M","?","?","R","E","T","T","$","R","M","E","M","R","B",null,"M","M","M"],"character_chosen":"WATCHER","items_purchased":["TalkToTheHand","Establishment","WreathOfFlame+1"],"campfire_rested":2,"item_purchase_floors":[27,27,27],"current_hp_per_floor":[65,59,56,56,56,56,46,36,36,36,36,36,34,29,29,10,51,48,46,34,23,23,23,8,8,8,8,29,29,29,4,25,26,59,25,3,0,0],"gold":551,"neow_bonus":"REMOVE_TWO","is_daily":false,"chose_seed":false,"campfire_upgraded":2,"win_rate":0.0,"timestamp":1609718702,"path_taken":["M","M","M","?","M","E","M","M","T","R","M","E","?","E","R","BOSS","M","M","M","?","?","R","E","?","T","$","R","?","E","M","R","BOSS","M","M","M"],"items_purchased_type":["Card","Card","Card"],"build_version":"2020-12-22","purchased_purges":1,"victory":false,"max_hp_per_floor":[65,65,65,65,65,65,65,65,65,65,65,65,65,65,65,65,65,65,65,65,70,70,70,70,70,70,70,70,70,70,70,70,70,70,70,70,70,70],"relic_stats":{"Peace Pipe":1,"Sozu":3,"Dream Catcher":2,"Happy Flower":[14],"counters":[23,105],"Tiny Chest":1,"Orichalcum":[54],"Smiling Mask":25,"obtain_stats":[{"Peace Pipe":6,"Sozu":17,"Potion Belt":30,"Dream Catcher":9,"Lantern":25,"Happy Flower":22,"Tiny Chest":12,"PureWater":0,"Orichalcum":14,"Toxic Egg 2":26,"Smiling Mask":24},{"Peace Pipe":5,"Sozu":12,"Potion Belt":18,"Dream Catcher":7,"Lantern":16,"Happy Flower":15,"Tiny Chest":9,"PureWater":0,"Orichalcum":11,"Toxic Egg 2":16,"Smiling Mask":16},{"Peace Pipe":15,"Sozu":49,"Potion Belt":72,"Dream Catcher":21,"Lantern":65,"Happy Flower":61,"Tiny Chest":28,"PureWater":0,"Orichalcum":37,"Toxic Egg 2":65,"Smiling Mask":65}]},"card_choices":[{"not_picked":["Protect","Weave"],"picked":"EmptyBody","floor":1},{"not_picked":["Study","FollowUp"],"picked":"CarveReality","floor":2},{"not_picked":["FlyingSleeves","CrushJoints"],"picked":"Wallop","floor":3},{"not_picked":["PathToVictory","Halt"],"picked":"Conclude","floor":5},{"not_picked":["Swivel","Protect"],"picked":"Tantrum","floor":6},{"not_picked":["DeceiveReality","Study"],"picked":"EmptyMind","floor":7},{"not_picked":["EmptyBody","Halt"],"picked":"LikeWater","floor":8},{"not_picked":["ThirdEye","JustLucky"],"picked":"SandsOfTime","floor":11},{"not_picked":["FollowUp","Wish"],"picked":"ClearTheMind","floor":12},{"not_picked":["SashWhip","EmptyFist"],"picked":"CrushJoints","floor":13},{"not_picked":["Crescendo","DevaForm","CrushJoints"],"picked":"SKIP","floor":14},{"not_picked":["SpiritShield","DevaForm"],"picked":"Blasphemy","floor":16},{"not_picked":["CrushJoints+1","ReachHeaven"],"picked":"LikeWater","floor":18},{"not_picked":["JustLucky","Swivel+1","FollowUp"],"picked":"SKIP","floor":19},{"not_picked":["Collect","FlyingSleeves"],"picked":"Meditate","floor":20},{"not_picked":["FollowUp","Indignation","Consecrate+1"],"picked":"SKIP","floor":24},{"not_picked":["Crescendo+1","FearNoEvil"],"picked":"SpiritShield+1","floor":28},{"not_picked":["Consecrate","Conclude+1","ClearTheMind+1"],"picked":"SKIP","floor":29},{"not_picked":["EmptyBody+1","Tantrum+1"],"picked":"Evaluate+1","floor":30},{"not_picked":["EmptyBody+1","Collect+1"],"picked":"Perseverance+1","floor":31},{"not_picked":["Worship+1","EmptyMind+1"],"picked":"TalkToTheHand","floor":32},{"not_picked":["DevaForm","Ragnarok"],"picked":"MasterReality","floor":33},{"not_picked":["CrushJoints","Consecrate"],"picked":"DeceiveReality+1","floor":35},{"not_picked":["Conclude","ForeignInfluence+1","SandsOfTime+1"],"picked":"SKIP","floor":36}],"player_experience":367608,"relics_obtained":[{"floor":6,"key":"Peace Pipe"},{"floor":9,"key":"Dream Catcher"},{"floor":12,"key":"Tiny Chest"},{"floor":14,"key":"Orichalcum"},{"floor":24,"key":"Smiling Mask"},{"floor":25,"key":"Lantern"},{"floor":26,"key":"Toxic Egg 2"},{"floor":30,"key":"Potion Belt"}],"event_choices":[{"damage_healed":0,"gold_gain":0,"cards_transformed":["Strike_P"],"player_choice":"Transformed","damage_taken":0,"max_hp_gain":0,"max_hp_loss":0,"event_name":"Transmorgrifier","floor":4,"gold_loss":0,"cards_obtained":["Study"]},{"damage_healed":0,"gold_gain":0,"player_choice":"Shed Blood","damage_taken":16,"max_hp_gain":5,"max_hp_loss":0,"event_name":"Forgotten Altar","floor":21,"gold_loss":0},{"damage_healed":0,"gold_gain":0,"player_choice":"Opened","damage_taken":0,"relics_obtained":["Happy Flower"],"max_hp_gain":0,"max_hp_loss":0,"event_name":"The Mausoleum","floor":22,"gold_loss":0,"cards_obtained":["Writhe"]}],"is_beta":false,"boss_relics":[{"not_picked":["HolyWater","Snecko Eye"],"picked":"Sozu"},{"not_picked":["Coffee Dripper","Velvet Choker","Pandora\u0027s Box"]}],"items_purged_floors":[27],"is_endless":false,"potions_floor_spawned":[2,3,5,11,13,14,24,29,31,36],"killed_by":"Spire Growth","ascension_level":8}}