{"host":"hyzxin88cl4apzyp","time":1609749101,"event":{"mods":["Act Like it!","Arknights The Spire","BaseMod","CapriCore","Friendly Minions","Gensokyo","Highlight Path","LagranYue(拉格朗・月)","Minty Spire (QoL Compilation)","Pale of the Ancients","RumiaBox-露米娅的神秘盒子","StSLib","SuperFastMode","Waifu the Spire","vexMod","【遗物卡牌】REMEMod"],"gold_per_floor":[110,110,121,138,152,152,227,227,227,227,227,1226,1226],"floor_reached":12,"playtime":546,"items_purged":[],"score":95,"play_id":"16b72938-88c8-41b7-b18b-75396908f37c","local_time":"20210104163141","is_ascension_mode":false,"campfire_choices":[{"data":"ats:Dogmatic Field","floor":6.0,"key":"SMITH"},{"data":"ats:Emotion Absorption","floor":8.0,"key":"SMITH"}],"circlet_count":0,"master_deck":["ats:Strike C","ats:Strike G","ats:Strike S","ats:Strike V","ats:Armor Crushing Shot+1","ats:Defend","ats:Defend","ats:Defend","ats:Defend","ats:Emotion Absorption+1","ats:Dogmatic Field+1","ats:Roar Of Ursus"],"relics":["ats:Sanity","REME_ComplimentaryCards","LagranYue:RandomDrawCardRelic","Baka","LagranYue:ReturningEmperorRelic","FossilizedHelix","FossilizedHelix","vexMod:BerryBomb","Golden Idol"],"acts_visited":["Exordium"],"potions_floor_usage":[],"damage_taken":[{"damage":1.0,"enemies":"Jaw Worm","floor":1.0,"turns":3.0},{"damage":55.0,"enemies":"Cultist","floor":3.0,"turns":7.0},{"damage":0.0,"enemies":"2 Louse","floor":4.0,"turns":3.0},{"damage":2.0,"enemies":"Blue Slaver","floor":5.0,"turns":4.0},{"damage":8.0,"enemies":"Gremlin Gang","floor":11.0,"turns":3.0},{"damage":34,"enemies":"Gremlin Nob","floor":12,"turns":5}],"seed_played":"6525280360524517580","potions_obtained":[{"floor":3.0,"key":"BlessingOfTheForge"},{"floor":4.0,"key":"SmokeBomb"}],"is_trial":false,"path_per_floor":["M","?","M","M","M","R","?","R","T","?","M","E"],"character_chosen":"DOCTOR_CLASS","items_purchased":[],"campfire_rested":0,"item_purchase_floors":[],"current_hp_per_floor":[71,71,16,16,14,14,3,3,9,9,1,0,0],"gold":1226,"neow_bonus":"UPGRADE_CARD","is_daily":false,"chose_seed":false,"campfire_upgraded":2,"win_rate":0.0,"timestamp":1609749101,"path_taken":["M","?","M","?","M","R","?","R","T","?","M","E"],"items_purchased_type":[],"build_version":"2020-12-22","purchased_purges":0,"victory":false,"max_hp_per_floor":[72,72,72,72,72,72,72,72,78,72,72,72,72],"card_choices":[{"not_picked":["ats:Curse Doll","ats:Burning Ground"],"picked":"ats:Apocalypse","floor":1.0},{"not_picked":["ats:Magnetic Hammer","ats:Hammer On","ats:Assault Order"],"picked":"SKIP","floor":3.0},{"not_picked":["ats:Consecutive Shot Auto","ats:Explosion Area Strengthen","ats:Curse Doll"],"picked":"SKIP","floor":4.0},{"not_picked":["ats:Flexible Camouflage","ats:Apocalypse"],"picked":"ats:Dogmatic Field","floor":5.0}],"player_experience":95241,"relics_obtained":[{"floor":1.0,"key":"Baka"},{"floor":3.0,"key":"FossilizedHelix"},{"floor":3.0,"key":"FossilizedHelix"},{"floor":9.0,"key":"vexMod:BerryBomb"}],"event_choices":[{"cards_removed":["ats:Apocalypse"],"damage_healed":0.0,"max_hp_gain":0.0,"max_hp_loss":0.0,"gold_gain":0.0,"event_name":"WeMeetAgain","player_choice":"Gave Card","floor":2.0,"gold_loss":0.0,"damage_taken":0.0,"relics_obtained":["LagranYue:ReturningEmperorRelic"]},{"damage_healed":0.0,"max_hp_gain":0.0,"max_hp_loss":0.0,"gold_gain":75.0,"event_name":"World of Goop","player_choice":"Gather Gold","floor":7.0,"gold_loss":0.0,"damage_taken":11.0},{"damage_healed":0.0,"max_hp_gain":0.0,"max_hp_loss":6.0,"gold_gain":0.0,"event_name":"Golden Idol","player_choice":"Lose Max HP","floor":10.0,"gold_loss":0.0,"damage_taken":0.0,"relics_obtained":["Golden Idol"]}],"is_beta":false,"boss_relics":[],"items_purged_floors":[],"is_endless":false,"potions_floor_spawned":[3,4,11],"killed_by":"Gremlin Nob","ascension_level":0}}