{"host":"1a3cjta80tad0aqj","time":1609800673,"event":{"mods":["2.2 Compatiblity","AchievementEnabler","BaseMod","Colored Map","DeckTracker","KOR Keyword Fix","Keyboard Shortcuts","Minty Spire (QoL Compilation)","Permanent Neow","Quick Restart","Random Character Button","StSLib","SuperFastMode","everything is the same but u backflip on backflip"],"gold_per_floor":[144,189,234,184,229,319,319,364,364,639,684,729,254,254,254,254,254],"floor_reached":16,"playtime":768,"items_purged":["Regret"],"score":164,"play_id":"0d873ad3-54eb-477e-809b-3e41a9f7eae0","local_time":"20210105075113","daily_mods":["Chimera","Diverse","Midas"],"is_ascension_mode":false,"campfire_choices":[{"floor":15,"key":"REST"}],"circlet_count":0,"master_deck":["Bash","Survivor","Zap","Eruption","Strike_R","Strike_G+1","Strike_B+1","Defend_R","Defend_P","EmptyFist","Flying Knee","CutThroughFate","Dagger Throw","Steam","Battle Trance+1"],"relics":["Cracked Core","Happy Flower","Toxic Egg 2","Strawberry","Art of War"],"acts_visited":["Exordium"],"potions_floor_usage":[14,16],"damage_taken":[{"damage":0,"enemies":"Cultist","floor":1,"turns":3},{"damage":0,"enemies":"Small Slimes","floor":2,"turns":4},{"damage":2,"enemies":"2 Louse","floor":3,"turns":2},{"damage":2,"enemies":"2 Fungi Beasts","floor":5,"turns":3},{"damage":14,"enemies":"Gremlin Nob","floor":6,"turns":3},{"damage":7,"enemies":"Blue Slaver","floor":8,"turns":3},{"damage":15,"enemies":"Red Slaver","floor":11,"turns":2},{"damage":5,"enemies":"3 Louse","floor":12,"turns":2},{"damage":0,"enemies":"Lagavulin","floor":14,"turns":2}],"seed_played":"-6631355389535803282","potions_obtained":[{"floor":5,"key":"Energy Potion"},{"floor":6,"key":"BlessingOfTheForge"},{"floor":8,"key":"Energy Potion"},{"floor":11,"key":"Energy Potion"}],"is_trial":false,"path_per_floor":["M","M","M","?","M","E","?","M","T","?","M","M","$","E","R","B"],"character_chosen":"DEFECT","items_purchased":["Strawberry","SmokeBomb","Art of War"],"campfire_rested":1,"item_purchase_floors":[13,13,13],"current_hp_per_floor":[75,75,73,73,71,57,42,35,35,35,20,15,22,22,46,0,0],"gold":254,"neow_bonus":"","is_daily":true,"chose_seed":false,"campfire_upgraded":0,"win_rate":0.0,"timestamp":1609800673,"path_taken":["M","M","M","?","M","E","?","M","T","?","M","M","$","E","R","BOSS"],"items_purchased_type":["Relic","Potion","Relic"],"build_version":"2020-12-22","purchased_purges":1,"victory":false,"max_hp_per_floor":[75,75,75,75,75,75,75,75,75,75,75,75,82,82,82,82,82],"card_choices":[{"not_picked":["Halt","Feel No Pain"],"picked":"EmptyFist","floor":1},{"not_picked":["Cloak And Dagger","Disarm"],"picked":"Flying Knee","floor":2},{"not_picked":["Rupture","PathToVictory"],"picked":"CutThroughFate","floor":3},{"not_picked":["Acrobatics","Iron Wave"],"picked":"Dagger Throw","floor":5},{"not_picked":["Consecrate","Evaluate"],"picked":"Steam","floor":6},{"not_picked":["Ghostly Armor","SandsOfTime","Flying Knee"],"picked":"SKIP","floor":8},{"not_picked":["Pommel Strike","Rampage"],"picked":"Battle Trance+1","floor":11},{"not_picked":["Clothesline","Hologram+1","Dual Wield+1"],"picked":"SKIP","floor":12}],"player_experience":96755,"relics_obtained":[{"floor":6,"key":"Happy Flower"},{"floor":9,"key":"Toxic Egg 2"}],"event_choices":[{"cards_removed":["Defend_G"],"damage_healed":0,"gold_gain":0,"player_choice":"Card Removal","damage_taken":0,"max_hp_gain":0,"max_hp_loss":0,"event_name":"The Cleric","floor":4,"gold_loss":50},{"damage_healed":0,"gold_gain":0,"player_choice":"Entered Light","damage_taken":15,"max_hp_gain":0,"max_hp_loss":0,"event_name":"Shining Light","floor":7,"gold_loss":0,"cards_upgraded":["Strike_G","Strike_B"]},{"damage_healed":0,"gold_gain":275,"player_choice":"Desecrate","damage_taken":0,"max_hp_gain":0,"max_hp_loss":0,"event_name":"Golden Shrine","floor":10,"gold_loss":0,"cards_obtained":["Regret"]}],"is_beta":false,"boss_relics":[],"items_purged_floors":[13],"is_endless":false,"potions_floor_spawned":[5,6,8,11],"killed_by":"The Guardian","ascension_level":0}}