{"host":"28p8ce41sjwa6lzf","time":1609771984,"event":{"mods":["BaseMod","Colored Map","Colored Powertips","Highlight Path","Minty Spire (QoL Compilation)","Permanent Neow","Quick Restart","Random Character Button","Rare Cards Sparkle","Relic Stats","StSLib","Unceasing Turn Reminder"],"gold_per_floor":[113,127,146,157,122,148,223,223,249,249,265,279,4,32,44,56,56],"floor_reached":16,"playtime":621,"items_purged":["Strike_R"],"score":224,"play_id":"3d9483d4-b87f-431e-bbf8-bbd3a51087c8","local_time":"20210104085304","is_ascension_mode":true,"campfire_choices":[{"floor":8.0,"key":"REST"},{"data":"Spot Weakness","floor":10.0,"key":"SMITH"},{"floor":15,"key":"REST"}],"circlet_count":0,"master_deck":["AscendersBane","Strike_R","Strike_R","Strike_R","Strike_R","Defend_R","Defend_R","Defend_R","Defend_R","Bash","Metallicize","Twin Strike","Iron Wave","Spot Weakness+1","Dual Wield","Combust","Whirlwind","Spot Weakness+1","Twin Strike"],"relics":["Black Star","Strawberry","Smiling Mask","Tiny Chest","DollysMirror","Frozen Egg 2","MawBank"],"acts_visited":["Exordium"],"potions_floor_usage":[11,14],"damage_taken":[{"damage":6.0,"enemies":"Jaw Worm","floor":1.0,"turns":7.0},{"damage":0.0,"enemies":"2 Louse","floor":2.0,"turns":3.0},{"damage":1.0,"enemies":"Small Slimes","floor":3.0,"turns":4.0},{"damage":6.0,"enemies":"Exordium Thugs","floor":4.0,"turns":5.0},{"damage":48.0,"enemies":"Gremlin Nob","floor":6.0,"turns":5.0},{"damage":0,"enemies":"Large Slime","floor":11,"turns":4},{"damage":12,"enemies":"Looter","floor":12,"turns":4},{"damage":23,"enemies":"Lagavulin","floor":14,"turns":6},{"damage":34,"enemies":"Slime Boss","floor":16,"turns":6}],"seed_played":"1786152575775581647","potions_obtained":[{"floor":1.0,"key":"AttackPotion"},{"floor":3.0,"key":"Energy Potion"},{"floor":4.0,"key":"Explosive Potion"},{"floor":14,"key":"DuplicationPotion"}],"is_trial":false,"path_per_floor":["M","M","M","M","?","E","?","R","T","R","M","M","$","E","R","B"],"character_chosen":"IRONCLAD","items_purchased":["DollysMirror","Block Potion"],"campfire_rested":2,"item_purchase_floors":[13,13],"current_hp_per_floor":[62,62,61,55,73,32,21,45,45,45,45,33,33,10,34,0,0],"gold":56,"neow_bonus":"BOSS_RELIC","is_daily":false,"chose_seed":false,"campfire_upgraded":1,"win_rate":0.0,"timestamp":1609771984,"path_taken":["M","M","M","M","?","E","?","R","T","R","M","M","$","E","R","BOSS"],"items_purchased_type":["Relic","Potion"],"build_version":"2020-12-22","purchased_purges":1,"victory":false,"max_hp_per_floor":[75,75,75,75,75,82,82,82,82,82,82,82,82,82,82,82,82],"relic_stats":{"counters":[9,44],"Tiny Chest":0,"Black Star":2,"Smiling Mask":25,"MawBank":24,"obtain_stats":[{"DollysMirror":13,"Strawberry":6,"Tiny Chest":9,"Black Star":0,"Frozen Egg 2":14,"Smiling Mask":6,"MawBank":14,"Burning Blood":0},{"DollysMirror":7,"Strawberry":5,"Tiny Chest":5,"Black Star":0,"Frozen Egg 2":8,"Smiling Mask":5,"MawBank":8,"Burning Blood":0},{"DollysMirror":32,"Strawberry":24,"Tiny Chest":24,"Black Star":0,"Frozen Egg 2":38,"Smiling Mask":24,"MawBank":38,"Burning Blood":0}]},"card_choices":[{"not_picked":["Warcry","Anger"],"picked":"Metallicize","floor":1.0},{"not_picked":["Seeing Red","Ghostly Armor"],"picked":"Twin Strike","floor":2.0},{"not_picked":["Flex","Perfected Strike"],"picked":"Iron Wave","floor":3.0},{"not_picked":["Cleave","Shrug It Off"],"picked":"Spot Weakness","floor":4.0},{"not_picked":["Flex","Hemokinesis"],"picked":"Dual Wield","floor":6.0},{"not_picked":["True Grit","Warcry"],"picked":"Combust","floor":11},{"not_picked":["Rupture","Armaments"],"picked":"Whirlwind","floor":12},{"not_picked":["Iron Wave","Body Slam"],"picked":"Twin Strike","floor":14}],"player_experience":1062040,"relics_obtained":[{"floor":6.0,"key":"Strawberry"},{"floor":6.0,"key":"Smiling Mask"},{"floor":9.0,"key":"Tiny Chest"},{"floor":14,"key":"Frozen Egg 2"},{"floor":14,"key":"MawBank"}],"event_choices":[{"damage_healed":18.0,"max_hp_gain":0.0,"max_hp_loss":0.0,"gold_gain":0.0,"event_name":"The Cleric","player_choice":"Healed","floor":5.0,"gold_loss":35.0,"damage_taken":0.0},{"damage_healed":0.0,"max_hp_gain":0.0,"max_hp_loss":0.0,"gold_gain":75.0,"event_name":"World of Goop","player_choice":"Gather Gold","floor":7.0,"gold_loss":0.0,"damage_taken":11.0}],"is_beta":false,"boss_relics":[],"items_purged_floors":[13],"is_endless":false,"potions_floor_spawned":[1,3,4,14],"killed_by":"Slime Boss","ascension_level":20}}