{"host":"2he95iptrbxkejc1","time":1609773538,"event":{"mods":["AchievementEnabler","BaseMod","Minty Spire (QoL Compilation)"],"gold_per_floor":[114,132,143,158,169,194,207,221,273,293,321,286,44,73,73,178,178,190,6,6,18,34,47,66,66,66],"floor_reached":25,"playtime":2081,"items_purged":[],"score":306,"play_id":"2f78f162-bf4b-4915-8d53-6d5fe68c75cb","local_time":"20210104151858","is_ascension_mode":false,"campfire_choices":[{"data":"ThirdEye","floor":15,"key":"SMITH"}],"circlet_count":0,"master_deck":["Strike_P","Strike_P","Strike_P","Strike_P","Defend_P","Defend_P","Defend_P","Defend_P","Eruption","Vigilance","FollowUp","FearNoEvil","FlurryOfBlows","Halt","ThirdEye+1","FlurryOfBlows","EmptyFist","Consecrate","EmptyFist","Master of Strategy","Weave","DevaForm+1","CurseOfTheBell","ThirdEye+1","Study+1","Tantrum","Tantrum","FlurryOfBlows","FollowUp+1"],"relics":["PureWater","NeowsBlessing","Pen Nib","Orichalcum","Ornamental Fan","Frozen Egg 2","Calling Bell","Happy Flower","Mercury Hourglass","Lizard Tail","Membership Card"],"acts_visited":["Exordium","TheCity"],"potions_floor_usage":[6,6,11,11,21,23,25],"damage_taken":[{"damage":0,"enemies":"Jaw Worm","floor":1,"turns":1},{"damage":0,"enemies":"Small Slimes","floor":2,"turns":1},{"damage":0,"enemies":"Cultist","floor":3,"turns":1},{"damage":0,"enemies":"Blue Slaver","floor":4,"turns":3},{"damage":3,"enemies":"Large Slime","floor":5,"turns":4},{"damage":11,"enemies":"3 Sentries","floor":6,"turns":9},{"damage":0,"enemies":"Exordium Wildlife","floor":7,"turns":4},{"damage":0,"enemies":"2 Fungi Beasts","floor":8,"turns":2},{"damage":6,"enemies":"Large Slime","floor":10,"turns":2},{"damage":10,"enemies":"Lagavulin","floor":11,"turns":3},{"damage":0,"enemies":"3 Sentries","floor":14,"turns":3},{"damage":0,"enemies":"Slime Boss","floor":16,"turns":5},{"damage":0,"enemies":"Shell Parasite","floor":18,"turns":2},{"damage":19,"enemies":"2 Thieves","floor":21,"turns":3},{"damage":10,"enemies":"Snecko","floor":22,"turns":4},{"damage":14,"enemies":"Snake Plant","floor":23,"turns":4},{"damage":15,"enemies":"Centurion and Healer","floor":24,"turns":3},{"damage":50,"enemies":"Gremlin Leader","floor":25,"turns":2}],"seed_played":"5980466902064000738","potions_obtained":[{"floor":2,"key":"Energy Potion"},{"floor":4,"key":"FearPotion"},{"floor":5,"key":"PowerPotion"},{"floor":6,"key":"Ambrosia"},{"floor":14,"key":"SpeedPotion"},{"floor":16,"key":"PowerPotion"},{"floor":24,"key":"ColorlessPotion"}],"is_trial":false,"path_per_floor":["M","M","M","M","M","E","M","M","T","M","E","?","$","E","R","B",null,"M","$","?","M","M","M","M","E"],"character_chosen":"WATCHER","items_purchased":["Master of Strategy","Weave","Membership Card","Study+1"],"campfire_rested":0,"item_purchase_floors":[13,13,19,19],"current_hp_per_floor":[72,72,72,72,69,58,58,58,58,52,42,60,60,60,60,60,72,72,72,72,53,43,29,14,0,0],"gold":66,"neow_bonus":"THREE_ENEMY_KILL","is_daily":false,"chose_seed":false,"campfire_upgraded":1,"win_rate":0.0,"timestamp":1609773538,"path_taken":["M","M","M","M","M","E","M","M","T","M","E","?","$","E","R","BOSS","M","$","?","M","M","M","M","E"],"items_purchased_type":["Card","Card","Relic","Card"],"build_version":"2020-12-22","purchased_purges":0,"victory":false,"max_hp_per_floor":[72,72,72,72,72,72,72,72,72,72,72,72,72,72,72,72,72,72,72,72,72,72,72,72,72,72],"card_choices":[{"not_picked":["Worship","SashWhip"],"picked":"FollowUp","floor":1},{"not_picked":["Meditate","FlyingSleeves"],"picked":"FearNoEvil","floor":2},{"not_picked":["Evaluate","PathToVictory"],"picked":"FlurryOfBlows","floor":3},{"not_picked":["CrushJoints","Swivel"],"picked":"Halt","floor":4},{"not_picked":["Pray","Judgement"],"picked":"ThirdEye","floor":5},{"not_picked":["Indignation","ThirdEye"],"picked":"FlurryOfBlows","floor":6},{"not_picked":["EmptyBody","SandsOfTime"],"picked":"EmptyFist","floor":7},{"not_picked":["PathToVictory","ClearTheMind"],"picked":"Consecrate","floor":8},{"not_picked":["Conclude","Pray"],"picked":"EmptyFist","floor":10},{"not_picked":["ReachHeaven","PathToVictory","WindmillStrike"],"picked":"SKIP","floor":11},{"not_picked":["WaveOfTheHand","Meditate","Judgement"],"picked":"SKIP","floor":14},{"not_picked":["MasterReality+1","Scrawl"],"picked":"DevaForm+1","floor":16},{"not_picked":["Evaluate","SashWhip"],"picked":"ThirdEye+1","floor":18},{"not_picked":["EmptyBody","SandsOfTime"],"picked":"Tantrum","floor":21},{"not_picked":["Judgement","WaveOfTheHand"],"picked":"Tantrum","floor":22},{"not_picked":["Pray","WindmillStrike"],"picked":"FlurryOfBlows","floor":23},{"not_picked":["Sanctity","Protect+1"],"picked":"FollowUp+1","floor":24}],"player_experience":41275,"relics_obtained":[{"floor":6,"key":"Pen Nib"},{"floor":9,"key":"Orichalcum"},{"floor":11,"key":"Ornamental Fan"},{"floor":14,"key":"Frozen Egg 2"},{"floor":17,"key":"Happy Flower"},{"floor":17,"key":"Mercury Hourglass"},{"floor":17,"key":"Lizard Tail"}],"event_choices":[{"damage_healed":18,"gold_gain":0,"player_choice":"Healed","damage_taken":0,"max_hp_gain":0,"max_hp_loss":0,"event_name":"The Cleric","floor":12,"gold_loss":35},{"damage_healed":0,"gold_gain":0,"player_choice":"Ignored","damage_taken":0,"max_hp_gain":0,"max_hp_loss":0,"event_name":"Ghosts","floor":20,"gold_loss":0}],"is_beta":false,"boss_relics":[{"not_picked":["Ectoplasm","SacredBark"],"picked":"Calling Bell"}],"items_purged_floors":[],"is_endless":false,"potions_floor_spawned":[2,4,5,6,14,16,24],"killed_by":"Gremlin Leader","ascension_level":0}}