{"host":"7i2b4pyo6x2376bs","time":1609743170,"event":{"mods":["BaseMod","Better Note","Colored Map","Highlight Path","Minty Spire (QoL Compilation)","Quick Restart","Rare Cards Sparkle","Shop Mod","StSLib","The Jungle"],"gold_per_floor":[113,132,132,132,19,19,35,63,90,90,90,116,132,132,132,235,235,248,248,263,13,13,43,55,55,81,81,81,5,16,16,16,113,113,128,138,138,138,157,157,184,184,184,184,199,218,229,229,229],"floor_reached":48,"playtime":3721,"items_purged":["Defend_R"],"score":765,"play_id":"1a22b0c1-30fb-43f3-b3cd-168ef4ed491d","local_time":"20210103225250","is_ascension_mode":true,"campfire_choices":[{"floor":6,"key":"RECALL"},{"floor":11,"key":"REST"},{"floor":15,"key":"REST"},{"floor":25,"key":"REST"},{"floor":28,"key":"REST"},{"floor":32,"key":"REST"},{"floor":40,"key":"REST"},{"data":"Demon Form","floor":42,"key":"SMITH"},{"floor":44,"key":"REST"}],"circlet_count":0,"master_deck":["AscendersBane","Bash+1","Shockwave","Headbutt","Inflame+1","Ghostly Armor+1","Offering","Double Tap","Dropkick","Havoc","Armaments","Spot Weakness","Seeing Red","Rampage","Spot Weakness","Disarm","Thunderclap","Cleave+1","Flex+1","Double Tap+1","Corruption","Limit Break+1","Flame Barrier+1","Dropkick","Writhe","Headbutt","Demon Form+1","Heavy Blade","Thunderclap","Rupture+1"],"relics":["Black Blood","Odd Mushroom","Gremlin Horn","Paper Frog","Pandora\u0027s Box","Toxic Egg 2","NlothsMask","White Beast Statue","HornCleat","Darkstone Periapt","Self Forming Clay"],"acts_visited":["Exordium","TheCity","TheBeyond"],"potions_floor_usage":[16,18,20,24,30,33,35,41,41,46,47,47,48],"damage_taken":[{"damage":3,"enemies":"2 Louse","floor":1,"turns":4},{"damage":6,"enemies":"Small Slimes","floor":2,"turns":5},{"damage":1,"enemies":"Cultist","floor":7,"turns":3},{"damage":29,"enemies":"The Mushroom Lair","floor":8,"turns":4},{"damage":16,"enemies":"Lagavulin","floor":12,"turns":4},{"damage":23,"enemies":"Exordium Thugs","floor":13,"turns":3},{"damage":63,"enemies":"The Guardian","floor":16,"turns":9},{"damage":18,"enemies":"3 Byrds","floor":18,"turns":3},{"damage":13,"enemies":"Shell Parasite","floor":20,"turns":4},{"damage":37,"enemies":"Book of Stabbing","floor":23,"turns":4},{"damage":6,"enemies":"3 Cultists","floor":24,"turns":3},{"damage":24,"enemies":"Snake Plant","floor":30,"turns":3},{"damage":52,"enemies":"Collector","floor":33,"turns":6},{"damage":18,"enemies":"3 Shapes","floor":35,"turns":2},{"damage":27,"enemies":"3 Darklings","floor":36,"turns":4},{"damage":24,"enemies":"Writhing Mass","floor":39,"turns":4},{"damage":37,"enemies":"Reptomancer","floor":41,"turns":4},{"damage":6,"enemies":"Jaw Worm Horde","floor":45,"turns":4},{"damage":35,"enemies":"Sphere and 2 Shapes","floor":46,"turns":4},{"damage":21,"enemies":"Maw","floor":47,"turns":6},{"damage":55,"enemies":"Transient","floor":48,"turns":4}],"seed_played":"1894184594876052064","potions_obtained":[{"floor":13,"key":"Swift Potion"},{"floor":16,"key":"EssenceOfSteel"},{"floor":18,"key":"EssenceOfSteel"},{"floor":23,"key":"HeartOfIron"},{"floor":24,"key":"PowerPotion"},{"floor":30,"key":"SkillPotion"},{"floor":33,"key":"DistilledChaos"},{"floor":35,"key":"BlessingOfTheForge"},{"floor":36,"key":"Explosive Potion"},{"floor":41,"key":"PowerPotion"},{"floor":45,"key":"LiquidBronze"},{"floor":46,"key":"Weak Potion"},{"floor":47,"key":"EssenceOfSteel"}],"is_trial":false,"path_per_floor":["M","M","$","?","$","R","M","?","T","?","R","E","M","T","R","B",null,"M","?","M","$","?","E","M","R","T","$","R","$","M","$","R","B",null,"M","M","?","T","M","R","E","R","T","R","M","M","M","M"],"character_chosen":"IRONCLAD","items_purchased":["Inflame","Toxic Egg 2","Double Tap+1"],"campfire_rested":7,"item_purchase_floors":[5,21,29],"current_hp_per_floor":[75,75,75,80,80,80,85,62,62,45,70,60,43,43,68,11,67,55,55,48,48,48,17,17,42,42,42,67,67,49,49,74,28,71,65,50,71,71,59,84,59,59,59,84,85,62,53,0,0],"gold":229,"neow_bonus":"UPGRADE_CARD","is_daily":false,"chose_seed":false,"campfire_upgraded":1,"win_rate":0.0,"timestamp":1609743170,"path_taken":["M","M","$","?","$","R","M","?","T","?","R","E","M","?","R","BOSS","M","?","M","$","?","E","?","R","T","?","R","$","M","$","R","BOSS","M","M","?","?","M","R","E","R","T","R","M","?","M","M"],"items_purchased_type":["Card","Relic","Card"],"build_version":"2020-12-22","purchased_purges":1,"victory":false,"max_hp_per_floor":[80,80,80,85,85,85,85,85,85,85,85,85,85,85,85,85,85,85,85,85,85,85,85,85,85,85,85,85,85,85,85,85,85,85,85,85,85,85,85,85,85,85,85,85,85,85,85,85,85],"card_choices":[{"not_picked":["Iron Wave","Inflame"],"picked":"Shockwave","floor":1},{"not_picked":["Warcry","Clothesline"],"picked":"Headbutt","floor":2},{"not_picked":["Anger","Armaments","True Grit"],"picked":"SKIP","floor":7},{"not_picked":["Sword Boomerang","Clash"],"picked":"Ghostly Armor","floor":8},{"not_picked":["Burning Pact","Anger"],"picked":"Offering","floor":12},{"not_picked":["Sword Boomerang","Warcry","Fire Breathing"],"picked":"SKIP","floor":13},{"not_picked":["Brutality","Corruption"],"picked":"Double Tap","floor":16},{"not_picked":["Warcry","Havoc"],"picked":"Thunderclap","floor":18},{"not_picked":["Rampage","Sword Boomerang+1"],"picked":"Cleave+1","floor":20},{"not_picked":["Anger+1","Evolve","Wild Strike"],"picked":"SKIP","floor":23},{"not_picked":["Cleave","Warcry+1"],"picked":"Flex+1","floor":24},{"not_picked":["Combust","Clash+1"],"picked":"Corruption","floor":30},{"not_picked":["Brutality","Impervious+1"],"picked":"Limit Break+1","floor":33},{"not_picked":["Havoc+1","Iron Wave+1"],"picked":"Flame Barrier+1","floor":35},{"not_picked":["Flex+1","Warcry+1"],"picked":"Dropkick","floor":36},{"not_picked":["Fire Breathing","Wild Strike+1"],"picked":"Headbutt","floor":39},{"not_picked":["Bloodletting+1","Havoc+1"],"picked":"Demon Form","floor":41},{"not_picked":["Pommel Strike","Clothesline"],"picked":"Heavy Blade","floor":45},{"not_picked":["Clothesline+1","Sword Boomerang"],"picked":"Thunderclap","floor":46},{"not_picked":["True Grit+1","Brutality"],"picked":"Rupture+1","floor":47}],"player_experience":695623,"relics_obtained":[{"floor":8,"key":"Odd Mushroom"},{"floor":12,"key":"Gremlin Horn"},{"floor":14,"key":"Paper Frog"},{"floor":23,"key":"White Beast Statue"},{"floor":38,"key":"HornCleat"},{"floor":41,"key":"Darkstone Periapt"},{"floor":43,"key":"Self Forming Clay"}],"event_choices":[{"damage_healed":0,"gold_gain":0,"player_choice":"Donut","damage_taken":0,"max_hp_gain":5,"max_hp_loss":0,"event_name":"Big Fish","floor":4,"gold_loss":0},{"damage_healed":0,"gold_gain":0,"player_choice":"Fought Mushrooms","damage_taken":0,"max_hp_gain":0,"max_hp_loss":0,"event_name":"Mushrooms","floor":8,"gold_loss":0},{"damage_healed":0,"gold_gain":0,"player_choice":"Entered Light","damage_taken":17,"max_hp_gain":0,"max_hp_loss":0,"event_name":"Shining Light","floor":10,"gold_loss":0,"cards_upgraded":["Ghostly Armor","Inflame"]},{"damage_healed":0,"gold_gain":0,"player_choice":"Ignored","damage_taken":0,"max_hp_gain":0,"max_hp_loss":0,"event_name":"Ghosts","floor":19,"gold_loss":0},{"damage_healed":0,"gold_gain":0,"player_choice":"Trade","damage_taken":0,"relics_obtained":["NlothsMask"],"max_hp_gain":0,"max_hp_loss":0,"event_name":"FaceTrader","floor":22,"gold_loss":0},{"damage_healed":21,"gold_gain":0,"player_choice":"Writhe","damage_taken":0,"max_hp_gain":0,"max_hp_loss":0,"event_name":"Winding Halls","floor":37,"gold_loss":0,"cards_obtained":["Writhe"]}],"is_beta":false,"boss_relics":[{"not_picked":["Fusion Hammer","Calling Bell"],"picked":"Pandora\u0027s Box"},{"not_picked":["Astrolabe","Snecko Eye"],"picked":"Black Blood"}],"items_purged_floors":[5],"is_endless":false,"potions_floor_spawned":[13,16,18,23,24,30,33,35,36,39,41,45,46,47],"killed_by":"Transient","ascension_level":12}}