{"host":"v0dnu0zs4qo0v13s","time":1609777935,"event":{"mods":["BaseMod","Colored Map","Colored Powertips","Minty Spire (QoL Compilation)","Relic Stats","StSLib","SuperFastMode","everything is the same but u backflip on backflip"],"gold_per_floor":[114,39,56,56,73,103,103,133,159,159,159,184,33,183,183,183,183],"floor_reached":16,"playtime":629,"items_purged":["Strike_R","Strike_R"],"score":203,"play_id":"8499663e-6dec-44eb-bead-0f6432cfd67f","local_time":"20210104113215","is_ascension_mode":true,"campfire_choices":[{"data":"True Grit","floor":7.0,"key":"SMITH"},{"floor":10.0,"key":"REST"},{"floor":15,"key":"REST"}],"circlet_count":0,"master_deck":["AscendersBane","Strike_R","Strike_R+1","Strike_R+1","Defend_R","Defend_R","Defend_R","Defend_R","Bash","Ghostly Armor","Sentinel","True Grit+1","Burning Pact","Sentinel","Doubt","Thunderclap"],"relics":["Burning Blood","NeowsBlessing","Nunchaku","Potion Belt","Whetstone","Dream Catcher","Anchor","Art of War"],"acts_visited":["Exordium"],"potions_floor_usage":[12,16],"damage_taken":[{"damage":0.0,"enemies":"2 Louse","floor":1.0,"turns":1.0},{"damage":0.0,"enemies":"Small Slimes","floor":3.0,"turns":1.0},{"damage":0.0,"enemies":"Jaw Worm","floor":5.0,"turns":1.0},{"damage":25.0,"enemies":"3 Sentries","floor":6.0,"turns":12.0},{"damage":35.0,"enemies":"Lagavulin","floor":8.0,"turns":7.0},{"damage":24,"enemies":"Gremlin Nob","floor":12,"turns":6},{"damage":62,"enemies":"The Guardian","floor":16,"turns":13}],"seed_played":"1624399009750709629","potions_obtained":[{"floor":1.0,"key":"Fire Potion"},{"floor":5.0,"key":"SneckoOil"},{"floor":6.0,"key":"Ancient Potion"},{"floor":8.0,"key":"Explosive Potion"}],"is_trial":false,"path_per_floor":["M","$","M","?","M","E","R","E","T","R","?","E","$","?","R","B"],"character_chosen":"IRONCLAD","items_purchased":["BloodPotion"],"campfire_rested":2,"item_purchase_floors":[13],"current_hp_per_floor":[74,74,75,64,70,51,51,22,22,44,44,26,26,26,48,1,1],"gold":183,"neow_bonus":"THREE_ENEMY_KILL","is_daily":false,"chose_seed":false,"campfire_upgraded":1,"win_rate":0.0,"timestamp":1609777935,"path_taken":["M","$","M","?","M","E","R","E","T","R","?","E","$","?","R","BOSS"],"items_purchased_type":["Potion"],"build_version":"2020-12-22","purchased_purges":2,"victory":false,"max_hp_per_floor":[75,75,75,75,75,75,75,75,75,75,75,75,75,75,75,75,75],"relic_stats":{"Nunchaku":[5],"Dream Catcher":2,"counters":[7,41],"Art of War":[5],"Whetstone":["Strike_R","Strike_R"],"obtain_stats":[{"Potion Belt":6,"Nunchaku":4,"Dream Catcher":9,"Anchor":11,"NeowsBlessing":0,"Art of War":12,"Whetstone":8,"Burning Blood":0},{"Potion Belt":4,"Nunchaku":2,"Dream Catcher":5,"Anchor":5,"NeowsBlessing":0,"Art of War":6,"Whetstone":5,"Burning Blood":0},{"Potion Belt":15,"Nunchaku":2,"Dream Catcher":22,"Anchor":22,"NeowsBlessing":0,"Art of War":28,"Whetstone":22,"Burning Blood":0}],"Burning Blood":31},"card_choices":[{"not_picked":["Warcry","Havoc"],"picked":"Ghostly Armor","floor":1.0},{"not_picked":["Blood for Blood","Sword Boomerang","Heavy Blade"],"picked":"SKIP","floor":3.0},{"not_picked":["Uppercut","Pommel Strike"],"picked":"Sentinel","floor":5.0},{"not_picked":["Clash","Twin Strike"],"picked":"True Grit","floor":6.0},{"not_picked":["Warcry","Body Slam"],"picked":"Burning Pact","floor":8.0},{"not_picked":["Cleave","Perfected Strike"],"picked":"Sentinel","floor":10.0},{"not_picked":["Burning Pact","Headbutt","Pommel Strike"],"picked":"SKIP","floor":12},{"not_picked":["Entrench","Warcry"],"picked":"Thunderclap","floor":15}],"player_experience":647547,"relics_obtained":[{"floor":6.0,"key":"Potion Belt"},{"floor":8.0,"key":"Whetstone"},{"floor":9.0,"key":"Dream Catcher"},{"floor":12,"key":"Art of War"}],"event_choices":[{"damage_healed":0.0,"max_hp_gain":0.0,"max_hp_loss":0.0,"gold_gain":0.0,"event_name":"Scrap Ooze","player_choice":"Success","floor":4.0,"gold_loss":0.0,"damage_taken":11.0,"relics_obtained":["Nunchaku"]},{"damage_healed":0.0,"max_hp_gain":0.0,"max_hp_loss":0.0,"gold_gain":0.0,"event_name":"Dead Adventurer","player_choice":"Searched \u00271\u0027 times","floor":11.0,"gold_loss":0.0,"damage_taken":0.0,"relics_obtained":["Anchor"]},{"damage_healed":0,"gold_gain":150,"player_choice":"AGREE","damage_taken":0,"max_hp_gain":0,"max_hp_loss":0,"event_name":"Liars Game","floor":14,"gold_loss":0,"cards_obtained":["Doubt"]}],"is_beta":false,"boss_relics":[],"items_purged_floors":[2,13],"is_endless":false,"potions_floor_spawned":[1,5,6,8],"killed_by":"The Guardian","ascension_level":15}}