{"host":"baymyijz6sxaqj5s","time":1609759967,"event":{"mods":["AchievementEnabler","BaseMod","Colored Map","Colored Powertips","DeckTracker","Highlight Path","KOR Keyword Fix","Keyboard Shortcuts","Minty Spire (QoL Compilation)","Quick Restart","StSLib","SuperFastMode"],"gold_per_floor":[114,138,138,151,162,162,179,179,179,194,261,181,181,200,200,295,295,305,355,504,522,31,31,31,81,81,97,111,194,194,262,262,262,262],"floor_reached":33,"playtime":1255,"items_purged":[],"score":251,"play_id":"420952fe-3a1b-48bc-9e07-0fdb623ecd0e","local_time":"20210104203247","is_ascension_mode":true,"campfire_choices":[{"data":"Zap","floor":6,"key":"SMITH"},{"data":"Defragment","floor":13,"key":"SMITH"},{"floor":15,"key":"REST"},{"floor":23,"key":"REST"},{"floor":30,"key":"REST"},{"floor":32,"key":"REST"}],"circlet_count":0,"master_deck":["Strike_B+1","Strike_B+1","Strike_B","Strike_B+1","Defend_B","Defend_B","Defend_B","Defend_B","Zap+1","Dualcast+1","Steam","Coolheaded","Conserve Battery","Compile Driver","Steam","Defragment+1","Echo Form","Capacitor","Stack","Auto Shields","Ball Lightning","Redo","Leap"],"relics":["Cracked Core","Whetstone","SsserpentHead","Gremlin Horn","Nuclear Battery","Meat on the Bone","Chemical X","Sundial","Red Mask"],"acts_visited":["Exordium","TheCity"],"potions_floor_usage":[11,16,16,21,27,33],"damage_taken":[{"damage":5,"enemies":"Cultist","floor":1,"turns":4},{"damage":2,"enemies":"2 Louse","floor":4,"turns":2},{"damage":0,"enemies":"Small Slimes","floor":5,"turns":3},{"damage":1,"enemies":"Blue Slaver","floor":7,"turns":2},{"damage":5,"enemies":"Large Slime","floor":10,"turns":5},{"damage":6,"enemies":"Exordium Wildlife","floor":11,"turns":5},{"damage":6,"enemies":"Exordium Thugs","floor":14,"turns":5},{"damage":22,"enemies":"The Guardian","floor":16,"turns":10},{"damage":5,"enemies":"Shell Parasite","floor":18,"turns":8},{"damage":8,"enemies":"2 Thieves","floor":21,"turns":4},{"damage":5,"enemies":"Centurion and Healer","floor":27,"turns":13},{"damage":11,"enemies":"Snake Plant","floor":28,"turns":7},{"damage":46,"enemies":"Masked Bandits","floor":29,"turns":6},{"damage":5,"enemies":"Shelled Parasite and Fungi","floor":31,"turns":9},{"damage":82,"enemies":"Collector","floor":33,"turns":24}],"seed_played":"7095720453286789851","potions_obtained":[{"floor":1,"key":"PowerPotion"},{"floor":7,"key":"Regen Potion"},{"floor":10,"key":"SneckoOil"},{"floor":11,"key":"DuplicationPotion"},{"floor":18,"key":"Weak Potion"},{"floor":27,"key":"SteroidPotion"}],"is_trial":false,"path_per_floor":["M","T","?","M","M","R","M","?","T","M","M","$","R","M","R","B",null,"M","?","?","M","$","R","$","?","T","M","M","?","R","M","R","B"],"character_chosen":"DEFECT","items_purchased":["Defragment","Capacitor","Stack","Meat on the Bone","Chemical X"],"campfire_rested":4,"item_purchase_floors":[12,22,22,22,22],"current_hp_per_floor":[77,77,61,59,59,59,58,58,58,53,61,61,61,55,79,57,82,77,61,61,53,53,79,79,79,79,74,63,29,55,50,76,0,0],"gold":262,"neow_bonus":"TEN_PERCENT_HP_BONUS","is_daily":false,"chose_seed":false,"campfire_upgraded":2,"win_rate":0.0,"timestamp":1609759967,"path_taken":["M","?","?","M","M","R","M","?","T","M","?","$","R","M","R","BOSS","M","?","?","M","$","R","$","?","T","M","M","?","R","?","R","BOSS"],"items_purchased_type":["Card","Card","Card","Relic","Relic"],"build_version":"2020-12-22","purchased_purges":0,"victory":false,"max_hp_per_floor":[82,82,82,82,82,82,82,82,82,82,82,82,82,82,82,82,82,82,87,87,87,87,87,87,87,87,87,87,87,87,87,87,87,87],"card_choices":[{"not_picked":["Heatsinks","Streamline"],"picked":"Steam","floor":1},{"not_picked":["Fusion","Go for the Eyes","Recycle"],"picked":"SKIP","floor":4},{"not_picked":["Stack","Barrage"],"picked":"Coolheaded","floor":5},{"not_picked":["BootSequence","Compile Driver"],"picked":"Conserve Battery","floor":7},{"not_picked":["Stack","Force Field"],"picked":"Compile Driver","floor":10},{"not_picked":["Creative AI","Storm"],"picked":"Steam","floor":11},{"not_picked":["Turbo","Streamline","Aggregate"],"picked":"SKIP","floor":14},{"not_picked":["Core Surge","Buffer"],"picked":"Echo Form","floor":16},{"not_picked":["Beam Cell","Sunder","Conserve Battery"],"picked":"SKIP","floor":18},{"not_picked":["Conserve Battery","Sunder","FTL"],"picked":"SKIP","floor":21},{"not_picked":["Steam","Hologram","Beam Cell"],"picked":"SKIP","floor":27},{"not_picked":["Barrage","Coolheaded"],"picked":"Ball Lightning","floor":28},{"not_picked":["Conserve Battery","BootSequence"],"picked":"Redo","floor":29},{"not_picked":["Ball Lightning","Redo"],"picked":"Leap","floor":31}],"player_experience":320764,"relics_obtained":[{"floor":2,"key":"Whetstone"},{"floor":9,"key":"Gremlin Horn"},{"floor":26,"key":"Sundial"},{"floor":29,"key":"Red Mask"}],"event_choices":[{"damage_healed":0,"gold_gain":0,"player_choice":"Entered Light","damage_taken":16,"max_hp_gain":0,"max_hp_loss":0,"event_name":"Shining Light","floor":3,"gold_loss":0,"cards_upgraded":["Strike_B","Dualcast"]},{"damage_healed":0,"gold_gain":0,"player_choice":"Trade","damage_taken":0,"relics_obtained":["SsserpentHead"],"max_hp_gain":0,"max_hp_loss":0,"event_name":"FaceTrader","floor":8,"gold_loss":0},{"damage_healed":0,"gold_gain":0,"player_choice":"Shed Blood","damage_taken":21,"max_hp_gain":5,"max_hp_loss":0,"event_name":"Forgotten Altar","floor":19,"gold_loss":0},{"damage_healed":0,"gold_gain":99,"player_choice":"Stole From Cult","damage_taken":0,"max_hp_gain":0,"max_hp_loss":0,"event_name":"Nest","floor":20,"gold_loss":0},{"damage_healed":0,"gold_gain":0,"player_choice":"Read","damage_taken":0,"max_hp_gain":0,"max_hp_loss":0,"event_name":"The Library","floor":25,"gold_loss":0,"cards_obtained":["Auto Shields"]},{"damage_healed":0,"gold_gain":0,"player_choice":"Fought Bandits","damage_taken":0,"max_hp_gain":0,"max_hp_loss":0,"event_name":"Masked Bandits","floor":29,"gold_loss":0}],"is_beta":false,"boss_relics":[{"not_picked":["Sozu","Empty Cage"],"picked":"Nuclear Battery"}],"items_purged_floors":[],"is_endless":false,"potions_floor_spawned":[1,7,10,11,14,18,27],"killed_by":"Collector","ascension_level":1}}