{"host":"y89x8uui45kcjy42","time":1609767765,"event":{"mods":["2.2 Compatiblity","BaseMod","CapriCore","Colored Map","Colored Powertips","Custom Start","Friendly Minions","Keyboard Shortcuts","Lobotomy","Minty Spire (QoL Compilation)","Relic Stats","Slay the Relics Exporter","StSLib","SuperFastMode","Uncapped"],"gold_per_floor":[113,113,130,141,141,141,141,141],"floor_reached":7,"playtime":408,"items_purged":[],"score":43,"play_id":"ab9fea40-25da-4e03-a203-89ab0be2746a","local_time":"20210104224245","is_ascension_mode":true,"campfire_choices":[],"circlet_count":0,"master_deck":["SpecialBullet","SpecialBullet","SpecialBullet","SpecialBullet","SpecialBullet","CentralCode","DisciplinaryCode","WelfareCode","BloodyDesire","Galaxy","BeautyBeast","Wellcheers"],"relics":["CogitoBucket"],"acts_visited":["Exordium"],"potions_floor_usage":[7],"damage_taken":[{"damage":16,"enemies":"Small Slimes","floor":1,"turns":4},{"damage":15,"enemies":"Cultist","floor":3,"turns":4},{"damage":14,"enemies":"Jaw Worm","floor":4,"turns":6},{"damage":7,"enemies":"Lagavulin","floor":7,"turns":5}],"seed_played":"199801903246710734","potions_obtained":[{"floor":1,"key":"Energy Potion"}],"is_trial":false,"path_per_floor":["M","?","M","M","?","R","E"],"character_chosen":"Angela","items_purchased":[],"campfire_rested":0,"item_purchase_floors":[],"current_hp_per_floor":[33,33,18,4,4,4,0,0],"gold":141,"neow_bonus":"TRANSFORM_TWO_CARDS","is_daily":false,"chose_seed":false,"campfire_upgraded":0,"win_rate":0.0,"timestamp":1609767765,"path_taken":["M","?","?","M","?","R","E"],"items_purchased_type":[],"build_version":"2020-12-22","purchased_purges":0,"victory":false,"max_hp_per_floor":[70,70,70,70,70,70,70,70],"relic_stats":{"counters":[4,19],"obtain_stats":[{"CogitoBucket":0},{"CogitoBucket":0},{"CogitoBucket":0}]},"card_choices":[{"not_picked":["WristCuter","Lantern"],"picked":"SKIP","floor":1},{"not_picked":["Scarecrow","PunishingBird"],"picked":"BeautyBeast","floor":3},{"not_picked":["Soda","Loneliness"],"picked":"SKIP","floor":3},{"not_picked":["SnowQueen","PunishingBird"],"picked":"Wellcheers","floor":4},{"not_picked":["Regret_ego","WristCuter"],"picked":"SKIP","floor":4}],"player_experience":568044,"relics_obtained":[],"event_choices":[{"cards_removed":["SpecialBullet"],"damage_healed":0,"gold_gain":0,"player_choice":"Purged","damage_taken":0,"max_hp_gain":0,"max_hp_loss":0,"event_name":"Purifier","floor":2,"gold_loss":0},{"damage_healed":0,"gold_gain":0,"player_choice":"Ignored","damage_taken":0,"max_hp_gain":0,"max_hp_loss":0,"event_name":"Liars Game","floor":5,"gold_loss":0}],"is_beta":false,"boss_relics":[],"items_purged_floors":[],"is_endless":false,"potions_floor_spawned":[1],"killed_by":"Lagavulin","ascension_level":1}}