{"host":"hxqmxu97ax4h93y4","time":1609802393,"event":{"mods":["BaseMod","Downfall","Duelist Mod","Marisa????????","Minty Spire (QoL Compilation)","StSLib"],"gold_per_floor":[114,189,114,125,138,169,169,184,184,184,197,197,217,231,231,332,382,396,95,113,123,139,171,189,189,241,258,258,274,374,387,387,485,485,496,54,54,70,87,87,122,132,132,132,157,173,192,212,212,212],"floor_reached":51,"playtime":5908,"items_purged":["Strike_MRS","Defend_MRS"],"score":739,"play_id":"850eda2a-5d1b-4afc-972f-765a597ed78f","local_time":"20210104151953","is_ascension_mode":false,"campfire_choices":[{"floor":7.0,"key":"REST"},{"data":"DC","floor":15.0,"key":"SMITH"},{"floor":28.0,"key":"REST"},{"floor":32.0,"key":"REST"},{"data":"expansioncontent:DashGenerateEvil","floor":40.0,"key":"SMITH"},{"data":"ManaRampage","floor":44.0,"key":"SMITH"},{"data":"BinaryStars","floor":49,"key":"SMITH"}],"circlet_count":0,"master_deck":["Strike_MRS","Strike_MRS","Strike_MRS","Defend_MRS","Defend_MRS","Defend_MRS","MasterSpark","UpSweep","DC","OortCloud+1","AsteroidBelt","DC+1","6A","EventHorizon","PulseMagic","SuperPerseids","CasketOfStar","StarBarrage","AsteroidBelt","BinaryStars+1","SuperPerseids+1","GravityBeat","MagicAbsorber","EarthLightRay+1","MilkyWay","6A+1","UnstableBomb+1","Singularity","ManaRampage+1","6A+1","IllusionStar","expansioncontent:DashGenerateEvil+1","BlazeAway","FairyDestructionRay+1","IllusionStar","ChargeUpSpray+1","PowerUp+1","OpenUniverse+1","IllusionStar"],"relics":["MiniHakkero","Lantern","Darkstone Periapt","Kunai","Turnip","Tiny House","Bird Faced Urn","Unceasing Top","Guardian:PocketSentry","Sozu","Guardian:BottledAnomaly","Toy Ornithopter","Pocketwatch","HandmadeGrimoire"],"acts_visited":["Exordium","TheCity","TheBeyond"],"potions_floor_usage":[],"damage_taken":[{"damage":2.0,"enemies":"2 Louse","floor":1.0,"turns":3.0},{"damage":6.0,"enemies":"Jaw Worm","floor":4.0,"turns":2.0},{"damage":0.0,"enemies":"Cultist","floor":5.0,"turns":3.0},{"damage":29.0,"enemies":"Gremlin Nob","floor":6.0,"turns":6.0},{"damage":0.0,"enemies":"Large Slime","floor":8.0,"turns":7.0},{"damage":0.0,"enemies":"3 Louse","floor":11.0,"turns":3.0},{"damage":12.0,"enemies":"Lots of Slimes","floor":13.0,"turns":6.0},{"damage":4.0,"enemies":"2 Fungi Beasts","floor":14.0,"turns":2.0},{"damage":27.0,"enemies":"The Guardian","floor":16.0,"turns":13.0},{"damage":18.0,"enemies":"3 Byrds","floor":18.0,"turns":7.0},{"damage":0.0,"enemies":"Chosen","floor":20.0,"turns":6.0},{"damage":25.0,"enemies":"Snake Plant","floor":21.0,"turns":6.0},{"damage":19.0,"enemies":"Snecko","floor":22.0,"turns":7.0},{"damage":30.0,"enemies":"theDuelist:KaibaA2","floor":23.0,"turns":7.0},{"damage":8.0,"enemies":"Centurion and Healer","floor":24.0,"turns":4.0},{"damage":4.0,"enemies":"3 Cultists","floor":27.0,"turns":6.0},{"damage":8.0,"enemies":"Snake Plant","floor":29.0,"turns":4.0},{"damage":10.0,"enemies":"Chosen and Byrds","floor":31.0,"turns":10.0},{"damage":73.0,"enemies":"Automaton","floor":33.0,"turns":14.0},{"damage":2.0,"enemies":"Orb Walker","floor":35.0,"turns":4.0},{"damage":10.0,"enemies":"3 Shapes","floor":38.0,"turns":3.0},{"damage":12.0,"enemies":"Spire Growth","floor":39.0,"turns":4.0},{"damage":20.0,"enemies":"Nemesis","floor":41.0,"turns":5.0},{"damage":19.0,"enemies":"Transient","floor":42.0,"turns":5.0},{"damage":19.0,"enemies":"Reptomancer","floor":45.0,"turns":6.0},{"damage":0.0,"enemies":"Sphere and 2 Shapes","floor":46.0,"turns":3.0},{"damage":57.0,"enemies":"4 Shapes","floor":47.0,"turns":4.0},{"damage":0,"enemies":"3 Darklings","floor":48,"turns":4},{"damage":30,"enemies":"Awakened One","floor":50,"turns":10}],"seed_played":"3881453212862958144","potions_obtained":[{"floor":5.0,"key":"Ancient Potion"},{"floor":11.0,"key":"Regen Potion"},{"floor":14.0,"key":"SteroidPotion"},{"floor":16.0,"key":"Weak Potion"},{"floor":17.0,"key":"DuplicationPotion"},{"floor":22.0,"key":"BlessingOfTheForge"},{"floor":24.0,"key":"Fire Potion"},{"floor":33.0,"key":"sneckomod:MuddlingPotion"}],"is_trial":true,"path_per_floor":["M","?","$","M","M","E","R","M","T","T","M","?","M","M","R","B",null,"M","$","M","M","M","E","M","?","T","M","R","M","?","M","R","B",null,"M","$","$","M","M","R","E","M","T","R","E","M","M","M","R","B",null],"character_chosen":"MARISA","items_purchased":["Bird Faced Urn","IllusionStar","Guardian:BottledAnomaly","expansioncontent:DashGenerateEvil"],"campfire_rested":3,"item_purchase_floors":[19,36,36,36],"current_hp_per_floor":[73,62,62,56,56,27,49,49,49,49,49,46,48,44,44,17,80,62,62,68,49,36,12,8,8,8,12,36,38,38,38,62,3,80,80,80,80,78,80,80,70,61,61,61,58,74,25,39,39,25],"gold":212,"neow_bonus":"","is_daily":false,"chose_seed":false,"campfire_upgraded":4,"win_rate":0.0,"timestamp":1609802393,"path_taken":["M","?","$","M","M","E","R","M","T","?","M","?","?","M","R","BOSS","M","?","M","M","M","E","M","?","T","M","R","M","?","M","R","BOSS","M","?","$","M","M","R","E","M","T","R","E","M","M","M","R","BOSS"],"items_purchased_type":["Relic","Card","Relic","Card"],"build_version":"2020-12-22","purchased_purges":2,"victory":true,"max_hp_per_floor":[75,75,75,75,75,75,75,75,75,75,75,75,75,75,75,75,80,80,80,80,80,80,80,80,80,80,80,80,80,80,80,80,80,80,80,80,80,80,80,80,80,80,80,80,80,80,80,80,80,80],"card_choices":[{"not_picked":["ShootingEcho","Orbital"],"picked":"DC","floor":1.0},{"not_picked":["OrrerysSun","ShootTheMoon"],"picked":"OortCloud","floor":4.0},{"not_picked":["GravityBeat","LuminesStrike"],"picked":"AsteroidBelt","floor":5.0},{"not_picked":["EscapeVelocity","Occultation"],"picked":"DC","floor":6.0},{"not_picked":["Orbital","LuminesStrike"],"picked":"6A","floor":8.0},{"not_picked":["Acceleration","GasGiant"],"picked":"EventHorizon","floor":11.0},{"not_picked":["Occultation","IllusionStar"],"picked":"PulseMagic","floor":13.0},{"not_picked":["ShootingEcho","UnstableBomb"],"picked":"SuperPerseids","floor":14.0},{"not_picked":["BinaryStars","ManaRampage"],"picked":"CasketOfStar","floor":16.0},{"not_picked":["6A","UnstableBomb"],"picked":"StarBarrage","floor":17.0},{"not_picked":["Orbital","MysteriousBeam"],"picked":"AsteroidBelt","floor":18.0},{"not_picked":["SporeBomb","GrandCross"],"picked":"BinaryStars","floor":20.0},{"not_picked":["Acceleration+1","LuminesStrike"],"picked":"SuperPerseids+1","floor":21.0},{"not_picked":["StarlightTyphoon+1","6A"],"picked":"GravityBeat","floor":22.0},{"not_picked":["AlicesGift","GravityBeat"],"picked":"MagicAbsorber","floor":23.0},{"not_picked":["GasGiant","IllusionStar+1"],"picked":"EarthLightRay+1","floor":24.0},{"not_picked":["MysteriousBeam","WitchLeyline+1"],"picked":"6A+1","floor":27.0},{"not_picked":["EnergyRecoil","MachineGunSpark"],"picked":"UnstableBomb+1","floor":29.0},{"not_picked":["ShootTheMoon","OneTimeOff"],"picked":"Singularity","floor":31.0},{"not_picked":["StarDustReverie","BigCrunch"],"picked":"ManaRampage","floor":33.0},{"not_picked":["Occultation","NonDirectionalLaser"],"picked":"6A+1","floor":35.0},{"not_picked":["GrandCross+1","UnstableBomb+1"],"picked":"BlazeAway","floor":38.0},{"not_picked":["GravityBeat","MachineGunSpark","DC"],"picked":"SKIP","floor":39.0},{"not_picked":["OortCloud+1","ShootingEcho+1"],"picked":"FairyDestructionRay+1","floor":41.0},{"not_picked":["MilkyWay+1","MagicAbsorber"],"picked":"IllusionStar","floor":42.0},{"not_picked":["WitchOfGreed","MillisecondPulsars"],"picked":"ChargeUpSpray+1","floor":45.0},{"not_picked":["EnergyFlow+1","GrandCross"],"picked":"PowerUp+1","floor":46.0},{"not_picked":["WitchOfGreed+1","NonDirectionalLaser+1"],"picked":"OpenUniverse+1","floor":47.0},{"not_picked":["WitchLeyline+1","LuminesStrike"],"picked":"IllusionStar","floor":48}],"player_experience":19276,"relics_obtained":[{"floor":6.0,"key":"Lantern"},{"floor":9.0,"key":"Darkstone Periapt"},{"floor":10.0,"key":"Kunai"},{"floor":23.0,"key":"Unceasing Top"},{"floor":26.0,"key":"Guardian:PocketSentry"},{"floor":41.0,"key":"Toy Ornithopter"},{"floor":43.0,"key":"Pocketwatch"},{"floor":45.0,"key":"HandmadeGrimoire"}],"event_choices":[{"damage_healed":0.0,"max_hp_gain":0.0,"max_hp_loss":0.0,"gold_gain":75.0,"event_name":"World of Goop","player_choice":"Gather Gold","floor":2.0,"gold_loss":0.0,"damage_taken":11.0},{"damage_healed":0.0,"max_hp_gain":0.0,"max_hp_loss":0.0,"gold_gain":0.0,"event_name":"Scrap Ooze","player_choice":"Success","floor":12.0,"gold_loss":0.0,"damage_taken":3.0,"relics_obtained":["Turnip"]},{"damage_healed":0.0,"max_hp_gain":0.0,"max_hp_loss":0.0,"gold_gain":0.0,"event_name":"The Library","player_choice":"Read","floor":25.0,"gold_loss":0.0,"damage_taken":0.0,"cards_obtained":["MilkyWay"]},{"damage_healed":0.0,"max_hp_gain":0.0,"max_hp_loss":0.0,"gold_gain":100.0,"event_name":"Golden Shrine","player_choice":"Pray","floor":30.0,"gold_loss":0.0,"damage_taken":0.0}],"is_beta":false,"boss_relics":[{"not_picked":["expansioncontent:StudyCardRelic","Busted Crown"],"picked":"Tiny House"},{"not_picked":["BewitchedHakkero","Black Star"],"picked":"Sozu"}],"items_purged_floors":[3,36],"is_endless":false,"potions_floor_spawned":[5,11,14,16,22,24,33,35,39,41,47,48],"ascension_level":0}}