{"host":"873t0y8ybyo38pfq","time":1609804779,"event":{"mods":["BaseMod","Bestiary","Colored Map","Colored Powertips","Highlight Path","Minty Spire (QoL Compilation)","Quick Restart","RNG Fix","Rare Cards Sparkle","Relic Stats","StSLib"],"gold_per_floor":[118,137,25,25,25,63,63,101,101,151,151,167,92,111,111,210,210,223,9,9,9,30,71,71,31,57,75,129,49,70,89,89,179,179,199,36,49,49,63,63,63,63],"floor_reached":41,"playtime":1315,"items_purged":["Strike_B"],"score":888,"play_id":"24dadfb7-2d11-4610-9e92-0dfc8a1cdbba","local_time":"20210104185939","is_ascension_mode":true,"campfire_choices":[{"data":"Machine Learning","floor":7,"key":"SMITH"},{"data":"Zap","floor":11,"key":"SMITH"},{"floor":15,"key":"REST"},{"floor":24,"key":"REST"},{"floor":32,"key":"REST"},{"floor":40,"key":"REST"}],"circlet_count":0,"master_deck":["AscendersBane","Zap+1","Dualcast","Redo+1","Doom and Gloom","Machine Learning+1","Reboot","Seek","Auto Shields","Genetic Algorithm","Chill","Capacitor","Leap","Static Discharge","Scrape","Self Repair","Redo","Hello World+1","All For One","Chaos"],"relics":["Cracked Core","NeowsBlessing","Golden Idol","Potion Belt","Bag of Preparation","Sundial","Pandora\u0027s Box","Calipers","Happy Flower","Busted Crown","DataDisk"],"acts_visited":["Exordium","TheCity","TheBeyond"],"potions_floor_usage":[14,16,18,22,22,23,23,27,33,33,39,39,41],"damage_taken":[{"damage":0.0,"enemies":"Cultist","floor":1.0,"turns":1.0},{"damage":0.0,"enemies":"Small Slimes","floor":2.0,"turns":1.0},{"damage":0,"enemies":"Gremlin Nob","floor":6,"turns":1},{"damage":30,"enemies":"Lagavulin","floor":8,"turns":6},{"damage":0,"enemies":"2 Louse","floor":12,"turns":2},{"damage":1,"enemies":"Looter","floor":14,"turns":3},{"damage":29,"enemies":"Slime Boss","floor":16,"turns":7},{"damage":26,"enemies":"Shell Parasite","floor":18,"turns":6},{"damage":13,"enemies":"Chosen","floor":22,"turns":4},{"damage":19,"enemies":"Book of Stabbing","floor":23,"turns":5},{"damage":14,"enemies":"Shelled Parasite and Fungi","floor":27,"turns":3},{"damage":19,"enemies":"Snake Plant","floor":30,"turns":4},{"damage":6,"enemies":"Chosen and Byrds","floor":31,"turns":3},{"damage":45,"enemies":"Champ","floor":33,"turns":12},{"damage":20,"enemies":"3 Shapes","floor":35,"turns":4},{"damage":12,"enemies":"Orb Walker","floor":37,"turns":4},{"damage":34,"enemies":"Maw","floor":39,"turns":8},{"damage":33,"enemies":"Nemesis","floor":41,"turns":2}],"seed_played":"-8928965937445898013","potions_obtained":[{"floor":2.0,"key":"SkillPotion"},{"floor":12,"key":"SmokeBomb"},{"floor":14,"key":"Dexterity Potion"},{"floor":16,"key":"Regen Potion"},{"floor":21,"key":"SneckoOil"},{"floor":21,"key":"DistilledChaos"},{"floor":22,"key":"Weak Potion"},{"floor":25,"key":"BlessingOfTheForge"},{"floor":25,"key":"FairyPotion"},{"floor":25,"key":"Block Potion"},{"floor":30,"key":"Fire Potion"},{"floor":33,"key":"DistilledChaos"},{"floor":35,"key":"SpeedPotion"},{"floor":37,"key":"Regen Potion"}],"is_trial":false,"path_per_floor":["M","M","$","?","?","E","R","E","T","?","R","M","?","M","R","B",null,"M","$","?","?","M","E","R","?","T","M","T","$","M","M","R","B",null,"M","$","M","?","M","R","E"],"character_chosen":"DEFECT","items_purchased":["Doom and Gloom","Capacitor","Regen Potion","Leap","Self Repair","DataDisk"],"campfire_rested":4,"item_purchase_floors":[3,19,19,19,29,36],"current_hp_per_floor":[64,64,64,57,57,57,57,27,27,27,27,27,27,26,45,16,52,35,35,35,35,34,15,34,34,34,20,20,20,8,9,28,13,51,31,31,26,26,14,33,0,0],"gold":63,"neow_bonus":"THREE_ENEMY_KILL","is_daily":false,"chose_seed":false,"campfire_upgraded":2,"win_rate":0.0,"timestamp":1609804779,"path_taken":["M","M","$","?","?","E","R","E","T","?","R","M","?","?","R","BOSS","M","$","?","?","M","E","R","?","T","M","?","$","M","M","R","BOSS","M","$","M","?","?","R","E"],"items_purchased_type":["Card","Card","Potion","Card","Card","Relic"],"build_version":"2020-12-22","purchased_purges":1,"victory":false,"max_hp_per_floor":[71,71,71,71,64,64,64,64,64,64,64,64,64,64,64,64,64,64,64,64,64,64,64,64,64,64,64,64,64,64,64,64,64,64,64,64,64,64,64,64,64,64],"relic_stats":{"Busted Crown":6,"Happy Flower":[12],"counters":[18,76],"Golden Idol":98,"Sundial":[30],"Pandora\u0027s Box":["Sweeping Beam","Seek","Auto Shields","Genetic Algorithm","Chill"],"Bag of Preparation":[28],"obtain_stats":[{"Potion Belt":6,"DataDisk":36,"Calipers":23,"Busted Crown":34,"NeowsBlessing":0,"Happy Flower":28,"Golden Idol":5,"Sundial":9,"Pandora\u0027s Box":17,"Bag of Preparation":8,"Cracked Core":0},{"Potion Belt":3,"DataDisk":15,"Calipers":10,"Busted Crown":14,"NeowsBlessing":0,"Happy Flower":11,"Golden Idol":2,"Sundial":4,"Pandora\u0027s Box":7,"Bag of Preparation":4,"Cracked Core":0},{"Potion Belt":3,"DataDisk":62,"Calipers":36,"Busted Crown":58,"NeowsBlessing":0,"Happy Flower":39,"Golden Idol":2,"Sundial":9,"Pandora\u0027s Box":21,"Bag of Preparation":9,"Cracked Core":0}]},"card_choices":[{"not_picked":["Hologram","Consume","Stack"],"picked":"SKIP","floor":1.0},{"not_picked":["Rebound","Gash"],"picked":"Redo","floor":2.0},{"not_picked":["Hologram","Ball Lightning"],"picked":"Machine Learning","floor":6},{"not_picked":["Sweeping Beam","FTL","Melter"],"picked":"SKIP","floor":8},{"not_picked":["Rebound","Gash","Beam Cell"],"picked":"SKIP","floor":12},{"not_picked":["Cold Snap","Sweeping Beam","Hyperbeam"],"picked":"SKIP","floor":14},{"not_picked":["Seek","Buffer"],"picked":"Reboot","floor":16},{"not_picked":["Hologram","Aggregate","Stack"],"picked":"SKIP","floor":18},{"not_picked":["Double Energy","Lockon","Stack"],"picked":"SKIP","floor":22},{"not_picked":["Rebound","Hologram"],"picked":"Static Discharge","floor":23},{"not_picked":["Melter","Beam Cell"],"picked":"Scrape","floor":27},{"not_picked":["Stack","Blizzard"],"picked":"Redo","floor":30},{"not_picked":["Coolheaded","Streamline"],"picked":"Hello World+1","floor":31},{"not_picked":["Core Surge","Fission"],"picked":"All For One","floor":33},{"not_picked":[],"picked":"Chaos","floor":35},{"not_picked":["Stack"],"picked":"SKIP","floor":37},{"not_picked":["Cold Snap+1"],"picked":"SKIP","floor":39}],"player_experience":1513205,"relics_obtained":[{"floor":6,"key":"Potion Belt"},{"floor":8,"key":"Bag of Preparation"},{"floor":9,"key":"Sundial"},{"floor":23,"key":"Calipers"},{"floor":28,"key":"Happy Flower"}],"event_choices":[{"cards_removed":["Strike_B"],"damage_healed":0,"gold_gain":0,"player_choice":"Card Removal","damage_taken":7,"max_hp_gain":0,"max_hp_loss":0,"event_name":"Golden Wing","floor":4,"gold_loss":0},{"damage_healed":0,"gold_gain":0,"player_choice":"Lose Max HP","damage_taken":0,"relics_obtained":["Golden Idol"],"max_hp_gain":0,"max_hp_loss":7,"event_name":"Golden Idol","floor":5,"gold_loss":0},{"damage_healed":0,"gold_gain":50,"player_choice":"Pray","damage_taken":0,"max_hp_gain":0,"max_hp_loss":0,"event_name":"Golden Shrine","floor":10,"gold_loss":0},{"cards_removed":["Strike_B"],"damage_healed":0,"gold_gain":0,"player_choice":"Card Removal","damage_taken":0,"max_hp_gain":0,"max_hp_loss":0,"event_name":"The Cleric","floor":13,"gold_loss":75},{"damage_healed":0,"gold_gain":0,"player_choice":"Upgraded","damage_taken":0,"max_hp_gain":0,"max_hp_loss":0,"event_name":"Upgrade Shrine","floor":20,"gold_loss":0,"cards_upgraded":["Redo"]},{"damage_healed":0,"gold_gain":0,"player_choice":"Got Potions","damage_taken":0,"max_hp_gain":0,"max_hp_loss":0,"event_name":"Lab","floor":21,"gold_loss":0},{"damage_healed":0,"gold_gain":0,"player_choice":"Bought 3 Potions","damage_taken":0,"max_hp_gain":0,"max_hp_loss":0,"event_name":"The Woman in Blue","floor":25,"gold_loss":0},{"cards_removed":["Sweeping Beam"],"damage_healed":0,"gold_gain":0,"player_choice":"Removed Attack","damage_taken":0,"max_hp_gain":0,"max_hp_loss":0,"event_name":"Falling","floor":38,"gold_loss":0}],"is_beta":false,"boss_relics":[{"not_picked":["Runic Pyramid","Nuclear Battery"],"picked":"Pandora\u0027s Box"},{"not_picked":["Fusion Hammer","Empty Cage"],"picked":"Busted Crown"}],"items_purged_floors":[3],"is_endless":false,"potions_floor_spawned":[2,12,14,16,22,30,33,35,37],"killed_by":"Nemesis","ascension_level":20}}