{"host":"mydft8i2zzydgggw","time":1609768541,"event":{"mods":["AchievementEnabler","BaseMod","Colored Map","Colored Powertips","Keyboard Shortcuts","Minty Spire (QoL Compilation)","Quick Restart","StSLib","SuperFastMode","The Poker Player"],"gold_per_floor":[109,125,125,125,141,141,66,102,129,150,50,80,255,293,293,293,293],"floor_reached":16,"playtime":513,"items_purged":["Injury","Strike_B"],"score":130,"play_id":"6419164b-d52b-41f6-b4a4-ce12250de44d","local_time":"20210104225541","is_ascension_mode":true,"campfire_choices":[{"data":"Zap","floor":6,"key":"SMITH"},{"floor":15,"key":"REST"}],"circlet_count":0,"master_deck":["Strike_B","Strike_B","Strike_B","Defend_B","Defend_B","Defend_B","Defend_B","Zap+1","Dualcast","Double Energy+1","Glacier","Chill","Recycle","Doubt","Blizzard"],"relics":["Cracked Core","Toy Ornithopter","Golden Idol","Lantern","Centennial Puzzle","Odd Mushroom","Bag of Marbles"],"acts_visited":["Exordium"],"potions_floor_usage":[8,8,12,16],"damage_taken":[{"damage":0,"enemies":"Cultist","floor":1,"turns":3},{"damage":7,"enemies":"Jaw Worm","floor":2,"turns":2},{"damage":5,"enemies":"2 Louse","floor":5,"turns":3},{"damage":30,"enemies":"Lagavulin","floor":8,"turns":7},{"damage":16,"enemies":"Gremlin Gang","floor":10,"turns":6},{"damage":5,"enemies":"The Mushroom Lair","floor":12,"turns":6},{"damage":11,"enemies":"3 Sentries","floor":14,"turns":10},{"damage":45,"enemies":"The Guardian","floor":16,"turns":13}],"seed_played":"-1186597801522934046","potions_obtained":[{"floor":2,"key":"BlessingOfTheForge"},{"floor":5,"key":"SteroidPotion"},{"floor":10,"key":"Block Potion"},{"floor":14,"key":"Swift Potion"}],"is_trial":false,"path_per_floor":["M","M","?","?","M","R","$","E","T","M","$","?","?","E","R","B"],"character_chosen":"DEFECT","items_purchased":[],"campfire_rested":1,"item_purchase_floors":[],"current_hp_per_floor":[75,68,68,68,63,63,63,43,43,27,27,27,27,16,38,0,0],"gold":293,"neow_bonus":"RANDOM_COMMON_RELIC","is_daily":false,"chose_seed":false,"campfire_upgraded":1,"win_rate":0.0,"timestamp":1609768541,"path_taken":["M","?","?","?","M","R","$","E","T","?","$","?","?","E","R","BOSS"],"items_purchased_type":[],"build_version":"2020-12-22","purchased_purges":2,"victory":false,"max_hp_per_floor":[75,75,75,75,75,75,75,75,75,75,75,75,75,75,75,75,75],"card_choices":[{"not_picked":["Sweeping Beam","FTL"],"picked":"Double Energy","floor":1},{"not_picked":["Sweeping Beam","Force Field","BootSequence"],"picked":"SKIP","floor":2},{"not_picked":["Compile Driver","Steam","Ball Lightning"],"picked":"SKIP","floor":5},{"not_picked":["Streamline","Sweeping Beam"],"picked":"Glacier","floor":8},{"not_picked":["Streamline","Tempest"],"picked":"Chill","floor":10},{"not_picked":["Redo","Barrage"],"picked":"Recycle","floor":12},{"not_picked":["Scrape","Hyperbeam"],"picked":"Blizzard","floor":14}],"player_experience":84696,"relics_obtained":[{"floor":8,"key":"Lantern"},{"floor":9,"key":"Centennial Puzzle"},{"floor":12,"key":"Odd Mushroom"},{"floor":14,"key":"Bag of Marbles"}],"event_choices":[{"damage_healed":0,"gold_gain":0,"player_choice":"Take Wound","damage_taken":0,"relics_obtained":["Golden Idol"],"max_hp_gain":0,"max_hp_loss":0,"event_name":"Golden Idol","floor":3,"gold_loss":0,"cards_obtained":["Injury"]},{"damage_healed":0,"gold_gain":0,"player_choice":"Forge","damage_taken":0,"max_hp_gain":0,"max_hp_loss":0,"event_name":"Accursed Blacksmith","floor":4,"gold_loss":0,"cards_upgraded":["Double Energy"]},{"damage_healed":0,"gold_gain":0,"player_choice":"Fought Mushrooms","damage_taken":0,"max_hp_gain":0,"max_hp_loss":0,"event_name":"Mushrooms","floor":12,"gold_loss":0},{"damage_healed":0,"gold_gain":175,"player_choice":"AGREE","damage_taken":0,"max_hp_gain":0,"max_hp_loss":0,"event_name":"Liars Game","floor":13,"gold_loss":0,"cards_obtained":["Doubt"]}],"is_beta":false,"boss_relics":[],"items_purged_floors":[7,11],"is_endless":false,"potions_floor_spawned":[2,5,10,14],"killed_by":"The Guardian","ascension_level":4}}