{"host":"02uosbn8hju1jzqf","time":1609747481,"event":{"mods":["Act Like it!","Arknights The Spire","BaseMod","Colored Powertips","Defective Defect","GifTheSpireLib","Marisa????????","Minty Spire (QoL Compilation)","Reimu??????","StSLib","The Awakened One except there are too many feathers","The Poker Player","Yakumo Yukari mod","everything is the same but u backflip on backflip","??????REMEMod"],"gold_per_floor":[112,126,142,92,102,102,131,131,131,131,144,160,174,174,174,271,271,283,283,283,283],"floor_reached":19,"playtime":1202,"items_purged":[],"score":171,"play_id":"6eb9ff4d-6f39-4ccf-9740-3c8c080cc66c","local_time":"20210104000441","is_ascension_mode":false,"metric_token":978,"campfire_choices":[{"data":"Machine Learning","floor":6,"key":"SMITH"},{"data":"PokerPlayerMod:Heart2","floor":8,"key":"SMITH"},{"floor":10,"key":"REST"},{"data":"PokerPlayerMod:Diamond3","floor":15,"key":"SMITH"}],"circlet_count":0,"master_deck":["PokerPlayerMod:Diamond2","PokerPlayerMod:Diamond4","PokerPlayerMod:Diamond4","PokerPlayerMod:Diamond5","PokerPlayerMod:Spade2","PokerPlayerMod:Spade3","PokerPlayerMod:Spade4","PokerPlayerMod:Club2","PokerPlayerMod:Heart3","PokerPlayerMod:TrumpStrike","PokerPlayerMod:BadJoker","PokerPlayerMod:Mulligan","PokerPlayerMod:DiamondStrike","PokerPlayerMod:Fold","Machine Learning+1","PokerPlayerMod:Heart3","PokerPlayerMod:Heart6","PokerPlayerMod:Raise","PokerPlayerMod:Manipulation","PokerPlayerMod:Diamond4","PokerPlayerMod:Spade3","PokerPlayerMod:Spade4","PokerPlayerMod:Spade8","PokerPlayerMod:SecretDealer+1","PokerPlayerMod:CardPrinter+1","PokerPlayerMod:SecretDealer+1"],"relics":["PokerPlayerMod:DeckCase","REME_ComplimentaryCards","Happy Flower","Mastiff:ReiMu","Astrolabe"],"acts_visited":["Exordium","TheCity"],"potions_floor_usage":[12],"damage_taken":[{"damage":7,"enemies":"Small Slimes","floor":1,"turns":3},{"damage":2,"enemies":"2 Louse","floor":2,"turns":2},{"damage":1,"enemies":"Jaw Worm","floor":3,"turns":4},{"damage":2,"enemies":"Looter","floor":5,"turns":2},{"damage":26,"enemies":"Gremlin Nob","floor":7,"turns":4},{"damage":7,"enemies":"Blue Slaver","floor":11,"turns":3},{"damage":7,"enemies":"Exordium Wildlife","floor":12,"turns":2},{"damage":11,"enemies":"Red Slaver","floor":13,"turns":3},{"damage":30,"enemies":"Hexaghost","floor":16,"turns":9},{"damage":4,"enemies":"Chosen","floor":18,"turns":5},{"damage":12,"enemies":"Shell Parasite","floor":19,"turns":4}],"seed_played":"2368792654905277387","potions_obtained":[{"floor":7,"key":"DuplicationPotion"},{"floor":11,"key":"AttackPotion"},{"floor":12,"key":"Fruit Juice"}],"is_trial":false,"path_per_floor":["M","M","M","$","M","R","E","R","T","R","M","M","M","?","R","B",null,"M","M"],"character_chosen":"THE_POKER_PLAYER","items_purchased":["PokerPlayerMod:Heart6"],"campfire_rested":1,"item_purchase_floors":[4],"current_hp_per_floor":[45,43,45,45,52,52,36,36,36,51,51,50,53,58,58,47,62,62,50,50,50],"gold":283,"neow_bonus":"UPGRADE_CARD","is_daily":false,"chose_seed":false,"campfire_upgraded":3,"win_rate":0.0,"timestamp":1609747481,"path_taken":["M","M","M","$","M","R","E","R","T","R","M","M","M","?","R","BOSS","M","M"],"items_purchased_type":["Card"],"build_version":"2020-12-22","purchased_purges":0,"victory":false,"max_hp_per_floor":[52,52,52,52,52,52,52,52,52,52,52,57,57,62,62,62,62,62,62,62,62],"card_choices":[{"not_picked":["PokerPlayerMod:CloakAndDiamond","PokerPlayerMod:Diamond6"],"picked":"PokerPlayerMod:DiamondStrike","floor":1},{"not_picked":["PokerPlayerMod:ClubsClub","PokerPlayerMod:Club3"],"picked":"PokerPlayerMod:Fold","floor":2},{"not_picked":["PokerPlayerMod:Raise","PokerPlayerMod:MagicTrick"],"picked":"PokerPlayerMod:Heart2","floor":3},{"not_picked":["PokerPlayerMod:Diamond3","PokerPlayerMod:Spade1"],"picked":"PokerPlayerMod:Raise","floor":5},{"not_picked":["PokerPlayerMod:Raise","PokerPlayerMod:Club6"],"picked":"PokerPlayerMod:Manipulation","floor":7},{"not_picked":["PokerPlayerMod:ClubDance","PokerPlayerMod:CardBurn"],"picked":"PokerPlayerMod:Diamond4","floor":11},{"not_picked":["PokerPlayerMod:Fold","PokerPlayerMod:CardBurn"],"picked":"PokerPlayerMod:Spade3","floor":12},{"not_picked":["PokerPlayerMod:Diamond2","PokerPlayerMod:Diamond1"],"picked":"PokerPlayerMod:Spade4","floor":13},{"not_picked":["PokerPlayerMod:TheDieIsCast","PokerPlayerMod:WasteCollection"],"picked":"PokerPlayerMod:Spade8","floor":16},{"not_picked":["PokerPlayerMod:RiskyBet","PokerPlayerMod:Heart2","PokerPlayerMod:Club3"],"picked":"SKIP","floor":18}],"player_experience":122382,"relics_obtained":[{"floor":7,"key":"Happy Flower"},{"floor":9,"key":"Mastiff:ReiMu"}],"event_choices":[{"damage_healed":0,"gold_gain":0,"player_choice":"Donut","damage_taken":0,"max_hp_gain":5,"max_hp_loss":0,"event_name":"Big Fish","floor":14,"gold_loss":0}],"is_beta":false,"boss_relics":[{"not_picked":["Calling Bell","Busted Crown"],"picked":"Astrolabe"}],"items_purged_floors":[],"is_endless":false,"potions_floor_spawned":[7,11,12],"killed_by":"Shell Parasite","ascension_level":0}}