{"host":"nzm1i0l8mrsm8hd2","time":1609736802,"event":{"mods":["Act Like it!","Aspiration","BaseMod","CapriCore","Challenge The Spire","Conspire","Gensokyo","Minty Spire (QoL Compilation)","Pale of the Ancients","Quick Restart","Robot Space Explorer","RumiaBox-露米娅的神秘盒子","Spicy Shops","StSLib","The Immortal","The Jungle","The Mystic","Wandering Minibosses","Yakumo Yukari mod"],"gold_per_floor":[502,264,294,326,367,379,54,54,81,113,146,146,21,21,47,78,105,137],"floor_reached":19,"playtime":991,"items_purged":["mysticmod:Strike_Mystic","mysticmod:Defend_Mystic","mysticmod:Defend_Mystic"],"score":543,"play_id":"31b75573-7d82-4cb5-9329-04b6655e8430","local_time":"20210104130642","daily_mods":["challengethespire:Silver Difficulty","challengethespire:Elite Rush","Uncertain Future"],"is_ascension_mode":true,"campfire_choices":[{"data":"mysticmod:ComboCaster","floor":8,"key":"SMITH"},{"data":"mysticmod:Haste","floor":14,"key":"SMITH"}],"circlet_count":0,"master_deck":["AscendersBane","mysticmod:Strike_Mystic","mysticmod:Strike_Mystic","mysticmod:Strike_Mystic","mysticmod:Defend_Mystic","mysticmod:Defend_Mystic","mysticmod:ArcaneDodge+1","mysticmod:ShockingGrasp","Finesse","mysticmod:ObscuringMist+1","mysticmod:ArcaneAccuracy","mysticmod:ComboCaster+1","mysticmod:Probe","mysticmod:ArcaneAccuracy","mysticmod:Haste+1","mysticmod:Daze","mysticmod:Stoneskin","mysticmod:KnowledgePool","mysticmod:Lunge"],"relics":["mysticmod:BlessedBook","Black Star","Sling","PreservedInsect","aspiration:Nostalgia","PureWater","Omamori","SecretRecord","HandDrill","Oddly Smooth Stone","mysticmod:RunicPrism","Art of War","MawBank","Ancient Tea Set","Blood Vial","Bottled Tornado","conspire:RunicOctahedron","Lizard Tail","MagicDraw3","aspiration:Lifesprig","Pocketwatch","Pear","War Paint","TungstenRod","conspire:BottledYoYo","GodSword6","Pen Nib","GodSword4","conspire:InfiniteJournal","Vajra","HornCleat","InkBottle","conspire:Dentures"],"acts_visited":["Exordium"],"potions_floor_usage":[10],"damage_taken":[{"damage":11.0,"enemies":"3 Sentries","floor":3.0,"turns":7.0},{"damage":1.0,"enemies":"Gremlin Nob","floor":4.0,"turns":3.0},{"damage":0.0,"enemies":"Lagavulin","floor":5.0,"turns":3.0},{"damage":6,"enemies":"Gremlin Leader","floor":9,"turns":4},{"damage":6,"enemies":"Slavers","floor":10,"turns":3},{"damage":0,"enemies":"Book of Stabbing","floor":11,"turns":3},{"damage":15,"enemies":"Reptomancer","floor":15,"turns":3},{"damage":0,"enemies":"Giant Head","floor":16,"turns":3},{"damage":5,"enemies":"Nemesis","floor":17,"turns":3},{"damage":0,"enemies":"Shield and Spear","floor":18,"turns":5}],"seed_played":"-7584120715195083154","potions_obtained":[{"floor":3.0,"key":"AttackPotion"},{"floor":9,"key":"Energy Potion"},{"floor":10,"key":"AttackPotion"},{"floor":16,"key":"FairyPotion"}],"is_trial":true,"path_per_floor":["$","$","E","E","E","T","$","R","E","E","E","T","$","R","E","E","E","E",null],"character_chosen":"MYSTIC_CLASS","items_purchased":["aspiration:Nostalgia","Omamori","SecretRecord","Finesse","HandDrill","Oddly Smooth Stone","Lizard Tail","MagicDraw3"],"campfire_rested":0,"item_purchase_floors":[1,1,1,1,2,2,7,7],"current_hp_per_floor":[69,69,58,57,57,57,57,57,53,59,61,61,61,61,48,50,47,49],"gold":137,"neow_bonus":"","is_daily":false,"chose_seed":false,"campfire_upgraded":2,"win_rate":0.0,"timestamp":1609736802,"path_taken":["$","$","E","E","E","T","$","R","E","E","E","T","$","R","E","E","E","E"],"items_purchased_type":["Relic","Relic","Relic","Card","Relic","Relic","Relic","Relic"],"build_version":"2020-12-22","purchased_purges":3,"victory":true,"max_hp_per_floor":[77,77,77,77,77,77,77,77,77,87,87,87,87,87,87,87,87,87],"card_choices":[],"player_experience":585335,"relics_obtained":[{"floor":3.0,"key":"mysticmod:RunicPrism"},{"floor":3.0,"key":"Art of War"},{"floor":4.0,"key":"MawBank"},{"floor":4.0,"key":"Ancient Tea Set"},{"floor":5.0,"key":"Blood Vial"},{"floor":5.0,"key":"Bottled Tornado"},{"floor":9,"key":"aspiration:Lifesprig"},{"floor":9,"key":"Pocketwatch"},{"floor":10,"key":"Pear"},{"floor":10,"key":"War Paint"},{"floor":11,"key":"TungstenRod"},{"floor":11,"key":"conspire:BottledYoYo"},{"floor":15,"key":"GodSword6"},{"floor":15,"key":"Pen Nib"},{"floor":16,"key":"GodSword4"},{"floor":16,"key":"conspire:InfiniteJournal"},{"floor":17,"key":"Vajra"},{"floor":17,"key":"HornCleat"},{"floor":18,"key":"InkBottle"},{"floor":18,"key":"conspire:Dentures"}],"event_choices":[],"is_beta":false,"boss_relics":[{"not_picked":["Runic Pyramid","aspiration:FutureDiary"],"picked":"conspire:RunicOctahedron"},{"not_picked":["conspire:SlowCooker","Velvet Choker"],"picked":"mysticmod:BlessedBook"}],"items_purged_floors":[1,2,13],"is_endless":false,"potions_floor_spawned":[3,9,10,15,16,18],"ascension_level":10}}