{"host":"qm4rv4rkpk76sbxu","time":1609787286,"event":{"mods":["BaseMod","Bestiary","Block Reminder","Filter the Spire","Keyboard Shortcuts","Minty Spire (QoL Compilation)","MonsterHotkey","Potion Indicator Mod","Quick Restart","Relic Stats","Slay-I","StSLib","ojb\u0027s Better Paths Mod"],"gold_per_floor":[116,116,24,39,58,89,12,12,12,12,47,47,47,60,60,137,137,153,168,181,181,193,226,226,226,226,226,259,272,272,287,287,362,362,380,400,449,449,461,794,794,825,825,37,37,37],"floor_reached":45,"playtime":1887,"items_purged":["Pain"],"score":1117,"play_id":"8dd60913-ffab-4e83-b569-cf2927cdf6e2","local_time":"20210104200806","is_ascension_mode":true,"campfire_choices":[{"floor":8.0,"key":"REST"},{"data":"Cloak And Dagger","floor":13.0,"key":"SMITH"},{"data":"Footwork","floor":15.0,"key":"SMITH"},{"floor":24.0,"key":"REST"},{"floor":30.0,"key":"RECALL"},{"floor":32.0,"key":"REST"},{"floor":41.0,"key":"REST"}],"circlet_count":0,"master_deck":["AscendersBane","Defend_G","Defend_G","Defend_G","Defend_G","Defend_G","Survivor","Neutralize","Dagger Spray+1","Leg Sweep","Cloak And Dagger+1","Blur","Die Die Die","Footwork+1","Endless Agony","Blur","Glass Knife","Bouncing Flask+1","Slice+1","Poisoned Stab","Bite","Bite","Bite","Bite","Setup+1","Terror","Dodge and Roll+1","Footwork","Corpse Explosion","CurseOfTheBell","Acrobatics","Burst","Backflip","Acrobatics"],"relics":["Ring of the Snake","NeowsBlessing","StrikeDummy","Du-Vu Doll","WarpedTongs","Torii","Fusion Hammer","Blood Vial","PreservedInsect","Lizard Tail","Calling Bell","Oddly Smooth Stone","The Courier","Ice Cream","Ginger","Old Coin","Ornamental Fan","Bronze Scales","Vajra","Bag of Preparation","Pen Nib","Paper Crane"],"acts_visited":["Exordium","TheCity","TheBeyond"],"potions_floor_usage":[],"damage_taken":[{"damage":0.0,"enemies":"Jaw Worm","floor":1.0,"turns":1.0},{"damage":0.0,"enemies":"Cultist","floor":4.0,"turns":1.0},{"damage":0.0,"enemies":"2 Louse","floor":5.0,"turns":1.0},{"damage":25.0,"enemies":"Lagavulin","floor":6.0,"turns":5.0},{"damage":9.0,"enemies":"Gremlin Nob","floor":11.0,"turns":4.0},{"damage":1.0,"enemies":"Exordium Thugs","floor":14.0,"turns":3.0},{"damage":10.0,"enemies":"Slime Boss","floor":16.0,"turns":9.0},{"damage":1.0,"enemies":"3 Byrds","floor":18.0,"turns":8.0},{"damage":2.0,"enemies":"Chosen","floor":19.0,"turns":3.0},{"damage":2.0,"enemies":"Snecko","floor":20.0,"turns":4.0},{"damage":6.0,"enemies":"Cultist and Chosen","floor":22.0,"turns":4.0},{"damage":27.0,"enemies":"Book of Stabbing","floor":23.0,"turns":5.0},{"damage":10.0,"enemies":"Slavers","floor":28.0,"turns":4.0},{"damage":0.0,"enemies":"Centurion and Healer","floor":29.0,"turns":4.0},{"damage":2.0,"enemies":"Sentry and Sphere","floor":31.0,"turns":5.0},{"damage":54.0,"enemies":"Collector","floor":33.0,"turns":14.0},{"damage":13.0,"enemies":"3 Darklings","floor":35.0,"turns":3.0},{"damage":0.0,"enemies":"Orb Walker","floor":36.0,"turns":3.0},{"damage":32.0,"enemies":"2 Orb Walkers","floor":37.0,"turns":3.0},{"damage":8.0,"enemies":"4 Shapes","floor":39.0,"turns":7.0},{"damage":34.0,"enemies":"Nemesis","floor":40.0,"turns":11.0},{"damage":45.0,"enemies":"Reptomancer","floor":42.0,"turns":6.0},{"damage":16,"enemies":"Spire Growth","floor":45,"turns":2}],"seed_played":"-4236715917871983073","potions_obtained":[{"floor":4.0,"key":"GhostInAJar"},{"floor":14.0,"key":"GamblersBrew"},{"floor":16.0,"key":"GhostInAJar"},{"floor":22.0,"key":"Regen Potion"},{"floor":23.0,"key":"FearPotion"},{"floor":28.0,"key":"FearPotion"},{"floor":29.0,"key":"EssenceOfSteel"},{"floor":33.0,"key":"Swift Potion"},{"floor":37.0,"key":"EssenceOfSteel"},{"floor":39.0,"key":"Fire Potion"},{"floor":42.0,"key":"SteroidPotion"}],"is_trial":false,"path_per_floor":["M","?","$","M","M","E","$","R","T","?","E","$","R","M","R","B",null,"M","M","M","?","M","E","R","?","T","?","E","M","R","M","R","B",null,"M","M","?","?","M","E","R","E","T","$","M"],"character_chosen":"THE_SILENT","items_purchased":["Leg Sweep","PowerPotion","Footwork","Bronze Scales","Acrobatics","Vajra","Bag of Preparation","Pen Nib","Paper Crane"],"campfire_rested":4,"item_purchase_floors":[3,3,7,44,44,44,44,44,44],"current_hp_per_floor":[59,39,39,39,39,14,14,33,33,33,24,24,24,23,23,13,53,52,50,48,46,45,27,40,40,40,46,42,46,46,45,46,30,42,31,38,11,11,15,30,43,5,5,5,0,0],"gold":37,"neow_bonus":"THREE_ENEMY_KILL","is_daily":false,"chose_seed":false,"campfire_upgraded":2,"win_rate":0.0,"timestamp":1609787286,"path_taken":["M","?","?","M","?","E","$","R","T","?","E","?","R","M","R","BOSS","M","M","M","?","M","E","R","?","T","?","E","M","R","M","R","BOSS","M","M","?","?","M","E","R","E","T","$","M"],"items_purchased_type":["Card","Potion","Card","Relic","Card","Relic","Relic","Relic","Relic"],"build_version":"2020-12-22","purchased_purges":1,"victory":false,"max_hp_per_floor":[66,66,66,66,66,66,66,66,66,66,66,66,66,66,66,66,66,66,66,66,46,46,46,46,46,46,46,46,46,46,46,46,46,46,46,46,46,46,46,46,46,46,46,46,46,46],"relic_stats":{"Torii":36,"counters":[23,110],"PreservedInsect":151,"Pen Nib":[0],"Bag of Preparation":[2],"Ginger":[1],"WarpedTongs":[102],"Blood Vial":16,"Lizard Tail":23,"Ornamental Fan":[4],"Bronze Scales":[0],"obtain_stats":[{"Ice Cream":34,"NeowsBlessing":0,"Torii":11,"Oddly Smooth Stone":34,"Vajra":44,"PreservedInsect":26,"The Courier":34,"Pen Nib":44,"Bag of Preparation":44,"Ginger":37,"Paper Crane":44,"WarpedTongs":10,"Old Coin":40,"Du-Vu Doll":9,"Blood Vial":23,"Calling Bell":34,"Lizard Tail":28,"Ornamental Fan":42,"Bronze Scales":44,"Fusion Hammer":17,"StrikeDummy":6,"Ring of the Snake":0},{"Ice Cream":16,"NeowsBlessing":0,"Torii":5,"Oddly Smooth Stone":16,"Vajra":22,"PreservedInsect":12,"The Courier":16,"Pen Nib":22,"Bag of Preparation":22,"Ginger":19,"Paper Crane":22,"WarpedTongs":4,"Old Coin":21,"Du-Vu Doll":4,"Blood Vial":12,"Calling Bell":16,"Lizard Tail":13,"Ornamental Fan":22,"Bronze Scales":22,"Fusion Hammer":7,"StrikeDummy":4,"Ring of the Snake":0},{"Ice Cream":75,"NeowsBlessing":0,"Torii":12,"Oddly Smooth Stone":75,"Vajra":108,"PreservedInsect":48,"The Courier":75,"Pen Nib":108,"Bag of Preparation":108,"Ginger":84,"Paper Crane":108,"WarpedTongs":8,"Old Coin":102,"Du-Vu Doll":8,"Blood Vial":48,"Calling Bell":75,"Lizard Tail":52,"Ornamental Fan":108,"Bronze Scales":108,"Fusion Hammer":24,"StrikeDummy":8,"Ring of the Snake":0}],"Ring of the Snake":[48]},"card_choices":[{"not_picked":["Heel Hook","PiercingWail"],"picked":"Dagger Spray","floor":1.0},{"not_picked":["Accuracy","Dodge and Roll"],"picked":"Cloak And Dagger","floor":4.0},{"not_picked":["Prepared","Grand Finale"],"picked":"Blur","floor":5.0},{"not_picked":["Quick Slash","PiercingWail"],"picked":"Die Die Die","floor":6.0},{"not_picked":["Grand Finale","Dodge and Roll"],"picked":"Endless Agony","floor":11.0},{"not_picked":["Flying Knee","Reflex"],"picked":"Blur","floor":14.0},{"not_picked":["A Thousand Cuts","Doppelganger"],"picked":"Glass Knife","floor":16.0},{"not_picked":["Flechettes","Accuracy"],"picked":"Bouncing Flask+1","floor":18.0},{"not_picked":["Deflect","Outmaneuver"],"picked":"Slice+1","floor":19.0},{"not_picked":["Heel Hook","Outmaneuver"],"picked":"Poisoned Stab","floor":20.0},{"not_picked":["Outmaneuver","Endless Agony"],"picked":"Setup+1","floor":22.0},{"not_picked":["Corpse Explosion","Eviscerate"],"picked":"Terror","floor":23.0},{"not_picked":["Underhanded Strike","Quick Slash+1"],"picked":"Dodge and Roll+1","floor":28.0},{"not_picked":["Outmaneuver","Poisoned Stab"],"picked":"Footwork","floor":29.0},{"not_picked":["Terror","Masterful Stab+1","Blade Dance"],"picked":"SKIP","floor":31.0},{"not_picked":["Phantasmal Killer","Envenom"],"picked":"Corpse Explosion","floor":33.0},{"not_picked":["Underhanded Strike","Outmaneuver","PiercingWail"],"picked":"SKIP","floor":35.0},{"not_picked":["Caltrops","Concentrate"],"picked":"Acrobatics","floor":36.0},{"not_picked":["Blade Dance","Poisoned Stab"],"picked":"Burst","floor":39.0},{"not_picked":["Poisoned Stab","Riddle With Holes"],"picked":"Backflip","floor":40.0},{"not_picked":["Quick Slash+1","Sucker Punch+1","Footwork"],"picked":"SKIP","floor":42.0}],"player_experience":1212215,"relics_obtained":[{"floor":6.0,"key":"StrikeDummy"},{"floor":9.0,"key":"Du-Vu Doll"},{"floor":11.0,"key":"Torii"},{"floor":23.0,"key":"Blood Vial"},{"floor":26.0,"key":"PreservedInsect"},{"floor":28.0,"key":"Lizard Tail"},{"floor":34.0,"key":"Oddly Smooth Stone"},{"floor":34.0,"key":"The Courier"},{"floor":34.0,"key":"Ice Cream"},{"floor":37.0,"key":"Ginger"},{"floor":40.0,"key":"Old Coin"},{"floor":42.0,"key":"Ornamental Fan"}],"event_choices":[{"damage_healed":0.0,"max_hp_gain":0.0,"max_hp_loss":0.0,"gold_gain":0.0,"event_name":"Shining Light","player_choice":"Entered Light","floor":2.0,"gold_loss":0.0,"damage_taken":20.0,"cards_upgraded":["Strike_G","Dagger Spray"]},{"damage_healed":0.0,"max_hp_gain":0.0,"max_hp_loss":0.0,"gold_gain":0.0,"event_name":"Accursed Blacksmith","player_choice":"Rummage","floor":10.0,"gold_loss":0.0,"damage_taken":0.0,"relics_obtained":["WarpedTongs"],"cards_obtained":["Pain"]},{"damage_healed":0.0,"max_hp_gain":0.0,"max_hp_loss":20.0,"gold_gain":0.0,"event_name":"Vampires","player_choice":"Became a vampire","floor":21.0,"gold_loss":0.0,"damage_taken":0.0,"cards_obtained":["Bite","Bite","Bite","Bite","Bite"]},{"damage_healed":0.0,"max_hp_gain":0.0,"max_hp_loss":0.0,"gold_gain":0.0,"event_name":"Ghosts","player_choice":"Ignored","floor":25.0,"gold_loss":0.0,"damage_taken":0.0},{"damage_healed":6.0,"max_hp_gain":0.0,"max_hp_loss":0.0,"gold_gain":0.0,"event_name":"Wheel of Change","player_choice":"Full Heal","floor":27.0,"gold_loss":0.0,"damage_taken":0.0},{"damage_healed":0.0,"max_hp_gain":0.0,"max_hp_loss":0.0,"gold_gain":0.0,"event_name":"Mysterious Sphere","player_choice":"Fight","floor":37.0,"gold_loss":0.0,"damage_taken":0.0},{"cards_removed":["Bite"],"damage_healed":0.0,"max_hp_gain":0.0,"max_hp_loss":0.0,"gold_gain":0.0,"event_name":"Falling","player_choice":"Removed Attack","floor":38.0,"gold_loss":0.0,"damage_taken":0.0}],"is_beta":false,"boss_relics":[{"not_picked":["Runic Dome","Pandora\u0027s Box"],"picked":"Fusion Hammer"},{"not_picked":["Ring of the Serpent","Sozu"],"picked":"Calling Bell"}],"items_purged_floors":[44],"is_endless":false,"potions_floor_spawned":[4,14,16,22,23,28,29,33,37,39,42],"killed_by":"Spire Growth","ascension_level":20}}