{"host":"8ps3pfk2b2drr3ex","time":1609791831,"event":{"mods":["2.2 Compatiblity","AchievementEnabler","Act Like it!","BaseMod","Bestiary","Better Match","BetterRewards","Card Forge","Colored Map","Colored Powertips","Conspire","Downfall","Evolution","Friendly Minions","Gensokyo","GifTheSpireLib","Gold Saver","Hallownest","Hubris","Minty Spire (QoL Compilation)","Permanent Neow","Random Character Button","Random Character Mod","Rare Cards Sparkle","Relic Filter","Replay The Spire","Shop Mod","StSLib","Stuff the Spire","The Bug Knight"],"gold_per_floor":[532,552,552,552,552],"floor_reached":4,"playtime":1182,"items_purged":[],"score":50,"play_id":"2e4435d1-9dc5-4c55-9173-bb3dd1c35579","local_time":"20210104152351","is_ascension_mode":true,"campfire_choices":[],"circlet_count":0,"master_deck":["HollowMod:DashSlash","HollowMod:DashSlash","HollowMod:DashSlash","HollowMod:DashSlash","HollowMod:QuickDashStart","HollowMod:QuickDashStart","HollowMod:QuickDashStart","HollowMod:QuickDashStart","HollowMod:FocusHealStart","HollowMod:PogoStrike","HollowMod:SharpenedShadows","HollowMod:SiblingsSouls"],"relics":["HollowMod:VesselMask","Hammer of Thor","Seething Fire","Anvil of the Gods","EVO:Axolotl","Gremlin Food"],"acts_visited":["Hallownest:Greenpath"],"potions_floor_usage":[],"damage_taken":[{"damage":2.0,"enemies":"Hallownest:2_MossCreeps","floor":1.0,"turns":6.0},{"damage":0.0,"enemies":"Hallownest:monsterHuskWarrior","floor":2.0,"turns":4.0},{"damage":88,"enemies":"Hallownest:BossBrokenVessel","floor":4,"turns":17}],"seed_played":"7276239345958820437","potions_obtained":[],"is_trial":false,"path_per_floor":["M","M","?","B"],"character_chosen":"THE_BUGKNIGHT","items_purchased":[],"campfire_rested":0,"item_purchase_floors":[],"current_hp_per_floor":[73,73,73,0,0],"gold":552,"neow_bonus":"RANDOM_COMMON_RELIC","is_daily":false,"chose_seed":false,"campfire_upgraded":0,"win_rate":0.0,"timestamp":1609791831,"path_taken":["M","M","?","BOSS"],"items_purchased_type":[],"build_version":"2020-12-22","purchased_purges":0,"victory":false,"max_hp_per_floor":[75,75,75,75,75],"card_choices":[{"not_picked":["HollowMod:HeavyBlow","HollowMod:SoulEater"],"picked":"HollowMod:SharpenedShadows","floor":1.0},{"not_picked":["HollowMod:LifebloodCocoon","HollowMod:DreamGate"],"picked":"HollowMod:SiblingsSouls","floor":2.0}],"player_experience":822423,"relics_obtained":[],"event_choices":[],"is_beta":false,"boss_relics":[],"items_purged_floors":[],"is_endless":false,"potions_floor_spawned":[],"killed_by":"Hallownest:BossBrokenVessel","ascension_level":1}}