{"host":"w3x3n9s6mrz4xpf0","time":1609761686,"event":{"mods":["BaseMod","Minty Spire (QoL Compilation)","StSLib","SuperFastMode"],"gold_per_floor":[110,110,110,135,60,60,130,181,263,263,306,330,330,343,343,442,442,467,367,466,466,341,376,376,390,390,403,444,459,459,478,478,571,571,586,232,232,232,248,286,236,274,274,310,325,325,350,62,62,62],"floor_reached":51,"playtime":1781,"items_purged":["Strike_G","Skewer","Finisher","A Thousand Cuts","Backstab","Sucker Punch"],"score":1768,"play_id":"decc0a1d-9698-41ee-9f0b-eba18831e171","local_time":"20210104210126","is_ascension_mode":true,"campfire_choices":[{"data":"Crippling Poison","floor":6,"key":"SMITH"},{"data":"Concentrate","floor":10,"key":"SMITH"},{"data":"Expertise","floor":13,"key":"SMITH"},{"data":"Noxious Fumes","floor":15,"key":"SMITH"},{"floor":24,"key":"REST"},{"data":"After Image","floor":30,"key":"SMITH"},{"data":"Malaise","floor":32,"key":"SMITH"},{"data":"Reflex","floor":46,"key":"SMITH"},{"data":"Grand Finale","floor":49,"key":"SMITH"}],"circlet_count":0,"master_deck":["AscendersBane","Survivor","Neutralize","Poisoned Stab","Expertise+1","Crippling Poison+1","Concentrate+1","Masterful Stab","Noxious Fumes+1","Grand Finale+1","Malaise+1","Slice","After Image+1","Backflip","Reflex+1","Flash of Steel","Flash of Steel"],"relics":["Runic Pyramid","Golden Idol","Shovel","Omamori","Question Card","Anchor","Pandora\u0027s Box","Ancient Tea Set","Smiling Mask","Centennial Puzzle","Cursed Key","WingedGreaves","MealTicket","Toxic Egg 2","Oddly Smooth Stone","TheAbacus"],"acts_visited":["TheCity","TheBeyond"],"potions_floor_usage":[11,16,28,31,33,50,50],"damage_taken":[{"damage":8,"enemies":"Small Slimes","floor":1,"turns":4},{"damage":1,"enemies":"2 Louse","floor":4,"turns":5},{"damage":29,"enemies":"3 Sentries","floor":7,"turns":15},{"damage":15,"enemies":"Gremlin Nob","floor":11,"turns":4},{"damage":0,"enemies":"Jaw Worm","floor":12,"turns":3},{"damage":0,"enemies":"3 Louse","floor":14,"turns":3},{"damage":0,"enemies":"Hexaghost","floor":16,"turns":8},{"damage":10,"enemies":"2 Thieves","floor":18,"turns":3},{"damage":23,"enemies":"Slavers","floor":23,"turns":5},{"damage":0,"enemies":"Chosen","floor":25,"turns":5},{"damage":3,"enemies":"Centurion and Healer","floor":27,"turns":3},{"damage":0,"enemies":"Gremlin Leader","floor":28,"turns":4},{"damage":1,"enemies":"Sentry and Sphere","floor":29,"turns":3},{"damage":0,"enemies":"Cultist and Chosen","floor":31,"turns":2},{"damage":0,"enemies":"Champ","floor":33,"turns":5},{"damage":0,"enemies":"3 Shapes","floor":35,"turns":4},{"damage":13,"enemies":"Orb Walker","floor":39,"turns":3},{"damage":9,"enemies":"Nemesis","floor":40,"turns":5},{"damage":0,"enemies":"Giant Head","floor":42,"turns":4},{"damage":2,"enemies":"Nemesis","floor":44,"turns":5},{"damage":0,"enemies":"3 Darklings","floor":45,"turns":3},{"damage":8,"enemies":"4 Shapes","floor":47,"turns":3},{"damage":0,"enemies":"Donu and Deca","floor":50,"turns":3}],"seed_played":"4071544415083405535","potions_obtained":[{"floor":7,"key":"SteroidPotion"},{"floor":12,"key":"SteroidPotion"},{"floor":14,"key":"ColorlessPotion"},{"floor":16,"key":"ColorlessPotion"},{"floor":28,"key":"FearPotion"},{"floor":31,"key":"Fruit Juice"},{"floor":42,"key":"ColorlessPotion"},{"floor":44,"key":"Swift Potion"}],"is_trial":false,"path_per_floor":["M","?","?","M","$","R","?","T","T","R","E","M","R","M","R","B",null,"M","$","?","?","$","E","R","M","T","M","E","M","R","M","R","B",null,"M","$","?","T","M","E","$","E","T","E","M","R","M","$","R","B",null],"character_chosen":"THE_SILENT","items_purchased":["WingedGreaves","Flash of Steel","TheAbacus"],"campfire_rested":1,"item_purchase_floors":[36,48,48],"current_hp_per_floor":[51,51,51,50,50,50,21,21,21,21,6,6,6,6,6,6,47,37,37,37,37,37,14,32,32,32,29,29,28,28,33,33,33,58,58,58,48,48,35,26,41,41,41,39,39,39,31,46,46,46],"gold":62,"neow_bonus":"BOSS_RELIC","is_daily":false,"chose_seed":false,"campfire_upgraded":8,"win_rate":0.0,"timestamp":1609761686,"path_taken":["M","?","?","M","?","R","?","?","T","R","E","M","R","?","R","BOSS","M","$","?","?","$","E","R","M","T","M","E","M","R","?","R","BOSS","M","$","?","?","?","E","$","E","T","E","M","R","M","$","R","BOSS"],"items_purchased_type":["Relic","Card","Relic"],"build_version":"2020-12-22","purchased_purges":6,"victory":true,"max_hp_per_floor":[66,66,61,61,61,61,61,61,61,61,61,61,61,61,61,61,61,61,61,61,61,61,61,61,61,61,61,61,61,61,66,66,66,66,66,66,66,66,66,66,66,66,66,66,66,66,66,66,66,66],"card_choices":[{"not_picked":["Underhanded Strike","Setup"],"picked":"Poisoned Stab","floor":1},{"not_picked":["Tactician","Infinite Blades"],"picked":"Crippling Poison","floor":4},{"not_picked":["Bane","Sucker Punch"],"picked":"Concentrate","floor":7},{"not_picked":["Adrenaline","Acrobatics","Expertise"],"picked":"Masterful Stab","floor":11},{"not_picked":["Acrobatics","Dagger Spray","PiercingWail","Prepared"],"picked":"SKIP","floor":12},{"not_picked":["Doppelganger","Riddle With Holes","Dagger Throw"],"picked":"Noxious Fumes","floor":14},{"not_picked":["After Image","Tools of the Trade","Phantasmal Killer"],"picked":"Grand Finale","floor":16},{"not_picked":["Flechettes","All Out Attack","Bouncing Flask","Underhanded Strike+1"],"picked":"SKIP","floor":18},{"not_picked":["Cloak And Dagger","Doppelganger","Deflect+1"],"picked":"Backflip","floor":23},{"not_picked":["Deflect","Acrobatics","Underhanded Strike","Bane"],"picked":"SKIP","floor":25},{"not_picked":["Infinite Blades+1","Noxious Fumes","Backflip","Deflect"],"picked":"SKIP","floor":27},{"not_picked":["Infinite Blades","Bane","Riddle With Holes","Blade Dance"],"picked":"SKIP","floor":28},{"not_picked":["Eviscerate","PiercingWail+1","Bane","Accuracy"],"picked":"SKIP","floor":29},{"not_picked":["Terror","Sucker Punch","Dash","Backstab+1"],"picked":"SKIP","floor":31},{"not_picked":["PiercingWail","Well Laid Plans+1","Sucker Punch"],"picked":"Reflex","floor":35},{"not_picked":["Forethought","Violence","Dark Shackles"],"picked":"Flash of Steel","floor":37},{"not_picked":["PiercingWail+1","Underhanded Strike","Prepared","Deadly Poison"],"picked":"SKIP","floor":39},{"not_picked":["Predator+1","Deflect","Backstab","Prepared"],"picked":"SKIP","floor":40},{"not_picked":["Slice","Dagger Spray","Eviscerate","Prepared+1"],"picked":"SKIP","floor":42},{"not_picked":["PiercingWail+1","Crippling Poison+1","Flechettes","Dagger Spray"],"picked":"SKIP","floor":44},{"not_picked":["Deflect+1","PiercingWail+1","Backstab","Venomology+1"],"picked":"SKIP","floor":45},{"not_picked":["Underhanded Strike","Skewer","Dagger Spray","Sucker Punch"],"picked":"SKIP","floor":47}],"player_experience":94858,"relics_obtained":[{"floor":7,"key":"Shovel"},{"floor":8,"key":"Omamori"},{"floor":9,"key":"Question Card"},{"floor":11,"key":"Anchor"},{"floor":23,"key":"Ancient Tea Set"},{"floor":26,"key":"Smiling Mask"},{"floor":28,"key":"Centennial Puzzle"},{"floor":40,"key":"MealTicket"},{"floor":42,"key":"Toxic Egg 2"},{"floor":44,"key":"Oddly Smooth Stone"}],"event_choices":[{"damage_healed":0,"gold_gain":0,"cards_transformed":["Strike_G"],"player_choice":"Change","damage_taken":0,"max_hp_gain":0,"max_hp_loss":0,"event_name":"Living Wall","floor":2,"gold_loss":0,"cards_obtained":["Expertise"]},{"damage_healed":0,"gold_gain":0,"player_choice":"Lose Max HP","damage_taken":0,"relics_obtained":["Golden Idol"],"max_hp_gain":0,"max_hp_loss":5,"event_name":"Golden Idol","floor":3,"gold_loss":0},{"damage_healed":0,"gold_gain":0,"player_choice":"Searched \u00272\u0027 times","damage_taken":0,"max_hp_gain":0,"max_hp_loss":0,"event_name":"Dead Adventurer","floor":7,"gold_loss":0},{"damage_healed":0,"gold_gain":99,"player_choice":"Stole From Cult","damage_taken":0,"max_hp_gain":0,"max_hp_loss":0,"event_name":"Nest","floor":20,"gold_loss":0},{"damage_healed":0,"gold_gain":0,"player_choice":"Bought 0 Potions","damage_taken":0,"max_hp_gain":0,"max_hp_loss":0,"event_name":"The Woman in Blue","floor":21,"gold_loss":0},{"damage_healed":0,"gold_gain":0,"player_choice":"Memory 3","damage_taken":10,"max_hp_gain":0,"max_hp_loss":0,"event_name":"SensoryStone","floor":37,"gold_loss":0}],"is_beta":false,"boss_relics":[{"not_picked":["Fusion Hammer","Astrolabe"],"picked":"Pandora\u0027s Box"},{"not_picked":["Black Star","Velvet Choker"],"picked":"Cursed Key"}],"items_purged_floors":[5,19,22,36,41,48],"is_endless":false,"potions_floor_spawned":[7,12,14,16,18,23,28,31,42,44,45],"ascension_level":14}}