{"host":"qj91dvco5uhu9oti","time":1609751949,"event":{"mods":["BaseMod","Colored Map","Downfall","Keyboard Shortcuts","Minty Spire (QoL Compilation)","Permanent Neow","Relic Stats","StSLib","SuperFastMode","everything is the same but u backflip on backflip"],"gold_per_floor":[99,99,24,24,0,0,0,15,15,15,32,32,61,87,97,97,97,97],"floor_reached":16,"playtime":454,"items_purged":["Guardian:Defend_Guardian"],"score":96,"play_id":"c8d2c46a-f0d4-4b24-ab0c-e3bc74ac6fce","local_time":"20210104181909","is_ascension_mode":false,"campfire_choices":[{"data":"Guardian:CurlUp","floor":1.0,"key":"SMITH"},{"data":"Guardian:TwinSlam","floor":9,"key":"SMITH"},{"data":"Guardian:StasisField","floor":12,"key":"SMITH"}],"circlet_count":0,"master_deck":["Guardian:Strike_Guardian","Guardian:Strike_Guardian","Guardian:Strike_Guardian","Guardian:Strike_Guardian","Guardian:Defend_Guardian","Guardian:Defend_Guardian+1","Guardian:Defend_Guardian","Guardian:CurlUp+1","Guardian:TwinSlam+1","Guardian:ShieldCharger","Guardian:EvasiveProtocol","Guardian:Emergency","Guardian:VentSteam+1","Guardian:StasisField+1","Guardian:WalkerClaw","Guardian:Gem_Fragmented","Guardian:ArmoredProtocol"],"relics":["Guardian:ModeShifter","downfall:HeartsMalice","Nunchaku","downfall:ShatteredFragment","Guardian:PickAxe","War Paint"],"acts_visited":["Exordium"],"potions_floor_usage":[],"damage_taken":[{"damage":0.0,"enemies":"2 Louse","floor":2.0,"turns":1.0},{"damage":0.0,"enemies":"downfall:FleeingMerchant","floor":3.0,"turns":1.0},{"damage":0.0,"enemies":"downfall:FleeingMerchant","floor":5.0,"turns":1.0},{"damage":5.0,"enemies":"downfall:FleeingMerchant","floor":6.0,"turns":4.0},{"damage":0.0,"enemies":"Cultist","floor":8.0,"turns":5.0},{"damage":0,"enemies":"Jaw Worm","floor":11,"turns":3},{"damage":28,"enemies":"Gremlin Nob","floor":13,"turns":5},{"damage":0,"enemies":"Exordium Thugs","floor":15,"turns":4},{"damage":24,"enemies":"downfall:Defect","floor":16,"turns":6}],"seed_played":"-5343210119498608171","potions_obtained":[{"floor":8.0,"key":"Dexterity Potion"},{"floor":13,"key":"AttackPotion"}],"is_trial":false,"path_per_floor":["R","M","$","?","$","$","T","M","R","?","M","R","E","T","M","B"],"character_chosen":"GUARDIAN","items_purchased":["Guardian:VentSteam"],"campfire_rested":0,"item_purchase_floors":[5],"current_hp_per_floor":[80,80,80,80,80,75,75,75,75,51,51,51,23,23,23,0,0,0],"gold":97,"neow_bonus":"THREE_ENEMY_KILL","is_daily":false,"chose_seed":false,"campfire_upgraded":3,"win_rate":0.0,"timestamp":1609751949,"path_taken":["R","M","$","?","?","$","T","M","R","?","?","R","E","?","M","BOSS"],"items_purchased_type":["Card"],"build_version":"2020-12-22","purchased_purges":1,"victory":false,"max_hp_per_floor":[80,80,80,80,80,80,80,80,80,80,80,80,80,80,80,80,80,80],"relic_stats":{"Nunchaku":[5],"counters":[9,27],"War Paint":["Guardian:VentSteam","Guardian:Defend_Guardian"],"obtain_stats":[{"Guardian:PickAxe":13,"Nunchaku":7,"downfall:ShatteredFragment":10,"Guardian:ModeShifter":0,"downfall:HeartsMalice":0,"War Paint":14},{"Guardian:PickAxe":7,"Nunchaku":4,"downfall:ShatteredFragment":5,"Guardian:ModeShifter":0,"downfall:HeartsMalice":0,"War Paint":7},{"Guardian:PickAxe":17,"Nunchaku":4,"downfall:ShatteredFragment":9,"Guardian:ModeShifter":0,"downfall:HeartsMalice":0,"War Paint":17}]},"card_choices":[{"not_picked":["Guardian:TimeBomb","Guardian:DecasProtection"],"picked":"Guardian:ShieldCharger","floor":2.0},{"not_picked":["Guardian:BronzeOrb","Guardian:VentSteam"],"picked":"Guardian:EvasiveProtocol","floor":3.0},{"not_picked":["Guardian:BronzeOrb","Guardian:Suspension"],"picked":"Guardian:Emergency","floor":5.0},{"not_picked":["Guardian:TimeBomb","Guardian:Planning"],"picked":"Guardian:StasisField","floor":6.0},{"not_picked":["Guardian:Recover","Guardian:ShieldCharger"],"picked":"Guardian:WalkerClaw","floor":8.0},{"not_picked":["Guardian:ShieldCharger","Guardian:Gem_Blue","Guardian:Harden"],"picked":"SKIP","floor":11},{"not_picked":["Guardian:PiercingHide","Guardian:Incinerate"],"picked":"Guardian:Gem_Fragmented","floor":13},{"not_picked":["Guardian:VentSteam","Guardian:TimeBomb"],"picked":"Guardian:ArmoredProtocol","floor":15}],"player_experience":338311,"relics_obtained":[{"floor":7.0,"key":"Nunchaku"},{"floor":13,"key":"Guardian:PickAxe"},{"floor":14,"key":"War Paint"}],"event_choices":[],"is_beta":false,"boss_relics":[],"items_purged_floors":[3],"is_endless":false,"potions_floor_spawned":[8,13],"killed_by":"downfall:Defect","ascension_level":0}}