{"host":"851hhqouejqwzba1","time":1609738039,"event":{"mods":["BaseMod","Minty Spire (QoL Compilation)","Permanent Neow","Shop Mod","StSLib","óô»ðÖ¸ÄÏ"],"gold_per_floor":[13,13,25,43,59,89,89,89,89,103,119,145,31,42,42,144,144,156,173,189,189,209,170,188,188,188,34,68,80,80,90,90,187,187,197,197,197,210,260,260,260,260],"floor_reached":41,"playtime":6154,"items_purged":["Strike_G"],"score":427,"play_id":"a5677b84-907e-481b-a424-d0432b27c66f","local_time":"20210104132719","is_ascension_mode":false,"campfire_choices":[{"data":"Deadly Poison","floor":7.0,"key":"SMITH"},{"data":"Blur","floor":15.0,"key":"SMITH"},{"data":"Noxious Fumes","floor":32.0,"key":"SMITH"},{"data":"Burst","floor":40,"key":"SMITH"}],"circlet_count":0,"master_deck":["Strike_G","Strike_G","Defend_G","Defend_G","Defend_G","Survivor+1","Neutralize","Dagger Spray+1","Deadly Poison+1","Backflip+1","PiercingWail","Footwork","Blur+1","Prepared","After Image","Acrobatics","Well Laid Plans+1","Noxious Fumes+1","Sucker Punch","Burst+1","CurseOfTheBell","Bane+1"],"relics":["Ring of the Snake","Meat on the Bone","HornCleat","Bottled Lightning","Empty Cage","Pear","War Paint","Juzu Bracelet","Calling Bell","Potion Belt","Matryoshka","Gambling Chip","Incense Burner"],"acts_visited":["Exordium","TheCity","TheBeyond"],"potions_floor_usage":[],"damage_taken":[{"damage":0.0,"enemies":"Cultist","floor":1.0,"turns":4.0},{"damage":0.0,"enemies":"Small Slimes","floor":3.0,"turns":3.0},{"damage":0.0,"enemies":"Jaw Worm","floor":4.0,"turns":3.0},{"damage":6.0,"enemies":"Blue Slaver","floor":5.0,"turns":4.0},{"damage":21.0,"enemies":"3 Sentries","floor":6.0,"turns":9.0},{"damage":0.0,"enemies":"Looter","floor":10.0,"turns":3.0},{"damage":0.0,"enemies":"2 Fungi Beasts","floor":11.0,"turns":3.0},{"damage":16.0,"enemies":"Lagavulin","floor":12.0,"turns":7.0},{"damage":0.0,"enemies":"3 Louse","floor":14.0,"turns":4.0},{"damage":23.0,"enemies":"Slime Boss","floor":16.0,"turns":15.0},{"damage":18.0,"enemies":"2 Thieves","floor":18.0,"turns":5.0},{"damage":0.0,"enemies":"3 Byrds","floor":19.0,"turns":6.0},{"damage":18.0,"enemies":"Snake Plant","floor":20.0,"turns":6.0},{"damage":8.0,"enemies":"Snecko","floor":22.0,"turns":7.0},{"damage":0.0,"enemies":"3 Cultists","floor":24.0,"turns":6.0},{"damage":17.0,"enemies":"Slavers","floor":28.0,"turns":6.0},{"damage":0.0,"enemies":"Snake Plant","floor":29.0,"turns":6.0},{"damage":9.0,"enemies":"Centurion and Healer","floor":31.0,"turns":8.0},{"damage":21.0,"enemies":"Champ","floor":33.0,"turns":10.0},{"damage":12.0,"enemies":"3 Darklings","floor":35.0,"turns":6.0},{"damage":11.0,"enemies":"Orb Walker","floor":38.0,"turns":6.0},{"damage":0.0,"enemies":"Mind Bloom Boss Battle","floor":39.0,"turns":9.0},{"damage":15,"enemies":"Reptomancer","floor":41,"turns":2}],"seed_played":"-2962992644291335692","potions_obtained":[{"floor":1.0,"key":"Regen Potion"},{"floor":6.0,"key":"Energy Potion"},{"floor":10.0,"key":"EssenceOfSteel"},{"floor":11.0,"key":"Explosive Potion"},{"floor":18.0,"key":"Ancient Potion"},{"floor":20.0,"key":"GhostInAJar"},{"floor":24.0,"key":"FearPotion"},{"floor":31.0,"key":"ColorlessPotion"},{"floor":35.0,"key":"Dexterity Potion"}],"is_trial":false,"path_per_floor":["M","$","M","M","M","E","R","?","T","M","M","E","R","M","R","B",null,"M","M","M","$","M","R","M","R","T","R","E","M","$","M","R","B",null,"M","?","$","M","?","R","E"],"character_chosen":"THE_SILENT","items_purchased":["Blur","Noxious Fumes","War Paint"],"campfire_rested":0,"item_purchase_floors":[13,23,27],"current_hp_per_floor":[70,70,70,70,64,58,58,58,58,58,58,42,42,42,42,31,70,52,52,46,46,38,38,38,38,48,48,43,43,43,46,46,37,80,68,68,68,57,57,57,42,42],"gold":260,"neow_bonus":"REMOVE_TWO","is_daily":false,"chose_seed":false,"campfire_upgraded":4,"win_rate":0.0,"timestamp":1609738039,"path_taken":["M","$","?","M","M","E","R","?","T","M","M","E","R","M","R","BOSS","M","M","M","$","M","R","M","R","T","R","E","M","$","M","R","BOSS","M","?","$","M","?","R","E"],"items_purchased_type":["Card","Card","Relic"],"build_version":"2020-12-22","purchased_purges":1,"victory":false,"max_hp_per_floor":[70,70,70,70,70,70,70,70,70,70,70,70,70,70,70,70,70,70,70,70,70,70,70,70,70,80,80,80,80,80,80,80,80,80,80,80,80,80,80,80,80,80],"card_choices":[{"not_picked":["Escape Plan","PiercingWail"],"picked":"Dagger Spray","floor":1.0},{"not_picked":["Deflect","Cloak And Dagger"],"picked":"Deadly Poison","floor":3.0},{"not_picked":["Heel Hook","Endless Agony"],"picked":"Backflip","floor":4.0},{"not_picked":["Heel Hook","Cloak And Dagger"],"picked":"PiercingWail","floor":5.0},{"not_picked":["Dodge and Roll","Backflip","Dagger Throw"],"picked":"SKIP","floor":6.0},{"not_picked":["Cloak And Dagger","PiercingWail","Sucker Punch"],"picked":"SKIP","floor":10.0},{"not_picked":["Dagger Throw","Outmaneuver","Backflip"],"picked":"SKIP","floor":11.0},{"not_picked":["Prepared","Choke"],"picked":"Footwork","floor":12.0},{"not_picked":["Infinite Blades","Die Die Die"],"picked":"Prepared","floor":14.0},{"not_picked":["A Thousand Cuts","Malaise"],"picked":"After Image","floor":16.0},{"not_picked":["Dagger Throw+1","Deadly Poison","Flying Knee+1"],"picked":"SKIP","floor":18.0},{"not_picked":["All Out Attack","Masterful Stab+1"],"picked":"Acrobatics","floor":19.0},{"not_picked":["Reflex","Dagger Spray+1"],"picked":"Well Laid Plans+1","floor":20.0},{"not_picked":["Predator","Well Laid Plans+1","Crippling Poison+1"],"picked":"SKIP","floor":22.0},{"not_picked":["Deadly Poison+1","Leg Sweep","Poisoned Stab+1"],"picked":"SKIP","floor":24.0},{"not_picked":["Dodge and Roll","Dagger Spray"],"picked":"Sucker Punch","floor":28.0},{"not_picked":["Cloak And Dagger","Slice","Deadly Poison"],"picked":"SKIP","floor":29.0},{"not_picked":["Deadly Poison","Prepared","Escape Plan"],"picked":"SKIP","floor":31.0},{"not_picked":["Storm of Steel","Adrenaline"],"picked":"Burst","floor":33.0},{"not_picked":["PiercingWail","Dodge and Roll"],"picked":"Bane+1","floor":35.0},{"not_picked":["Bane","Footwork+1","Choke+1"],"picked":"SKIP","floor":38.0}],"player_experience":292535,"relics_obtained":[{"floor":6.0,"key":"Meat on the Bone"},{"floor":9.0,"key":"HornCleat"},{"floor":12.0,"key":"Bottled Lightning"},{"floor":26.0,"key":"Pear"},{"floor":28.0,"key":"Juzu Bracelet"},{"floor":34.0,"key":"Potion Belt"},{"floor":34.0,"key":"Matryoshka"},{"floor":34.0,"key":"Gambling Chip"},{"floor":39.0,"key":"Incense Burner"}],"event_choices":[{"damage_healed":0.0,"max_hp_gain":0.0,"max_hp_loss":0.0,"gold_gain":0.0,"event_name":"Upgrade Shrine","player_choice":"Upgraded","floor":8.0,"gold_loss":0.0,"damage_taken":0.0,"cards_upgraded":["Dagger Spray"]},{"damage_healed":0.0,"max_hp_gain":0.0,"max_hp_loss":0.0,"gold_gain":0.0,"event_name":"SensoryStone","player_choice":"Memory 1","floor":36.0,"gold_loss":0.0,"damage_taken":0.0},{"damage_healed":0.0,"max_hp_gain":0.0,"max_hp_loss":0.0,"gold_gain":0.0,"event_name":"MindBloom","player_choice":"Fight","floor":39.0,"gold_loss":0.0,"damage_taken":0.0}],"is_beta":false,"boss_relics":[{"not_picked":["Snecko Eye","Ring of the Serpent"],"picked":"Empty Cage"},{"not_picked":["Black Star","Cursed Key"],"picked":"Calling Bell"}],"items_purged_floors":[13],"is_endless":false,"potions_floor_spawned":[1,6,10,11,18,20,24,31,35],"killed_by":"Reptomancer","ascension_level":0}}