{"host":"lck2g1j0kcwr02ez","time":1609752024,"event":{"mods":["Act Like it!","BaseMod","CapriCore","Downfall","Friendly Minions","Hallownest","Minty Spire (QoL Compilation)","Rare Cards Sparkle","StSLib","The Hierophant"],"gold_per_floor":[99,8963,8963,8063,8079,8079,8079,7929,7951,7982,7907,7920,7935,7961,7978,8076,8076,8076,8076,8076,8076],"floor_reached":19,"playtime":1177,"items_purged":["Slimebound:Defend_Slimebound","Slimebound:Strike_Slimebound"],"score":198,"play_id":"09d4bde0-cd3d-4063-ac51-6b0ddd440e2d","local_time":"20210104172024","is_ascension_mode":false,"campfire_choices":[{"floor":1.0,"key":"RECALL"},{"floor":8.0,"key":"DIG"},{"data":"Slimebound:Split","floor":11.0,"key":"SMITH"},{"data":"expansioncontent:QuickStudy","floor":18,"key":"SMITH"}],"circlet_count":0,"master_deck":["Slimebound:Strike_Slimebound","Slimebound:Strike_Slimebound","Slimebound:Tackle","Slimebound:Defend_Slimebound","Slimebound:Defend_Slimebound","Slimebound:Defend_Slimebound","Slimebound:Split+1","Slimebound:CorrosiveSpit","Slimebound:HauntingLick","expansioncontent:QuickStudy+1","Slimebound:SplitMire","Slimebound:LevelUp","Sadistic Nature","Slimebound:OneTwoCombo","Slimebound:FirmFortitude+1","Slimebound:Teamwork","Slimebound:SplitMire","Slimebound:MassFeed"],"relics":["Slimebound:AbsorbEndCombat","downfall:HeartsMalice","StrikeDummy","Pantograph","ClockworkSouvenir","OrangePellets","Omamori","Shovel","downfall:HeartBlessingRed","downfall:HeartBlessingBlue","Anchor","Odd Mushroom","Frozen Egg 2","downfall:HeartBlessingGreen","Matryoshka","Coffee Dripper"],"acts_visited":["Exordium","TheCity"],"potions_floor_usage":[19,19],"damage_taken":[{"damage":0.0,"enemies":"downfall:FleeingMerchant","floor":2.0,"turns":1.0},{"damage":0.0,"enemies":"2 Louse","floor":3.0,"turns":1.0},{"damage":0.0,"enemies":"downfall:FleeingMerchant","floor":4.0,"turns":1.0},{"damage":6.0,"enemies":"Jaw Worm","floor":5.0,"turns":2.0},{"damage":0.0,"enemies":"The Mushroom Lair","floor":9.0,"turns":1.0},{"damage":13.0,"enemies":"HollowMod:MossKnight","floor":10.0,"turns":3.0},{"damage":4.0,"enemies":"Small Slimes","floor":12.0,"turns":2.0},{"damage":18.0,"enemies":"Exordium Thugs","floor":13.0,"turns":3.0},{"damage":4.0,"enemies":"Lagavulin","floor":14.0,"turns":3.0},{"damage":0.0,"enemies":"3 Louse","floor":15.0,"turns":2.0},{"damage":9.0,"enemies":"downfall:Defect","floor":16.0,"turns":5.0},{"damage":0,"enemies":"3 Byrds","floor":19,"turns":1}],"seed_played":"6954927231949320793","potions_obtained":[{"floor":14.0,"key":"Slimebound:ThreeZeroPotion"},{"floor":16.0,"key":"Strength Potion"}],"is_trial":false,"path_per_floor":["R","$","M","$","M","?","T","R","?","E","R","M","M","E","M","B",null,"R","M"],"character_chosen":"SLIMEBOUND","items_purchased":["FearPotion","StrikeDummy","Pantograph","ClockworkSouvenir","expansioncontent:QuickStudy","LiquidMemories","Weak Potion","OrangePellets","Omamori","Shovel","Sadistic Nature"],"campfire_rested":0,"item_purchase_floors":[2,2,2,2,2,2,2,4,4,4,4],"current_hp_per_floor":[60,60,60,60,54,54,54,64,64,61,61,63,59,70,70,67,70,70,70,70,70],"gold":8076,"neow_bonus":"THREE_ENEMY_KILL","is_daily":false,"chose_seed":false,"campfire_upgraded":2,"win_rate":0.0,"timestamp":1609752024,"path_taken":["R","$","M","$","M","?","T","R","?","E","R","M","M","E","M","BOSS","R","M"],"items_purchased_type":["Potion","Relic","Relic","Relic","Card","Potion","Potion","Relic","Relic","Relic","Card"],"build_version":"2020-12-22","purchased_purges":2,"victory":false,"max_hp_per_floor":[60,60,60,60,60,60,60,70,70,70,70,70,70,70,70,70,70,70,70,70,70],"card_choices":[{"not_picked":["Slimebound:GoopSpray","Slimebound:RollThrough"],"picked":"Slimebound:HauntingLick","floor":2.0},{"not_picked":["Slimebound:LeechingTouch","Slimebound:BestDefense"],"picked":"Slimebound:SplitMire","floor":3.0},{"not_picked":["Slimebound:SplitLeeching","Slimebound:ProtectTheBoss"],"picked":"Slimebound:LevelUp","floor":4.0},{"not_picked":["Slimebound:SplitLeeching","Slimebound:LeechingTouch","Slimebound:DisruptingSlam"],"picked":"SKIP","floor":5.0},{"not_picked":["Slimebound:RollThrough","Slimebound:Dissolve"],"picked":"Slimebound:OneTwoCombo","floor":9.0},{"not_picked":["Slimebound:Prepare","Slimebound:Teamwork","Slimebound:Dissolve"],"picked":"SKIP","floor":10.0},{"not_picked":["Slimebound:SlimeSpikes","Slimebound:SplitMire"],"picked":"Slimebound:FirmFortitude+1","floor":12.0},{"not_picked":["Slimebound:SamplingLick","Slimebound:GrowthPunch","Slimebound:AcidTongue+1"],"picked":"SKIP","floor":13.0},{"not_picked":["Slimebound:LeechingTouch","Slimebound:LeechEnergy"],"picked":"Slimebound:Teamwork","floor":14.0},{"not_picked":["Slimebound:ComboTackle","Slimebound:SlimeSpikes"],"picked":"Slimebound:SplitMire","floor":15.0},{"not_picked":["Slimebound:DouseInSlime","Slimebound:DuplicatedForm+1"],"picked":"Slimebound:MassFeed","floor":16.0}],"player_experience":248644,"relics_obtained":[{"floor":8.0,"key":"Anchor"},{"floor":9.0,"key":"Odd Mushroom"},{"floor":10.0,"key":"Frozen Egg 2"},{"floor":14.0,"key":"Matryoshka"}],"event_choices":[{"damage_healed":0.0,"max_hp_gain":0.0,"max_hp_loss":0.0,"gold_gain":0.0,"event_name":"Mushrooms","player_choice":"Fought Mushrooms","floor":9.0,"gold_loss":0.0,"damage_taken":0.0}],"is_beta":false,"boss_relics":[{"not_picked":["Runic Dome","Busted Crown"],"picked":"Coffee Dripper"}],"items_purged_floors":[2,4],"is_endless":false,"potions_floor_spawned":[5,9,10,14,15,16],"killed_by":"3 Byrds","ascension_level":0}}