{"host":"ta9mufxydm4vkknf","time":1609776573,"event":{"mods":["AchievementEnabler","BaseMod","Minty Spire (QoL Compilation)","Quick Restart"],"gold_per_floor":[111,111,131,144,161,161,187,200,226,176,176,52,84,104,104,104,104],"floor_reached":16,"playtime":1149,"items_purged":["Defend_G"],"score":118,"play_id":"c9e694b2-6d79-4435-83a4-dff3f94318dd","local_time":"20210104170933","is_ascension_mode":true,"campfire_choices":[{"data":"Malaise","floor":6,"key":"SMITH"},{"data":"Choke","floor":11,"key":"SMITH"},{"floor":15,"key":"REST"}],"circlet_count":0,"master_deck":["Strike_G","Strike_G","Strike_G","Strike_G","Defend_G","Defend_G","Survivor","Neutralize","Dash","Malaise+1","Acrobatics","Impatience","Dodge and Roll","Escape Plan","Choke+1","Blur","Deflect","Terror","Underhanded Strike","Heel Hook"],"relics":["Ring of the Snake","Dream Catcher","Art of War","Bronze Scales"],"acts_visited":["Exordium"],"potions_floor_usage":[7,13,16,16],"damage_taken":[{"damage":0,"enemies":"Cultist","floor":1,"turns":4},{"damage":0,"enemies":"Jaw Worm","floor":3,"turns":3},{"damage":2,"enemies":"Small Slimes","floor":4,"turns":4},{"damage":3,"enemies":"Blue Slaver","floor":5,"turns":5},{"damage":13,"enemies":"3 Sentries","floor":7,"turns":14},{"damage":0,"enemies":"2 Fungi Beasts","floor":8,"turns":4},{"damage":27,"enemies":"Gremlin Nob","floor":13,"turns":6},{"damage":0,"enemies":"Large Slime","floor":14,"turns":5},{"damage":41,"enemies":"Slime Boss","floor":16,"turns":12}],"seed_played":"5174676243011056042","potions_obtained":[{"floor":1,"key":"Block Potion"},{"floor":5,"key":"Fire Potion"},{"floor":7,"key":"Explosive Potion"}],"is_trial":false,"path_per_floor":["M","?","M","M","M","R","E","M","T","?","R","$","E","M","R","B"],"character_chosen":"THE_SILENT","items_purchased":["Energy Potion"],"campfire_rested":1,"item_purchase_floors":[12],"current_hp_per_floor":[63,63,63,61,58,58,45,45,45,45,45,45,18,18,36,0,0],"gold":104,"neow_bonus":"TRANSFORM_TWO_CARDS","is_daily":false,"chose_seed":false,"campfire_upgraded":2,"win_rate":0.0,"timestamp":1609776573,"path_taken":["M","?","M","M","M","R","E","?","T","?","R","$","E","M","R","BOSS"],"items_purchased_type":["Potion"],"build_version":"2020-12-22","purchased_purges":1,"victory":false,"max_hp_per_floor":[63,63,63,63,63,63,63,63,63,63,63,63,63,63,63,63,63],"card_choices":[{"not_picked":["Eviscerate","PiercingWail"],"picked":"Acrobatics","floor":1},{"not_picked":["Setup","Eviscerate"],"picked":"Dodge and Roll","floor":3},{"not_picked":["Dodge and Roll","Cloak And Dagger"],"picked":"Escape Plan","floor":4},{"not_picked":["Night Terror","Blade Dance"],"picked":"Choke","floor":5},{"not_picked":["Cloak And Dagger","Bane"],"picked":"Blur","floor":7},{"not_picked":["Backstab","Reflex"],"picked":"Deflect","floor":8},{"not_picked":["Die Die Die","Well Laid Plans"],"picked":"Terror","floor":13},{"not_picked":["Quick Slash","Dagger Throw"],"picked":"Underhanded Strike","floor":14},{"not_picked":["Deflect","Blade Dance"],"picked":"Heel Hook","floor":15}],"player_experience":191186,"relics_obtained":[{"floor":7,"key":"Dream Catcher"},{"floor":9,"key":"Art of War"},{"floor":13,"key":"Bronze Scales"}],"event_choices":[{"damage_healed":0,"gold_gain":0,"player_choice":"1 cards matched","damage_taken":0,"max_hp_gain":0,"max_hp_loss":0,"event_name":"Match and Keep!","floor":2,"gold_loss":0,"cards_obtained":["Impatience"]},{"cards_removed":["Defend_G"],"damage_healed":0,"gold_gain":0,"player_choice":"Card Removal","damage_taken":0,"max_hp_gain":0,"max_hp_loss":0,"event_name":"The Cleric","floor":10,"gold_loss":50}],"is_beta":false,"boss_relics":[],"items_purged_floors":[12],"is_endless":false,"potions_floor_spawned":[1,5,7],"killed_by":"Slime Boss","ascension_level":1}}