{"host":"qj91dvco5uhu9oti","time":1609756969,"event":{"mods":["BaseMod","Colored Map","Keyboard Shortcuts","Minty Spire (QoL Compilation)","Permanent Neow","Relic Stats","StSLib","SuperFastMode","everything is the same but u backflip on backflip"],"gold_per_floor":[118,118,133,133,133,149,149,50,76,101,117,117,117,135,135,255,255],"floor_reached":16,"playtime":410,"items_purged":["Defend_G"],"score":142,"play_id":"61e6fdcd-9bfc-4ea1-adfd-7f32a4518a25","local_time":"20210104194249","is_ascension_mode":false,"campfire_choices":[{"data":"Backflip","floor":7,"key":"SMITH"},{"data":"Prepared","floor":12,"key":"SMITH"},{"data":"Tactician","floor":15,"key":"SMITH"}],"circlet_count":0,"master_deck":["Strike_G","Strike_G","Strike_G","Strike_G","Defend_G","Defend_G","Defend_G","Survivor","Neutralize+1","Backflip+1","Reflex","Escape Plan","Prepared","Caltrops+1","Prepared+1","Tactician+1"],"relics":["Empty Cage","Frozen Egg 2","Golden Idol","Anchor"],"acts_visited":["Exordium"],"potions_floor_usage":[16,16],"damage_taken":[{"damage":4,"enemies":"Jaw Worm","floor":1,"turns":5},{"damage":1,"enemies":"Cultist","floor":3,"turns":4},{"damage":0,"enemies":"Small Slimes","floor":6,"turns":5},{"damage":1,"enemies":"Blue Slaver","floor":10,"turns":5},{"damage":10,"enemies":"Exordium Thugs","floor":11,"turns":6},{"damage":0,"enemies":"Large Slime","floor":14,"turns":7},{"damage":12,"enemies":"Hexaghost","floor":16,"turns":13}],"seed_played":"-7671949219232511979","potions_obtained":[{"floor":11,"key":"Regen Potion"},{"floor":14,"key":"SkillPotion"},{"floor":16,"key":"Block Potion"}],"is_trial":false,"path_per_floor":["M","?","M","?","?","M","R","$","T","M","M","R","?","M","R","B"],"character_chosen":"THE_SILENT","items_purchased":["Prepared"],"campfire_rested":0,"item_purchase_floors":[8],"current_hp_per_floor":[66,66,65,40,23,23,23,23,23,22,12,12,12,12,12,5,5],"gold":255,"neow_bonus":"BOSS_RELIC","is_daily":false,"chose_seed":true,"campfire_upgraded":3,"win_rate":0.0,"timestamp":1609756969,"path_taken":["M","?","?","?","?","M","R","$","T","M","?","R","?","M","R","BOSS"],"items_purchased_type":["Card"],"build_version":"2020-12-22","purchased_purges":1,"victory":false,"max_hp_per_floor":[70,70,70,70,70,70,70,70,70,70,70,70,70,70,70,70,70],"relic_stats":{"counters":[7,45],"Golden Idol":39,"obtain_stats":[{"Anchor":9,"Golden Idol":5,"Frozen Egg 2":4,"Empty Cage":0,"Ring of the Snake":0},{"Anchor":3,"Golden Idol":2,"Frozen Egg 2":2,"Empty Cage":0,"Ring of the Snake":0},{"Anchor":14,"Golden Idol":9,"Frozen Egg 2":9,"Empty Cage":0,"Ring of the Snake":0}]},"card_choices":[{"not_picked":["Dagger Throw","Outmaneuver"],"picked":"Backflip","floor":1},{"not_picked":["Deflect","Slice"],"picked":"Reflex","floor":3},{"not_picked":["All Out Attack","Deflect"],"picked":"Escape Plan","floor":6},{"not_picked":["Masterful Stab","Skewer"],"picked":"Caltrops+1","floor":10},{"not_picked":["Dodge and Roll","Expertise"],"picked":"Prepared","floor":11},{"not_picked":["Tools of the Trade+1","Riddle With Holes"],"picked":"Tactician","floor":14}],"player_experience":340546,"relics_obtained":[{"floor":9,"key":"Anchor"}],"event_choices":[{"damage_healed":0,"gold_gain":0,"player_choice":"Upgraded","damage_taken":0,"max_hp_gain":0,"max_hp_loss":0,"event_name":"Upgrade Shrine","floor":2,"gold_loss":0,"cards_upgraded":["Neutralize"]},{"damage_healed":0,"gold_gain":0,"player_choice":"Success","damage_taken":25,"relics_obtained":["Frozen Egg 2"],"max_hp_gain":0,"max_hp_loss":0,"event_name":"Scrap Ooze","floor":4,"gold_loss":0},{"damage_healed":0,"gold_gain":0,"player_choice":"Take Damage","damage_taken":17,"relics_obtained":["Golden Idol"],"max_hp_gain":0,"max_hp_loss":0,"event_name":"Golden Idol","floor":5,"gold_loss":0},{"damage_healed":0,"gold_gain":0,"player_choice":"Ignored","damage_taken":0,"max_hp_gain":0,"max_hp_loss":0,"event_name":"Liars Game","floor":13,"gold_loss":0}],"is_beta":false,"boss_relics":[],"items_purged_floors":[8],"is_endless":false,"potions_floor_spawned":[11,14,16],"killed_by":"Hexaghost","ascension_level":0}}