{"host":"mvz90ilxx8epviq1","time":1609741105,"event":{"mods":["2.2 Compatiblity","Act Like it!","Bartender","BaseMod","Better Note","Better Third Choice","Better Vampires","Clockwork Mod","Colored Map","Colored Powertips","Downfall","Gensokyo","Hallownest","Hermit","Hubris","Marisa????????","Minty Spire (QoL Compilation)","Replay The Spire","Shop Mod","Spicy Shops","StSLib","The Alterego","The Bug Knight","The Construct","The Cursed","The Mystic","The Senshi","The Servant 0.9.4","The Wild Card","slay the spire mod where everything is the same but ironclad has a cowboy hat"],"gold_per_floor":[119,19,36,54,73,73,102,7,7,24,50,76,94,111,111,211,211,225,475,475,475,323,323,358,378,378,478,489,489,503,516,516,617,617,636,651,364,364,381,407,407,407,407,407,421,439,439,458,458,458,458,458,111,145,145],"floor_reached":56,"playtime":5553,"items_purged":["Defend_S"],"score":1471,"play_id":"e617f60e-1fed-490f-92bc-55c9fc979507","local_time":"20210104011825","is_ascension_mode":false,"campfire_choices":[{"data":"Sunlight","floor":6.0,"key":"SMITH"},{"data":"Initiator","floor":15.0,"key":"SMITH"},{"floor":23.0,"key":"REST"},{"data":"expansioncontent:DefensiveStance","floor":32.0,"key":"SMITH"},{"floor":41.0,"key":"RECALL"},{"data":"Solidify","floor":44.0,"key":"SMITH"},{"floor":49.0,"key":"REST"},{"data":"Sabotage","floor":52,"key":"SMITH"}],"circlet_count":0,"master_deck":["Strike_S+1","Strike_S+1","Strike_S+1","Strike_S+1","Defend_S","Defend_S","Defend_S","KidneyShot","Exchange","Sunlight+1","ShatteredReality","Revamp","Sabotage+1","Gouge","Initiator+1","expansioncontent:DefensiveStance+1","InstantArmor","Solidify+1","Rearm+1","TheWorld+1","Barrier+1","Sunlight+1","CurseOfTheBell","Desolation+1","Desolation+1","SoulSculpture+1","Gensokyo:Taser","Sabotage+1","InstantArmor+1","Desolation+1"],"relics":["Uniform","Mercury Hourglass","Quantum Egg","Replay:Bottled Flurry","Iron Hammer","Singing Bowl","hubris:VirtuousBlindfold","hubris:FruitBowl","Lantern","Gensokyo:SongOfSouls","Akabeko","Molten Egg 2","Dead Branch","Happy Flower","Replay:Bottled Eggs","MerchantsRug","Onion Ring","Gensokyo:DualWield","hubris:Potato","Oddly Smooth Stone","construct:FoamFinger"],"acts_visited":["Gensokyo:Gensokyo","Gensokyo:Gensokyoer","Gensokyo:Gensokyoest","TheEnding"],"potions_floor_usage":[55,55],"damage_taken":[{"damage":0.0,"enemies":"Gensokyo:Python","floor":1.0,"turns":2.0},{"damage":0.0,"enemies":"Gensokyo:2_Kodama","floor":3.0,"turns":1.0},{"damage":0.0,"enemies":"Gensokyo:3_Fairies","floor":4.0,"turns":2.0},{"damage":14.0,"enemies":"Gensokyo:CorruptedTreant","floor":5.0,"turns":3.0},{"damage":0.0,"enemies":"Gensokyo:Cirno","floor":7.0,"turns":4.0},{"damage":2.0,"enemies":"Gensokyo:Python_and_Kodama","floor":10.0,"turns":3.0},{"damage":0.0,"enemies":"Gensokyo:Mamizou","floor":11.0,"turns":5.0},{"damage":0.0,"enemies":"Gensokyo:Mamizou","floor":12.0,"turns":7.0},{"damage":0.0,"enemies":"Gensokyo:Gryphon_and_Rabbit","floor":13.0,"turns":4.0},{"damage":0.0,"enemies":"Gensokyo:VengefulSpirit","floor":14.0,"turns":2.0},{"damage":27.0,"enemies":"Gensokyo:Yukari","floor":16.0,"turns":5.0},{"damage":0.0,"enemies":"Gensokyo:AngelMirror","floor":18.0,"turns":2.0},{"damage":0.0,"enemies":"Gensokyo:Koishi","floor":24.0,"turns":2.0},{"damage":0.0,"enemies":"Gensokyo:3_Dogs","floor":25.0,"turns":2.0},{"damage":18.0,"enemies":"Gensokyo:3_Dogs","floor":27.0,"turns":4.0},{"damage":0.0,"enemies":"Gensokyo:Wraith","floor":28.0,"turns":4.0},{"damage":3.0,"enemies":"Gensokyo:Slime_Group","floor":30.0,"turns":3.0},{"damage":0.0,"enemies":"Gensokyo:Swordslinger","floor":31.0,"turns":2.0},{"damage":14.0,"enemies":"Gensokyo:Eiki","floor":33.0,"turns":6.0},{"damage":0.0,"enemies":"Gensokyo:AncientGuardian","floor":35.0,"turns":3.0},{"damage":0.0,"enemies":"Gensokyo:3_Boulders","floor":36.0,"turns":2.0},{"damage":0.0,"enemies":"Gensokyo:AtlasGolem","floor":39.0,"turns":1.0},{"damage":0.0,"enemies":"Gensokyo:Marisa","floor":40.0,"turns":4.0},{"damage":0.0,"enemies":"Gensokyo:4_Bats","floor":45.0,"turns":1.0},{"damage":0.0,"enemies":"Gensokyo:SeedOfUnknown","floor":46.0,"turns":3.0},{"damage":0.0,"enemies":"Gensokyo:Rafflesia","floor":48.0,"turns":1.0},{"damage":0.0,"enemies":"Gensokyo:Scarlet_Devils","floor":50.0,"turns":6.0},{"damage":0,"enemies":"Shield and Spear","floor":54,"turns":1},{"damage":0,"enemies":"The Heart","floor":55,"turns":4}],"seed_played":"7706225795843014235","potions_obtained":[{"floor":3.0,"key":"CultistPotion"},{"floor":5.0,"key":"Dexterity Potion"},{"floor":7.0,"key":"Adrenaline Potion"},{"floor":13.0,"key":"BlessingOfTheForge"},{"floor":25.0,"key":"Guardian:BlockOnCardUsePotion"},{"floor":27.0,"key":"Toxic Potion"},{"floor":30.0,"key":"Weak Potion"},{"floor":36.0,"key":"champ:CounterPotion"},{"floor":39.0,"key":"FearPotion"},{"floor":45.0,"key":"Flashbang"},{"floor":48.0,"key":"Block Potion"},{"floor":54,"key":"DuplicationPotion"}],"is_trial":false,"path_per_floor":["M","?","M","M","M","R","E","$","T","M","?","E","M","M","R","B",null,"M","?","$","?","$","R","E","M","T","?","M","?","M","M","R","B",null,"M","M","$","?","M","E","R","?","T","R","M","M","?","M","R","B",null,"R","$","E","B",null],"character_chosen":"THE_SERVANT","items_purchased":["expansioncontent:DefensiveStance","hubris:FruitBowl","Lantern","Strawberry","MerchantsRug","SoulSculpture+1","Adrenaline Potion","Desolation+1","Oddly Smooth Stone"],"campfire_rested":2,"item_purchase_floors":[8,20,20,22,37,37,53,53,53],"current_hp_per_floor":[65,65,65,65,51,51,51,51,51,49,49,49,51,53,53,26,69,71,67,38,38,48,71,74,74,74,80,81,81,79,82,82,71,107,107,107,107,107,110,110,110,110,110,110,110,113,68,71,105,105,116,116,116,119,119],"gold":145,"neow_bonus":"ONE_RANDOM_RARE_CARD","is_daily":false,"chose_seed":false,"campfire_upgraded":5,"win_rate":0.0,"timestamp":1609741105,"path_taken":["M","?","M","M","M","R","E","$","T","M","?","E","M","M","R","BOSS","M","?","?","?","$","R","E","M","T","?","?","?","M","M","R","BOSS","M","M","$","?","M","E","R","?","T","R","?","M","?","M","R","BOSS","R","$","E","BOSS"],"items_purchased_type":["Card","Relic","Relic","Relic","Relic","Card","Potion","Card","Relic"],"build_version":"2020-12-22","purchased_purges":1,"victory":true,"max_hp_per_floor":[65,65,65,65,65,65,65,65,65,65,65,65,67,69,69,69,69,71,67,67,67,77,77,80,80,80,104,104,104,104,107,107,107,107,107,107,107,107,110,110,110,110,110,110,110,113,113,116,116,116,116,116,116,119,119],"card_choices":[{"not_picked":["TimeWarp","Foresight"],"picked":"ShatteredReality","floor":1.0},{"not_picked":["Defy","Desolation"],"picked":"Revamp","floor":3.0},{"not_picked":["Revamp","Alleviate"],"picked":"Sabotage","floor":4.0},{"not_picked":["Rewind","BottledTime"],"picked":"Gouge","floor":5.0},{"not_picked":["ShiftingGears","Contraction"],"picked":"Initiator","floor":7.0},{"not_picked":["TimeWarp","Potential","Defy"],"picked":"SKIP","floor":10.0},{"not_picked":["Spin","Comet","Snipe"],"picked":"SKIP","floor":11.0},{"not_picked":["ShatteredReality","BottledTime"],"picked":"InstantArmor","floor":12.0},{"not_picked":["Defy","Unruled","Spin"],"picked":"Singing Bowl","floor":13.0},{"not_picked":["Alleviate","Spin","Revamp"],"picked":"Singing Bowl","floor":14.0},{"not_picked":["PendulumOfEternity","TrueSight"],"picked":"Solidify","floor":16.0},{"not_picked":["FastForward","ReturningBlade","Defy"],"picked":"Singing Bowl","floor":18.0},{"not_picked":["Foresight","Hightail","Alleviate"],"picked":"Singing Bowl","floor":24.0},{"not_picked":["SpecialFormula+1","DoubleEdge"],"picked":"Rearm+1","floor":25.0},{"not_picked":["ShatteredReality+1","BottledTime","Defy"],"picked":"Singing Bowl","floor":27.0},{"not_picked":["TimeWarp+1","Potential+1"],"picked":"TheWorld","floor":28.0},{"not_picked":["ShiftingGears+1","Alleviate"],"picked":"Barrier+1","floor":30.0},{"not_picked":["Alleviate","Rearm","RealityMarble"],"picked":"Singing Bowl","floor":31.0},{"not_picked":["KillingDoll+1","Deny"],"picked":"Sunlight+1","floor":33.0},{"not_picked":["Spin+1","Starlight+1"],"picked":"Desolation+1","floor":35.0},{"not_picked":["Hightail","TimeWarp+1"],"picked":"Desolation+1","floor":36.0},{"not_picked":["Snipe+1","Hightail+1","TimeWarp+1"],"picked":"Singing Bowl","floor":39.0},{"not_picked":["Reset+1","TimeTheft+1"],"picked":"Sabotage+1","floor":40.0},{"not_picked":["DoubleEdge+1","WasteNot+1"],"picked":"InstantArmor+1","floor":45.0},{"not_picked":["Defy+1","Sunlight+1","InstantArmor"],"picked":"Singing Bowl","floor":46.0},{"not_picked":["Spin+1","FanOfKnives+1","Revamp+1"],"picked":"Singing Bowl","floor":48.0},{"not_picked":["Revamp+1","Rewind","Replace"],"picked":"Singing Bowl","floor":54}],"player_experience":451629,"relics_obtained":[{"floor":7.0,"key":"Quantum Egg"},{"floor":9.0,"key":"Replay:Bottled Flurry"},{"floor":11.0,"key":"Iron Hammer"},{"floor":12.0,"key":"Singing Bowl"},{"floor":24.0,"key":"Akabeko"},{"floor":26.0,"key":"Molten Egg 2"},{"floor":27.0,"key":"Mango"},{"floor":27.0,"key":"hubris:FunFungus"},{"floor":34.0,"key":"Dead Branch"},{"floor":34.0,"key":"Happy Flower"},{"floor":34.0,"key":"Replay:Bottled Eggs"},{"floor":40.0,"key":"Onion Ring"},{"floor":54,"key":"construct:FoamFinger"}],"event_choices":[],"is_beta":false,"boss_relics":[{"not_picked":["ChewingGum","ReplayTheSpireMod:DimensionalGlitch"],"picked":"hubris:VirtuousBlindfold"},{"not_picked":["hubris:BlackHole","Empty Cage"],"picked":"Calling Bell"}],"items_purged_floors":[53],"is_endless":false,"potions_floor_spawned":[3,5,7,13,25,27,30,31,36,39,45,48,54],"ascension_level":0}}