{"host":"ny8d3l8bgdsotmhm","time":1609749701,"event":{"mods":["BaseMod","Downfall","Minty Spire (QoL Compilation)","StSLib"],"gold_per_floor":[99,99,25,125,125,157,230,155,171,183,200,200,14,44,57,156,156,81,81,181,192,211,242,242,276,287,302,227,227,227,243,262,359,359,359,377,388,388,440,440,440,464,464,495,509,185,204,52,67,67,67,95,18,18,18],"floor_reached":56,"playtime":4716,"items_purged":[],"score":1350,"play_id":"14b16843-355a-426b-a57a-f59917e31c4a","local_time":"20210104034141","is_ascension_mode":false,"campfire_choices":[{"floor":1,"key":"RECALL"},{"data":"sneckomod:UnknownRareAttack","floor":8,"key":"SMITH"},{"data":"sneckomod:DiceBoulder","floor":12,"key":"SMITH"},{"data":"sneckomod:UnknownRareAttack","floor":18,"key":"SMITH"},{"data":"sneckomod:UnknownRareSkill","floor":28,"key":"SMITH"},{"data":"sneckomod:DiceBoulder+1","floor":30,"key":"SMITH"},{"data":"sneckomod:DangerNoodle","floor":35,"key":"SMITH"},{"floor":54,"key":"REST"}],"circlet_count":0,"master_deck":["sneckomod:Strike","sneckomod:Strike","sneckomod:Defend+1","sneckomod:Defend","sneckomod:Defend","sneckomod:TailWhip","sneckomod:SnekBite+1","sneckomod:Unknown","sneckomod:Unknown","sneckomod:DiceBoulder+2","sneckomod:UnknownRareAttack+1","sneckomod:QuickBite","sneckomod:SerpentMind","sneckomod:ImprovisedGuard+1","sneckomod:UnknownExhaust","sneckomod:Unknown0Cost","sneckomod:SlitherStrike","sneckomod:Nope","sneckomod:SoulDraw","sneckomod:DiceBlock","sneckomod:UnknownRareAttack+1","sneckomod:RainOfDice","sneckomod:SlitherStrike","sneckomod:UnknownStrike","sneckomod:UnknownVulnerable+1","sneckomod:UnknownRareSkill+1","sneckomod:SoulCleanse","sneckomod:UnknownClassRED","RitualDagger+1","sneckomod:UnknownVulnerable+1","sneckomod:UnknownVulnerable+1","sneckomod:DangerNoodle+1","sneckomod:QuickMove+1","sneckomod:UnknownClassPURPLE+1","sneckomod:UnknownX+1","sneckomod:SlitherStrike+1","sneckomod:DangerNoodle","sneckomod:Nope+1","Mayhem","sneckomod:Unknown2Cost+1","sneckomod:UnknownBlock+1"],"relics":["sneckomod:SneckoSoul","downfall:HeartsMalice","Blood Vial","HornCleat","downfall:HeartBlessingRed","HandDrill","Mercury Hourglass","Runic Pyramid","downfall:HeartBlessingGreen","White Beast Statue","Eternal Feather","Bird Faced Urn","PreservedInsect","downfall:HeartBlessingBlue","SacredBark","Ginger","Meat on the Bone","Blue Candle","sneckomod:LoadedDie","MealTicket","Lizard Tail","Orichalcum","War Paint","Dead Branch"],"acts_visited":["Exordium","TheCity","TheBeyond","TheEnding"],"potions_floor_usage":[15,16,16,20,21,21,23,23,25,25,27,31,32,33,33,33,36,39,39,45,47,49,50,50,50,55,55],"damage_taken":[{"damage":0,"enemies":"Jaw Worm","floor":2,"turns":1},{"damage":0,"enemies":"downfall:FleeingMerchant","floor":3,"turns":1},{"damage":0,"enemies":"Gremlin Nob","floor":6,"turns":1},{"damage":6,"enemies":"2 Louse","floor":9,"turns":2},{"damage":9,"enemies":"Cultist","floor":10,"turns":4},{"damage":2,"enemies":"Blue Slaver","floor":11,"turns":3},{"damage":0,"enemies":"downfall:FleeingMerchant","floor":13,"turns":4},{"damage":0,"enemies":"Lagavulin","floor":14,"turns":2},{"damage":0,"enemies":"Exordium Thugs","floor":15,"turns":4},{"damage":5,"enemies":"downfall:Defect","floor":16,"turns":4},{"damage":3,"enemies":"downfall:LadyInBlue","floor":20,"turns":3},{"damage":6,"enemies":"Shell Parasite","floor":21,"turns":3},{"damage":0,"enemies":"Chosen","floor":22,"turns":4},{"damage":0,"enemies":"Slavers","floor":23,"turns":2},{"damage":32,"enemies":"Gremlin Leader","floor":25,"turns":5},{"damage":9,"enemies":"Centurion and Healer","floor":26,"turns":4},{"damage":0,"enemies":"Sentry and Sphere","floor":27,"turns":3},{"damage":10,"enemies":"Cultist and Chosen","floor":31,"turns":4},{"damage":0,"enemies":"3 Cultists","floor":32,"turns":3},{"damage":19,"enemies":"downfall:Silent","floor":33,"turns":4},{"damage":22,"enemies":"3 Shapes","floor":36,"turns":4},{"damage":0,"enemies":"3 Darklings","floor":37,"turns":2},{"damage":16,"enemies":"2 Orb Walkers","floor":39,"turns":3},{"damage":31,"enemies":"Nemesis","floor":44,"turns":5},{"damage":3,"enemies":"Sphere and 2 Shapes","floor":45,"turns":3},{"damage":1,"enemies":"downfall:FleeingMerchant","floor":46,"turns":4},{"damage":8,"enemies":"Maw","floor":47,"turns":4},{"damage":0,"enemies":"4 Shapes","floor":49,"turns":2},{"damage":4,"enemies":"downfall:Watcher","floor":50,"turns":6},{"damage":72,"enemies":"downfall:CharBossMerchant","floor":52,"turns":7},{"damage":31,"enemies":"downfall:NeowBoss","floor":55,"turns":18}],"seed_played":"7941297030499697039","potions_obtained":[{"floor":9,"key":"Block Potion"},{"floor":11,"key":"GamblersBrew"},{"floor":14,"key":"Block Potion"},{"floor":15,"key":"PowerPotion"},{"floor":20,"key":"Strength Potion"},{"floor":20,"key":"Explosive Potion"},{"floor":20,"key":"CultistPotion"},{"floor":21,"key":"sneckomod:OffclassReductionPotion"},{"floor":22,"key":"SneckoOil"},{"floor":23,"key":"ColorlessPotion"},{"floor":25,"key":"Swift Potion"},{"floor":26,"key":"Dexterity Potion"},{"floor":27,"key":"GamblersBrew"},{"floor":29,"key":"CultistPotion"},{"floor":31,"key":"SteroidPotion"},{"floor":32,"key":"DistilledChaos"},{"floor":33,"key":"EssenceOfSteel"},{"floor":36,"key":"ColorlessPotion"},{"floor":37,"key":"AttackPotion"},{"floor":39,"key":"Explosive Potion"},{"floor":44,"key":"LiquidMemories"},{"floor":45,"key":"sneckomod:MuddlingPotion"},{"floor":46,"key":"Ancient Potion"},{"floor":47,"key":"Dexterity Potion"},{"floor":49,"key":"DuplicationPotion"},{"floor":52,"key":"PowerPotion"}],"is_trial":false,"path_per_floor":["R","M","$","?","?","E","T","R","M","M","M","R","$","E","M","B",null,"R","T","?","M","M","E","T","E","M","M","R","?","R","M","M","B",null,"R","M","M","?","?","T","T","?","?","E","M","$","M","$","M","B",null,"E","$","R","B",null],"character_chosen":"THE_SNECKO","items_purchased":["sneckomod:DiceCrush","sneckomod:QuickBite","HandDrill","sneckomod:Nope","Lizard Tail","Orichalcum","Mayhem","War Paint","GamblersBrew"],"campfire_rested":1,"item_purchase_floors":[3,3,13,13,46,46,46,48,53],"current_hp_per_floor":[90,90,91,91,91,91,91,91,85,79,80,80,82,84,86,84,94,94,94,91,87,95,96,96,71,64,67,92,92,108,101,104,93,110,110,100,103,103,105,105,105,105,97,68,69,89,88,103,105,107,120,65,80,121,109],"gold":18,"neow_bonus":"THREE_ENEMY_KILL","is_daily":false,"chose_seed":false,"campfire_upgraded":6,"win_rate":0.0,"timestamp":1609749701,"path_taken":["R","M","$","?","?","E","T","R","M","M","M","R","$","E","M","BOSS","R","?","?","M","M","E","T","E","?","M","R","?","R","M","M","BOSS","R","M","M","?","?","?","T","?","?","E","M","$","?","$","M","BOSS","E","$","R","BOSS"],"items_purchased_type":["Card","Card","Relic","Card","Relic","Relic","Card","Relic","Potion"],"build_version":"2020-12-22","purchased_purges":0,"victory":true,"max_hp_per_floor":[90,90,91,91,91,91,91,91,91,92,93,93,93,93,93,94,94,94,94,94,94,95,96,96,97,97,98,108,108,108,109,110,110,110,110,117,118,118,119,119,119,119,119,119,119,119,120,120,120,120,120,121,121,121,121],"card_choices":[{"not_picked":["sneckomod:SerpentIdol","sneckomod:CheapStock"],"picked":"sneckomod:DiceBoulder","floor":2},{"not_picked":["sneckomod:UnknownVulnerable","sneckomod:IronFang"],"picked":"sneckomod:UnknownRareAttack","floor":3},{"not_picked":["sneckomod:UnknownBlock","sneckomod:SlitherStrike"],"picked":"sneckomod:SerpentMind","floor":6},{"not_picked":["sneckomod:UnknownVulnerable","sneckomod:UnknownClassSLIMEBOUND"],"picked":"sneckomod:ImprovisedGuard","floor":9},{"not_picked":["sneckomod:UnknownClassBLUE","sneckomod:UnknownCommonSkill"],"picked":"sneckomod:UnknownExhaust","floor":10},{"not_picked":["sneckomod:DiceBoulder","sneckomod:RainOfDice"],"picked":"sneckomod:Unknown0Cost","floor":11},{"not_picked":["sneckomod:UnknownCommonAttack","sneckomod:QuickBite"],"picked":"sneckomod:SlitherStrike","floor":13},{"not_picked":["sneckomod:UnknownClassTHE_CHAMP_GRAY","sneckomod:UnknownClassGREEN"],"picked":"sneckomod:SoulDraw","floor":14},{"not_picked":["sneckomod:UnknownClassGREEN","sneckomod:Nope"],"picked":"sneckomod:DiceBlock","floor":15},{"not_picked":["sneckomod:UnknownRarePower","sneckomod:MorePower"],"picked":"sneckomod:UnknownRareAttack","floor":16},{"not_picked":["sneckomod:UnknownCommonSkill","sneckomod:UnknownClassPURPLE"],"picked":"sneckomod:RainOfDice","floor":20},{"not_picked":["sneckomod:IronFang","sneckomod:SnakeSap"],"picked":"sneckomod:SlitherStrike","floor":21},{"not_picked":["sneckomod:DiceBlock","sneckomod:UnknownClassGREEN"],"picked":"sneckomod:UnknownStrike","floor":22},{"not_picked":["sneckomod:SoulDraw+1","sneckomod:UnknownStrike"],"picked":"sneckomod:UnknownVulnerable+1","floor":23},{"not_picked":["sneckomod:UnknownUncommonPower","sneckomod:UnknownClassGREEN"],"picked":"sneckomod:UnknownRareSkill","floor":25},{"not_picked":["sneckomod:UnknownClassBLUE","sneckomod:UnknownX"],"picked":"sneckomod:SoulCleanse","floor":26},{"not_picked":["sneckomod:MasterEye","sneckomod:QuickMove"],"picked":"sneckomod:UnknownClassRED","floor":27},{"not_picked":["sneckomod:UnknownClassGREEN","sneckomod:CheapStock"],"picked":"sneckomod:UnknownVulnerable","floor":31},{"not_picked":["sneckomod:UnknownClassRED","sneckomod:QuickBite"],"picked":"sneckomod:UnknownVulnerable","floor":32},{"not_picked":["sneckomod:MorePower","sneckomod:Mudshield"],"picked":"sneckomod:DangerNoodle","floor":33},{"not_picked":["sneckomod:QuickBite","sneckomod:Unknown1Cost+1"],"picked":"sneckomod:QuickMove+1","floor":36},{"not_picked":["sneckomod:UnknownBlock","sneckomod:IronFang"],"picked":"sneckomod:UnknownClassPURPLE+1","floor":37},{"not_picked":["sneckomod:SerpentIdol","sneckomod:UnknownStrike"],"picked":"sneckomod:UnknownX+1","floor":39},{"not_picked":["sneckomod:IronFang+1","sneckomod:UnknownCommonSkill+1"],"picked":"sneckomod:SlitherStrike+1","floor":44},{"not_picked":["sneckomod:UnknownBlock","sneckomod:UnknownWeak"],"picked":"sneckomod:DangerNoodle","floor":45},{"not_picked":["sneckomod:QuickBite","sneckomod:TrashToTreasure"],"picked":"sneckomod:Nope+1","floor":46},{"not_picked":["sneckomod:DefensiveFlair+1","sneckomod:Nope+1"],"picked":"sneckomod:Unknown2Cost+1","floor":47},{"not_picked":["sneckomod:UnknownClassHEXA_GHOST_PURPLE","sneckomod:UnknownCommonSkill","sneckomod:IronFang"],"picked":"SKIP","floor":49},{"not_picked":["sneckomod:RainOfDice+1","sneckomod:SoulDraw"],"picked":"sneckomod:UnknownBlock+1","floor":52}],"player_experience":741866,"relics_obtained":[{"floor":6,"key":"Blood Vial"},{"floor":7,"key":"HornCleat"},{"floor":14,"key":"Mercury Hourglass"},{"floor":20,"key":"White Beast Statue"},{"floor":23,"key":"Eternal Feather"},{"floor":24,"key":"Bird Faced Urn"},{"floor":25,"key":"PreservedInsect"},{"floor":39,"key":"Ginger"},{"floor":40,"key":"Meat on the Bone"},{"floor":41,"key":"Blue Candle"},{"floor":42,"key":"sneckomod:LoadedDie"},{"floor":44,"key":"MealTicket"},{"floor":52,"key":"Dead Branch"}],"event_choices":[{"cards_removed":["sneckomod:Strike"],"damage_healed":0,"gold_gain":0,"player_choice":"Purged","damage_taken":0,"max_hp_gain":0,"max_hp_loss":0,"event_name":"Purifier","floor":5,"gold_loss":0},{"cards_removed":["sneckomod:DiceCrush"],"damage_healed":0,"gold_gain":0,"player_choice":"Removed Attack","damage_taken":0,"max_hp_gain":0,"max_hp_loss":0,"event_name":"Falling","floor":38,"gold_loss":0},{"damage_healed":0,"gold_gain":0,"player_choice":"Fight","damage_taken":0,"max_hp_gain":0,"max_hp_loss":0,"event_name":"Mysterious Sphere","floor":39,"gold_loss":0}],"is_beta":false,"boss_relics":[{"not_picked":["Fusion Hammer","Snecko Eye"],"picked":"Runic Pyramid"},{"not_picked":["sneckomod:SuperSneckoSoul","Busted Crown"],"picked":"SacredBark"}],"items_purged_floors":[],"is_endless":false,"potions_floor_spawned":[9,11,14,15,21,22,23,25,26,27,31,32,33,36,37,39,44,45,46,47,49,52],"ascension_level":0}}