{"host":"Plmjuhv","time":1609759420,"event":{"mods":["AchievementEnabler","BaseMod","Colored Map","Downfall","Googly Eyes","Minty Spire (QoL Compilation)","Relic Stats","StSLib"],"gold_per_floor":[99,118,131,41,57,90,90,103,121,121,140,166,166,166,180,276,276,276,292,308,328,346,374,400,500,531,531,547,558,569,569,569,569,569],"floor_reached":32,"playtime":2674,"items_purged":["Slimebound:Defend_Slimebound"],"score":298,"play_id":"8e9515c3-2900-49a6-95ad-f68239762017","local_time":"20210104222340","is_ascension_mode":false,"campfire_choices":[{"data":"Slimebound:Split","floor":1,"key":"SMITH"},{"data":"Slimebound:LevelUp","floor":10,"key":"SMITH"},{"data":"Slimebound:SelfFormingGoo","floor":13,"key":"SMITH"},{"data":"Slimebound:Grow","floor":18,"key":"SMITH"},{"floor":27,"key":"REST"}],"circlet_count":0,"master_deck":["Slimebound:Strike_Slimebound","Slimebound:Strike_Slimebound","Slimebound:Tackle","Slimebound:Defend_Slimebound","Slimebound:Defend_Slimebound","Slimebound:Split+1","Slimebound:CorrosiveSpit","Slimebound:Prepare","Slimebound:Grow+1","Slimebound:SelfFormingGoo+1","Slimebound:SplitAcid","Slimebound:LevelUp+1","Slimebound:SplitLeeching+1","Slimebound:SlimeSpikes","Slimebound:ProtectTheBoss","Slimebound:SplitMire","Slimebound:MinionMaster","Slimebound:ComboTackle+1","Slimebound:SplitMire+1","Slimebound:SplitBruiser","Slimebound:GrowthPunch+1","Slimebound:SelfFormingGoo","J.A.X.","Slimebound:MassFeed","Slimebound:LeadByExample","Slimebound:LevelUp","Slimebound:RainOfGoop+1","Slimebound:SplitMire"],"relics":["Slimebound:AbsorbEndCombat","Meat on the Bone","Sundial","Letter Opener","Philosopher\u0027s Stone","Centennial Puzzle","War Paint","MutagenicStrength","PreservedInsect"],"acts_visited":["TheCity"],"potions_floor_usage":[9,12,12,16,22,23,23,32],"damage_taken":[{"damage":9,"enemies":"Cultist","floor":2,"turns":3},{"damage":8,"enemies":"2 Louse","floor":3,"turns":3},{"damage":8,"enemies":"downfall:FleeingMerchant","floor":4,"turns":4},{"damage":10,"enemies":"Small Slimes","floor":5,"turns":3},{"damage":29,"enemies":"Gremlin Nob","floor":6,"turns":4},{"damage":23,"enemies":"Blue Slaver","floor":8,"turns":4},{"damage":18,"enemies":"Exordium Thugs","floor":9,"turns":4},{"damage":24,"enemies":"Lots of Slimes","floor":11,"turns":3},{"damage":55,"enemies":"3 Sentries","floor":12,"turns":7},{"damage":12,"enemies":"Blue Slaver","floor":15,"turns":3},{"damage":77,"enemies":"downfall:Defect","floor":16,"turns":7},{"damage":39,"enemies":"Shell Parasite","floor":19,"turns":4},{"damage":27,"enemies":"Spheric Guardian","floor":20,"turns":4},{"damage":48,"enemies":"Centurion and Healer","floor":21,"turns":3},{"damage":34,"enemies":"Cultist and Chosen","floor":22,"turns":6},{"damage":25,"enemies":"Slavers","floor":23,"turns":3},{"damage":51,"enemies":"downfall:Augmenter","floor":25,"turns":4},{"damage":68,"enemies":"Book of Stabbing","floor":26,"turns":4},{"damage":23,"enemies":"Snake Plant","floor":28,"turns":3},{"damage":55,"enemies":"Centurion and Healer","floor":29,"turns":5},{"damage":44,"enemies":"Cultist and Chosen","floor":30,"turns":5},{"damage":40,"enemies":"3 Cultists","floor":32,"turns":3}],"seed_played":"-6393758473945693006","potions_obtained":[{"floor":3,"key":"Slimebound:SlimedPotion"},{"floor":5,"key":"Swift Potion"},{"floor":6,"key":"EssenceOfSteel"},{"floor":9,"key":"Strength Potion"},{"floor":11,"key":"Slimebound:ThreeZeroPotion"},{"floor":19,"key":"Energy Potion"},{"floor":21,"key":"ColorlessPotion"},{"floor":22,"key":"AttackPotion"},{"floor":28,"key":"Energy Potion"},{"floor":29,"key":"SpeedPotion"}],"is_trial":false,"path_per_floor":["R","M","M","$","M","E","T","M","M","R","M","E","R","?","M","B",null,"R","M","M","M","M","E","T","?","E","R","M","M","M","?","M"],"character_chosen":"SLIMEBOUND","items_purchased":[],"campfire_rested":1,"item_purchase_floors":[],"current_hp_per_floor":[66,66,66,66,66,51,51,52,50,50,56,37,37,66,66,31,66,66,50,51,39,51,54,54,49,27,46,45,34,26,26,0,0,0],"gold":569,"neow_bonus":"TEN_PERCENT_HP_BONUS","is_daily":false,"chose_seed":false,"campfire_upgraded":4,"win_rate":0.0,"timestamp":1609759420,"path_taken":["R","M","M","$","M","E","T","M","M","R","M","E","R","?","M","BOSS","R","M","M","?","M","E","T","?","E","R","M","M","M","?","M"],"items_purchased_type":[],"build_version":"2020-12-18","purchased_purges":1,"victory":false,"max_hp_per_floor":[66,66,66,66,66,66,66,66,66,66,66,66,66,66,66,66,66,66,66,66,66,66,66,66,66,66,66,66,66,66,66,66,66,66],"relic_stats":{"Centennial Puzzle":[18],"counters":[22,85],"Sundial":[8],"PreservedInsect":0,"Letter Opener":[122],"War Paint":["Slimebound:SplitMire","Slimebound:SplitLeeching"],"obtain_stats":[{"Centennial Puzzle":23,"Sundial":7,"MutagenicStrength":25,"Philosopher\u0027s Stone":17,"PreservedInsect":26,"Slimebound:AbsorbEndCombat":0,"Letter Opener":12,"War Paint":24,"Meat on the Bone":6},{"Centennial Puzzle":16,"Sundial":5,"MutagenicStrength":17,"Philosopher\u0027s Stone":11,"PreservedInsect":18,"Slimebound:AbsorbEndCombat":0,"Letter Opener":9,"War Paint":16,"Meat on the Bone":5},{"Centennial Puzzle":61,"Sundial":16,"MutagenicStrength":65,"Philosopher\u0027s Stone":43,"PreservedInsect":69,"Slimebound:AbsorbEndCombat":0,"Letter Opener":34,"War Paint":61,"Meat on the Bone":16}],"Meat on the Bone":156},"card_choices":[{"not_picked":["Slimebound:Schlurp","Slimebound:FormOfPuddle"],"picked":"Slimebound:Prepare","floor":2},{"not_picked":["Slimebound:FormOfPuddle","Slimebound:SlimeBarrage"],"picked":"Slimebound:Grow","floor":3},{"not_picked":["Slimebound:BestDefense","Slimebound:GoopSpray"],"picked":"Slimebound:SelfFormingGoo","floor":4},{"not_picked":["Slimebound:RollThrough","Slimebound:LeechEnergy"],"picked":"Slimebound:AcidTongue","floor":5},{"not_picked":["Slimebound:RejuvenatingLick","Slimebound:FirmFortitude"],"picked":"Slimebound:SplitAcid","floor":6},{"not_picked":["Slimebound:PressTheAttack","Slimebound:ViciousTackle"],"picked":"Slimebound:LevelUp","floor":8},{"not_picked":["Slimebound:RainOfGoop","Slimebound:LeechingTouch"],"picked":"Slimebound:SplitLeeching","floor":9},{"not_picked":["Slimebound:BestDefense","Slimebound:LeechEnergy"],"picked":"Slimebound:SlimeSpikes","floor":11},{"not_picked":["Slimebound:LeadByExample","Slimebound:Prepare"],"picked":"Slimebound:ProtectTheBoss","floor":12},{"not_picked":["Slimebound:LeechEnergy","Slimebound:PrepareCrush"],"picked":"Slimebound:SplitMire","floor":15},{"not_picked":["Slimebound:MassRepurpose","Slimebound:PrepareCrush"],"picked":"Slimebound:MinionMaster","floor":16},{"not_picked":["Slimebound:ItLooksTasty+1","Slimebound:Chomp"],"picked":"Slimebound:ComboTackle+1","floor":19},{"not_picked":["Slimebound:LeechingTouch","Slimebound:SplitAcid"],"picked":"Slimebound:SplitMire","floor":20},{"not_picked":["Slimebound:Prepare","Slimebound:RollThrough"],"picked":"Slimebound:SplitBruiser","floor":21},{"not_picked":["Slimebound:SlimeBrawl","Slimebound:SplitBruiser"],"picked":"Slimebound:GrowthPunch+1","floor":22},{"not_picked":["Slimebound:SamplingLick","Slimebound:FormOfPuddle"],"picked":"Slimebound:SelfFormingGoo","floor":23},{"not_picked":[],"picked":"J.A.X.","floor":25},{"not_picked":["Slimebound:RallyTheTroops","Slimebound:ComboTackle+1"],"picked":"Slimebound:LevelUp","floor":25},{"not_picked":["Slimebound:SlimeSpikes","Slimebound:GoopTackle"],"picked":"Slimebound:RainOfGoop+1","floor":26},{"not_picked":["Slimebound:AcidTongue","Slimebound:SplitLeeching","Slimebound:ComboTackle"],"picked":"SKIP","floor":28},{"not_picked":["Slimebound:RollThrough","Slimebound:PressTheAttack","Slimebound:ViciousTackle+1"],"picked":"SKIP","floor":29},{"not_picked":["Slimebound:Schlurp","Slimebound:SplitBruiser"],"picked":"Slimebound:SplitMire","floor":30}],"player_experience":310251,"relics_obtained":[{"floor":6,"key":"Meat on the Bone"},{"floor":7,"key":"Sundial"},{"floor":12,"key":"Letter Opener"},{"floor":23,"key":"Centennial Puzzle"},{"floor":24,"key":"War Paint"},{"floor":25,"key":"MutagenicStrength"},{"floor":26,"key":"PreservedInsect"}],"event_choices":[{"cards_removed":["Slimebound:AcidTongue"],"damage_healed":29,"gold_gain":0,"player_choice":"Offered Uncommon","damage_taken":0,"max_hp_gain":0,"max_hp_loss":0,"event_name":"Bonfire Elementals","floor":14,"gold_loss":0}],"is_beta":true,"boss_relics":[{"not_picked":["Empty Cage","SlaversCollar"],"picked":"Philosopher\u0027s Stone"}],"items_purged_floors":[4],"is_endless":false,"potions_floor_spawned":[3,5,6,9,11,19,21,22,28,29],"killed_by":"3 Cultists","ascension_level":0}}