{"host":"56ghxnzsglgdq727","time":1609749454,"event":{"mods":["AchievementEnabler","BaseMod","Downfall","Minty Spire (QoL Compilation)","StSLib"],"gold_per_floor":[99,112,112,128,147,147,147,147],"floor_reached":6,"playtime":277,"items_purged":[],"score":36,"play_id":"8c235a5d-2618-4154-a32d-8ff8d7cdd0c8","local_time":"20210104033734","is_ascension_mode":false,"campfire_choices":[{"data":"Guardian:HyperBeam_Guardian","floor":1,"key":"SMITH"}],"circlet_count":0,"master_deck":["Guardian:Strike_Guardian","Guardian:Strike_Guardian","Guardian:Strike_Guardian","Guardian:Strike_Guardian","Guardian:Defend_Guardian","Guardian:Defend_Guardian","Guardian:Defend_Guardian","Guardian:Defend_Guardian","Guardian:CurlUp","Guardian:TwinSlam","Doubt","Guardian:HyperBeam_Guardian+1","Guardian:Gem_Orange","Guardian:Gem_Purple","Guardian:Gem_Blue","Guardian:Gem_Lightblue","Guardian:Gem_Green","Guardian:DonusPower"],"relics":["Guardian:ModeShifter","Guardian:PickAxe"],"acts_visited":["Exordium"],"potions_floor_usage":[6],"damage_taken":[{"damage":0,"enemies":"Small Slimes","floor":2,"turns":3},{"damage":1,"enemies":"Small Slimes","floor":3,"turns":2},{"damage":0,"enemies":"2 Louse","floor":4,"turns":3},{"damage":18,"enemies":"Jaw Worm","floor":5,"turns":4},{"damage":40,"enemies":"Lagavulin","floor":6,"turns":9}],"seed_played":"-5464970678771789969","potions_obtained":[{"floor":5,"key":"Energy Potion"}],"is_trial":false,"path_per_floor":["R","M","?","M","M","E"],"character_chosen":"GUARDIAN","items_purchased":[],"campfire_rested":0,"item_purchase_floors":[],"current_hp_per_floor":[80,80,67,67,49,9,9,9],"gold":147,"neow_bonus":"THREE_RARE_CARDS","is_daily":false,"chose_seed":false,"campfire_upgraded":1,"win_rate":0.0,"timestamp":1609749454,"path_taken":["R","M","?","M","M","E"],"items_purchased_type":[],"build_version":"2020-12-22","purchased_purges":0,"victory":false,"max_hp_per_floor":[80,80,80,80,80,80,80,80],"card_choices":[{"not_picked":["Guardian:GemFinder","Guardian:Gem_Synthetic"],"picked":"Guardian:HyperBeam_Guardian","floor":0},{"not_picked":["Guardian:Gem_Green","Guardian:Gem_Lightblue","Guardian:ShieldSpikes"],"picked":"SKIP","floor":2},{"not_picked":["Guardian:BronzeArmor","Guardian:CrystalBeam"],"picked":"Guardian:DonusPower","floor":4},{"not_picked":["Guardian:Gem_Crimson","Guardian:ChargeCore","Guardian:Clone"],"picked":"SKIP","floor":5}],"player_experience":125688,"relics_obtained":[],"event_choices":[],"is_beta":false,"boss_relics":[],"items_purged_floors":[],"is_endless":false,"potions_floor_spawned":[5],"killed_by":"Lagavulin","ascension_level":0}}