{"host":"b995t17pt6d05w8c","time":1609760755,"event":{"mods":["AchievementEnabler","BaseMod","Colored Map","Minty Spire (QoL Compilation)","SuperFastMode"],"gold_per_floor":[117,117,130,146,158,187,187,200,200,211,2,14,44,61,61,160,160,180,540,556,231,247,276,276,302,328,328,345,220,230,155,155,253,253,268,268,318,318,318,348,348,362,362,376,391,241,260,272,272,272],"floor_reached":51,"playtime":1746,"items_purged":["Strike_R","Strike_R","Strike_R","Writhe"],"score":958,"play_id":"4dca7c4a-5ca3-4374-bbd4-7da659c5e57d","local_time":"20210104204555","is_ascension_mode":false,"campfire_choices":[{"data":"Armaments","floor":7.0,"key":"SMITH"},{"data":"Disarm","floor":15,"key":"SMITH"},{"data":"Barricade","floor":24,"key":"SMITH"},{"data":"Burning Pact","floor":27,"key":"SMITH"},{"data":"Impervious","floor":32,"key":"SMITH"},{"data":"Feel No Pain","floor":41,"key":"SMITH"},{"data":"Body Slam","floor":49,"key":"SMITH"}],"circlet_count":0,"master_deck":["Strike_R+1","Defend_R","Defend_R","Defend_R","Bash","Second Wind","Body Slam+1","Hemokinesis","Armaments+1","Carnage","Power Through","Feel No Pain+1","Shrug It Off","Disarm+1","Fiend Fire+1","Shrug It Off+1","Seeing Red","Burning Pact+1","Battle Trance","Impervious+1","Barricade+1","Offering","Finesse","Finesse"],"relics":["Burning Blood","Lantern","Kunai","Orichalcum","SlaversCollar","Orrery","Pantograph","White Beast Statue","Whetstone","Cursed Key","Charon\u0027s Ashes","Toxic Egg 2","FossilizedHelix"],"acts_visited":["Exordium","TheCity","TheBeyond"],"potions_floor_usage":[16,20,23,25,25,25,50,50,50],"damage_taken":[{"damage":5.0,"enemies":"Small Slimes","floor":1.0,"turns":5.0},{"damage":6.0,"enemies":"Cultist","floor":3.0,"turns":3.0},{"damage":1.0,"enemies":"Jaw Worm","floor":4.0,"turns":3.0},{"damage":16.0,"enemies":"3 Louse","floor":5.0,"turns":4.0},{"damage":24.0,"enemies":"3 Sentries","floor":6.0,"turns":9.0},{"damage":0.0,"enemies":"2 Fungi Beasts","floor":8.0,"turns":2.0},{"damage":7.0,"enemies":"Blue Slaver","floor":10.0,"turns":2.0},{"damage":4.0,"enemies":"Large Slime","floor":12.0,"turns":5.0},{"damage":25,"enemies":"Lagavulin","floor":13,"turns":6},{"damage":2,"enemies":"Looter","floor":14,"turns":2},{"damage":36,"enemies":"The Guardian","floor":16,"turns":17},{"damage":10,"enemies":"2 Thieves","floor":18,"turns":4},{"damage":15,"enemies":"3 Byrds","floor":20,"turns":7},{"damage":4,"enemies":"Snake Plant","floor":22,"turns":6},{"damage":2,"enemies":"Slavers","floor":23,"turns":7},{"damage":1,"enemies":"Book of Stabbing","floor":25,"turns":6},{"damage":2,"enemies":"Shelled Parasite and Fungi","floor":28,"turns":7},{"damage":0,"enemies":"3 Cultists","floor":30,"turns":6},{"damage":0,"enemies":"Champ","floor":33,"turns":8},{"damage":0,"enemies":"Orb Walker","floor":35,"turns":3},{"damage":6,"enemies":"Mind Bloom Boss Battle","floor":37,"turns":5},{"damage":0,"enemies":"Nemesis","floor":40,"turns":5},{"damage":0,"enemies":"3 Darklings","floor":42,"turns":6},{"damage":29,"enemies":"4 Shapes","floor":44,"turns":7},{"damage":0,"enemies":"Maw","floor":45,"turns":7},{"damage":0,"enemies":"Jaw Worm Horde","floor":47,"turns":3},{"damage":0,"enemies":"4 Shapes","floor":48,"turns":3},{"damage":0,"enemies":"Awakened One","floor":50,"turns":8}],"seed_played":"8877372427531205235","potions_obtained":[{"floor":1.0,"key":"LiquidMemories"},{"floor":3.0,"key":"SteroidPotion"},{"floor":12.0,"key":"Ancient Potion"},{"floor":14,"key":"Dexterity Potion"},{"floor":16,"key":"Fire Potion"},{"floor":23,"key":"EntropicBrew"},{"floor":28,"key":"SkillPotion"},{"floor":33,"key":"Block Potion"},{"floor":48,"key":"Block Potion"}],"is_trial":false,"path_per_floor":["M","?","M","M","M","E","R","M","T","M","$","M","E","M","R","B",null,"M","?","M","$","M","E","R","E","T","R","M","$","M","?","R","B",null,"M","?","?","?","?","E","R","M","T","M","M","$","M","M","R","B",null],"character_chosen":"IRONCLAD","items_purchased":["Feel No Pain","Shrug It Off","Orrery","Battle Trance"],"campfire_rested":0,"item_purchase_floors":[11,11,21,21],"current_hp_per_floor":[80,80,80,80,70,52,52,58,58,57,57,59,40,44,44,14,80,76,40,31,31,33,37,37,42,42,42,46,46,52,52,52,80,80,80,80,80,80,70,76,76,80,80,57,63,63,69,75,75,80],"gold":272,"neow_bonus":"","is_daily":false,"chose_seed":false,"campfire_upgraded":7,"win_rate":0.0,"timestamp":1609760755,"path_taken":["M","?","M","M","M","E","R","M","T","M","$","M","E","?","R","BOSS","M","?","M","?","M","E","R","E","T","R","M","$","M","?","R","BOSS","M","?","?","?","?","E","R","M","T","M","M","$","?","M","R","BOSS"],"items_purchased_type":["Card","Card","Relic","Card"],"build_version":"2020-12-22","purchased_purges":4,"victory":true,"max_hp_per_floor":[80,80,80,80,80,80,80,80,80,80,80,80,80,80,80,80,80,80,80,80,80,80,80,80,80,80,80,80,80,80,80,80,80,80,80,80,80,80,80,80,80,80,80,80,80,80,80,80,80,80],"card_choices":[{"not_picked":["Dual Wield","Body Slam"],"picked":"Second Wind","floor":1.0},{"not_picked":["True Grit","Cleave"],"picked":"Body Slam","floor":3.0},{"not_picked":["True Grit","Bloodletting"],"picked":"Hemokinesis","floor":4.0},{"not_picked":["Hemokinesis","Sword Boomerang"],"picked":"Armaments","floor":5.0},{"not_picked":["Blood for Blood","Hemokinesis"],"picked":"Carnage","floor":6.0},{"not_picked":["Pommel Strike","Second Wind"],"picked":"Power Through","floor":8.0},{"not_picked":["Body Slam","Clash","Perfected Strike"],"picked":"SKIP","floor":10.0},{"not_picked":["Shrug It Off","Rampage","Cleave"],"picked":"SKIP","floor":12.0},{"not_picked":["Second Wind","Pummel","Searing Blow"],"picked":"SKIP","floor":13},{"not_picked":["True Grit","Headbutt"],"picked":"Disarm","floor":14},{"not_picked":["Juggernaut","Corruption"],"picked":"Fiend Fire","floor":16},{"not_picked":["Twin Strike","Combust","Warcry"],"picked":"SKIP","floor":18},{"not_picked":["Inflame","Clothesline","True Grit"],"picked":"SKIP","floor":20},{"not_picked":["Anger","Corruption"],"picked":"Shrug It Off+1","floor":21},{"not_picked":["Headbutt","True Grit"],"picked":"Seeing Red","floor":21},{"not_picked":["Shrug It Off","True Grit"],"picked":"Burning Pact","floor":21},{"not_picked":["Twin Strike","Flame Barrier"],"picked":"Impervious","floor":22},{"not_picked":["Headbutt","Second Wind"],"picked":"Barricade","floor":23},{"not_picked":["Clash","Intimidate","Pommel Strike"],"picked":"SKIP","floor":25},{"not_picked":["Combust","Disarm","Clash"],"picked":"SKIP","floor":28},{"not_picked":["Armaments","True Grit","Thunderclap"],"picked":"SKIP","floor":30},{"not_picked":["Corruption","Demon Form"],"picked":"Offering","floor":33},{"not_picked":["Clothesline+1","Infernal Blade","Flex+1"],"picked":"SKIP","floor":35},{"not_picked":["Mind Blast","Transmutation"],"picked":"Finesse","floor":39},{"not_picked":["Forethought","Enlightenment"],"picked":"Finesse","floor":39},{"not_picked":["Cleave+1","Sword Boomerang+1","Flex+1"],"picked":"SKIP","floor":40},{"not_picked":["Headbutt","Carnage","Clash"],"picked":"SKIP","floor":42},{"not_picked":["Infernal Blade+1","Anger","Shrug It Off+1"],"picked":"SKIP","floor":44},{"not_picked":["Sword Boomerang+1","Thunderclap+1","Armaments+1"],"picked":"SKIP","floor":45},{"not_picked":["Combust","Clothesline+1","Flame Barrier+1"],"picked":"SKIP","floor":47},{"not_picked":["Sword Boomerang","Iron Wave+1","Rage+1"],"picked":"SKIP","floor":48}],"player_experience":0,"relics_obtained":[{"floor":6.0,"key":"Lantern"},{"floor":9.0,"key":"Kunai"},{"floor":13,"key":"Orichalcum"},{"floor":23,"key":"Pantograph"},{"floor":25,"key":"White Beast Statue"},{"floor":26,"key":"Whetstone"},{"floor":37,"key":"Charon\u0027s Ashes"},{"floor":40,"key":"Toxic Egg 2"},{"floor":43,"key":"FossilizedHelix"}],"event_choices":[{"damage_healed":0.0,"max_hp_gain":0.0,"max_hp_loss":0.0,"gold_gain":0.0,"event_name":"NoteForYourself","player_choice":"Ignored","floor":2.0,"gold_loss":0.0,"damage_taken":0.0},{"damage_healed":0,"gold_gain":360,"player_choice":"GOLD GOLD GOLD GOLD ","damage_taken":36,"max_hp_gain":0,"max_hp_loss":0,"event_name":"Knowing Skull","floor":19,"potions_obtained":[],"gold_loss":0,"cards_obtained":[]},{"cards_removed":["Strike_R"],"damage_healed":0,"gold_gain":0,"player_choice":"Gave Gold","damage_taken":0,"max_hp_gain":0,"max_hp_loss":0,"event_name":"Beggar","floor":31,"gold_loss":75},{"damage_healed":0,"gold_gain":0,"player_choice":"Ignored","damage_taken":0,"max_hp_gain":0,"max_hp_loss":0,"event_name":"Tomb of Lord Red Mask","floor":36,"gold_loss":0},{"damage_healed":0,"gold_gain":0,"player_choice":"Fight","damage_taken":0,"max_hp_gain":0,"max_hp_loss":0,"event_name":"MindBloom","floor":37,"gold_loss":0},{"cards_removed":["Defend_R"],"damage_healed":0,"gold_gain":0,"player_choice":"Removed Skill","damage_taken":0,"max_hp_gain":0,"max_hp_loss":0,"event_name":"Falling","floor":38,"gold_loss":0},{"damage_healed":0,"gold_gain":0,"player_choice":"Memory 3","damage_taken":10,"max_hp_gain":0,"max_hp_loss":0,"event_name":"SensoryStone","floor":39,"gold_loss":0}],"is_beta":false,"boss_relics":[{"not_picked":["Calling Bell","Sozu"],"picked":"SlaversCollar"},{"not_picked":["Black Blood","Fusion Hammer"],"picked":"Cursed Key"}],"items_purged_floors":[11,21,29,46],"is_endless":false,"potions_floor_spawned":[1,3,12,14,16,18,23,28,30,33,35,37,40,42,44,45,47,48],"ascension_level":0}}