{"host":"4q8tqz186r0pap1a","time":1609765059,"event":{"mods":["ATMod(阿瑾Mod)","Act Like it!","Arknights The Spire","Ascension Reborn","BaseMod","Colored Powertips","Curses Come First","Dio Mod","Dota2Spire","Downfall","Ekko","GungeonMod","Highlight Path","Hunter 猎人","Menagerie","Minty Spire (QoL Compilation)","Nova Terra(诺娃・泰拉)","Pale of the Ancients","Quick Restart","Red Circlet Mod","Relic Stats","Say the Spire","Shop Mod","Spicy Shops","StSLib","Telnet The Spire","The Construct","The Marked","TheWitcher","WarShipGirlsR/战舰少女R mod","[地精首领爬塔]The Maniac","【功能Mod】混沌之环修复补丁","【功能Mod】聪明的最终Boss","【遗物卡牌】REMEMod","残留之物"],"gold_per_floor":[143,143,143,98659,98671,98671,98671,98689,98689,98689,98689],"floor_reached":10,"playtime":457,"items_purged":["Regret","Injury"],"score":56,"play_id":"16c8f8d7-f3f3-4548-b7a4-80fa37105770","local_time":"20210104205739","daily_mods":["Heirloom","Time Dilation","Flight","Terminal"],"is_ascension_mode":true,"campfire_choices":[{"data":"AT_ChampionKick","floor":6,"key":"SMITH"},{"data":"GremlinTsunderePetCall","floor":7,"key":"SMITH"}],"circlet_count":0,"master_deck":["Strike_Giant","Strike_Giant","Defend_Giant","Defend_Giant","Defend_Giant","CultistPetCall","EagleFirst","EagleFirst","EagleSecond","AT_ChampionKick+1","REME_EyeOfCthun","Death Explode","EagleThird","Double Mana","GremlinTsunderePetCall+1","Spirit Of Beast"],"relics":["GiantSoulBox","AT_ATBox","REME_ComplimentaryCards","CaptainsWheel","DemoMod:GlassGuonStoneRelic","DemoMod:ClearGuonStone","DemoMod:WeirdEgg","MerchantsRug","DemoMod:LamentConfigurum","Membership Card","Dota2Spire:AssaultCuirass","REME_HandOfSuture","Cauldron","construct:FoamFinger"],"acts_visited":["Exordium"],"potions_floor_usage":[],"damage_taken":[{"damage":0,"enemies":"Jaw Worm","floor":1,"turns":2},{"damage":0,"enemies":"2 Louse","floor":5,"turns":2},{"damage":0,"enemies":"Cultist","floor":8,"turns":2},{"damage":3,"enemies":"3 Sentries","floor":10,"turns":2}],"seed_played":"2971689509127969400","potions_obtained":[{"floor":1,"key":"LiquidBronze"},{"floor":4,"key":"Dota2Spire:Clarity"}],"is_trial":true,"path_per_floor":["M","?","?","$","M","R","R","M","T","E"],"character_chosen":"Giant","items_purchased":["DemoMod:WeirdEgg","Double Mana","MerchantsRug","DemoMod:LamentConfigurum","Membership Card","Dota2Spire:AssaultCuirass","REME_HandOfSuture","Cauldron"],"campfire_rested":0,"item_purchase_floors":[4,4,4,4,4,4,4,4],"current_hp_per_floor":[5,4,3,2,1,1,1,1,1,0,0],"gold":98689,"neow_bonus":"","is_daily":false,"chose_seed":false,"campfire_upgraded":2,"win_rate":0.0,"timestamp":1609765059,"path_taken":["M","?","?","$","?","R","R","?","T","E"],"items_purchased_type":["Relic","Card","Relic","Relic","Relic","Relic","Relic","Relic"],"build_version":"2020-12-22","purchased_purges":2,"victory":false,"max_hp_per_floor":[5,4,3,2,1,1,1,1,1,1,1],"relic_stats":{"counters":[4,8],"obtain_stats":[{"MerchantsRug":4,"AT_ATBox":0,"construct:FoamFinger":9,"DemoMod:WeirdEgg":4,"DemoMod:GlassGuonStoneRelic":1,"Cauldron":4,"CaptainsWheel":0,"DemoMod:LamentConfigurum":4,"REME_HandOfSuture":4,"GiantSoulBox":0,"Membership Card":4,"Dota2Spire:AssaultCuirass":4,"DemoMod:ClearGuonStone":2,"REME_ComplimentaryCards":0},{"MerchantsRug":1,"AT_ATBox":0,"construct:FoamFinger":3,"DemoMod:WeirdEgg":1,"DemoMod:GlassGuonStoneRelic":1,"Cauldron":1,"CaptainsWheel":0,"DemoMod:LamentConfigurum":1,"REME_HandOfSuture":1,"GiantSoulBox":0,"Membership Card":1,"Dota2Spire:AssaultCuirass":1,"DemoMod:ClearGuonStone":1,"REME_ComplimentaryCards":0},{"MerchantsRug":2,"AT_ATBox":0,"construct:FoamFinger":6,"DemoMod:WeirdEgg":2,"DemoMod:GlassGuonStoneRelic":2,"Cauldron":2,"CaptainsWheel":0,"DemoMod:LamentConfigurum":2,"REME_HandOfSuture":2,"GiantSoulBox":0,"Membership Card":2,"Dota2Spire:AssaultCuirass":2,"DemoMod:ClearGuonStone":2,"REME_ComplimentaryCards":0}]},"card_choices":[{"not_picked":["Hunter Bow","Ready_Giant"],"picked":"Death Explode","floor":1},{"not_picked":["Mana Growth","Discover Combo"],"picked":"GremlinTsunderePetCall","floor":5},{"not_picked":["Ready_Giant","Backward Giant"],"picked":"Spirit Of Beast","floor":8}],"player_experience":89363,"relics_obtained":[{"floor":9,"key":"construct:FoamFinger"}],"event_choices":[{"damage_healed":0,"gold_gain":0,"player_choice":"Box","damage_taken":0,"relics_obtained":["DemoMod:ClearGuonStone"],"max_hp_gain":0,"max_hp_loss":0,"event_name":"Big Fish","floor":2,"gold_loss":0,"cards_obtained":["Regret"]},{"damage_healed":0,"gold_gain":0,"cards_transformed":["Defend_Giant"],"player_choice":"Transformed","damage_taken":0,"max_hp_gain":0,"max_hp_loss":0,"event_name":"Transmorgrifier","floor":3,"gold_loss":0,"cards_obtained":["EagleThird"]}],"is_beta":false,"boss_relics":[],"items_purged_floors":[4,4],"is_endless":true,"potions_floor_spawned":[1,5],"killed_by":"3 Sentries","ascension_level":0}}