{"host":"lpogke4cwz8zw1ju","time":1609789354,"event":{"mods":["Always Whale","BaseMod","Minty Spire (QoL Compilation)","Permanent Neow"],"gold_per_floor":[109,126,136,136,153,180,180,180,180,190,219,219,236,161,161,260,260,280,296,310,210,221,250,266,266,290,290,305,321,321,129,129,224,274,289,143,158,177,187,187,200,250,276,293,305,1,1,13,13,13],"floor_reached":51,"playtime":4055,"items_purged":["Strike_G","Defend_G","Strike_G","Defend_G"],"score":707,"play_id":"9ebcb0ec-4fd6-4534-9cf2-99123c48d6e5","local_time":"20210104204234","is_ascension_mode":false,"campfire_choices":[{"floor":8,"key":"REST"},{"data":"Catalyst","floor":12,"key":"SMITH"},{"data":"Noxious Fumes","floor":15,"key":"SMITH"},{"floor":25,"key":"REST"},{"floor":32,"key":"REST"},{"floor":40,"key":"REST"},{"floor":49,"key":"REST"}],"circlet_count":0,"master_deck":["Strike_G+1","Strike_G+1","Defend_G","Defend_G+1","Defend_G","Survivor","Neutralize+1","Backflip+1","Flying Knee","Terror","Noxious Fumes+1","Backflip","Prepared","Catalyst+1","Crippling Poison","Backflip+1","Deadly Poison+1","Bouncing Flask","Deadly Poison","PiercingWail","Acrobatics","Crippling Poison","Wraith Form v2","Footwork","Catalyst","Outmaneuver+1","Deadly Poison+1","Crippling Poison+1"],"relics":["Ring of the Serpent","Regal Pillow","Gremlin Horn","Lizard Tail","Mercury Hourglass","Toy Ornithopter","Tiny House","TwistedFunnel","Shovel","Lantern","Whetstone"],"acts_visited":["Exordium","TheCity","TheBeyond"],"potions_floor_usage":[6,7,18,23,27,33,33,38,50,50,50,50,50,50],"damage_taken":[{"damage":0,"enemies":"2 Louse","floor":1,"turns":3},{"damage":2,"enemies":"Small Slimes","floor":2,"turns":4},{"damage":0,"enemies":"Cultist","floor":3,"turns":3},{"damage":3,"enemies":"Lots of Slimes","floor":5,"turns":7},{"damage":20,"enemies":"Gremlin Nob","floor":6,"turns":4},{"damage":1,"enemies":"Red Slaver","floor":10,"turns":4},{"damage":13,"enemies":"3 Sentries","floor":11,"turns":7},{"damage":6,"enemies":"Large Slime","floor":13,"turns":8},{"damage":13,"enemies":"Hexaghost","floor":16,"turns":9},{"damage":3,"enemies":"2 Thieves","floor":18,"turns":5},{"damage":0,"enemies":"Chosen","floor":19,"turns":5},{"damage":16,"enemies":"Snake Plant","floor":20,"turns":6},{"damage":9,"enemies":"Chosen and Byrds","floor":22,"turns":6},{"damage":31,"enemies":"Slavers","floor":23,"turns":5},{"damage":1,"enemies":"Centurion and Healer","floor":24,"turns":8},{"damage":0,"enemies":"Gremlin Leader","floor":27,"turns":1},{"damage":11,"enemies":"Snecko","floor":28,"turns":5},{"damage":22,"enemies":"3 Cultists","floor":29,"turns":5},{"damage":19,"enemies":"Automaton","floor":33,"turns":10},{"damage":8,"enemies":"3 Shapes","floor":35,"turns":4},{"damage":7,"enemies":"3 Darklings","floor":37,"turns":4},{"damage":19,"enemies":"Jaw Worm Horde","floor":38,"turns":5},{"damage":30,"enemies":"Spire Growth","floor":39,"turns":5},{"damage":0,"enemies":"Maw","floor":41,"turns":8},{"damage":2,"enemies":"Mind Bloom Boss Battle","floor":42,"turns":6},{"damage":7,"enemies":"Transient","floor":44,"turns":5},{"damage":18,"enemies":"Jaw Worm Horde","floor":45,"turns":4},{"damage":8,"enemies":"3 Darklings","floor":48,"turns":4},{"damage":87,"enemies":"Awakened One","floor":50,"turns":12}],"seed_played":"462708356949120168","potions_obtained":[{"floor":2,"key":"Fire Potion"},{"floor":3,"key":"Block Potion"},{"floor":6,"key":"Dexterity Potion"},{"floor":7,"key":"Fruit Juice"},{"floor":7,"key":"EssenceOfSteel"},{"floor":7,"key":"LiquidMemories"},{"floor":13,"key":"Poison Potion"},{"floor":19,"key":"EssenceOfSteel"},{"floor":23,"key":"SmokeBomb"},{"floor":28,"key":"SpeedPotion"},{"floor":33,"key":"ColorlessPotion"},{"floor":34,"key":"EntropicBrew"},{"floor":39,"key":"Block Potion"},{"floor":41,"key":"DuplicationPotion"}],"is_trial":false,"path_per_floor":["M","M","M","?","M","E","?","R","T","M","E","R","M","$","R","B",null,"M","M","M","$","M","E","M","R","T","E","M","M","?","$","R","B",null,"M","$","M","M","M","R","M","?","T","M","M","$","?","M","R","B",null],"character_chosen":"THE_SILENT","items_purchased":["Crippling Poison","TwistedFunnel","Whetstone"],"campfire_rested":5,"item_purchase_floors":[31,36,46],"current_hp_per_floor":[70,68,68,54,51,31,36,73,73,72,59,59,53,53,53,40,75,72,72,56,56,47,16,15,52,52,57,46,24,10,10,49,40,85,77,77,70,56,26,66,66,64,64,57,39,39,39,31,71,14],"gold":13,"neow_bonus":"UPGRADE_CARD","is_daily":false,"chose_seed":false,"campfire_upgraded":2,"win_rate":0.0,"timestamp":1609789354,"path_taken":["M","M","M","?","M","E","?","R","T","M","E","R","?","?","R","BOSS","M","M","M","$","M","E","M","R","T","E","M","M","?","$","R","BOSS","M","$","M","M","M","R","M","?","T","M","M","$","?","M","R","BOSS"],"items_purchased_type":["Card","Relic","Relic"],"build_version":"2020-12-22","purchased_purges":4,"victory":true,"max_hp_per_floor":[70,70,70,70,70,70,75,75,75,75,75,75,75,75,75,75,75,75,75,75,75,75,75,75,75,75,75,75,75,80,80,80,80,85,85,85,85,85,85,85,85,85,85,85,85,85,85,85,85,85],"card_choices":[{"not_picked":["Blur","Distraction"],"picked":"Backflip","floor":1},{"not_picked":["Predator","Flechettes"],"picked":"Flying Knee","floor":2},{"not_picked":["Sucker Punch","Slice"],"picked":"Terror","floor":3},{"not_picked":["Leg Sweep","Deadly Poison"],"picked":"Noxious Fumes","floor":5},{"not_picked":["Setup","Dagger Throw"],"picked":"Backflip","floor":6},{"not_picked":["Quick Slash","PiercingWail"],"picked":"Prepared","floor":10},{"not_picked":["Sucker Punch","Bouncing Flask"],"picked":"Catalyst","floor":11},{"not_picked":["Sucker Punch","Prepared"],"picked":"Crippling Poison","floor":13},{"not_picked":["Calculated Gamble","Prepared"],"picked":"Backflip","floor":18},{"not_picked":["Acrobatics+1","Dagger Throw"],"picked":"Deadly Poison+1","floor":19},{"not_picked":["Bane+1","Outmaneuver"],"picked":"Bouncing Flask","floor":20},{"not_picked":["Dagger Spray","Cloak And Dagger"],"picked":"Deadly Poison","floor":22},{"not_picked":["Endless Agony","Bouncing Flask"],"picked":"PiercingWail","floor":23},{"not_picked":["Noxious Fumes","Eviscerate+1","All Out Attack"],"picked":"SKIP","floor":24},{"not_picked":["Leg Sweep","Quick Slash"],"picked":"Acrobatics","floor":28},{"not_picked":["Blade Dance","Reflex+1","Calculated Gamble"],"picked":"SKIP","floor":29},{"not_picked":["After Image","Bullet Time"],"picked":"Wraith Form v2","floor":33},{"not_picked":["Blade Dance+1","Accuracy+1"],"picked":"Footwork","floor":35},{"not_picked":["Blade Dance+1","Dagger Spray","Acrobatics"],"picked":"SKIP","floor":37},{"not_picked":["Heel Hook+1","Deadly Poison","Caltrops"],"picked":"SKIP","floor":38},{"not_picked":["Quick Slash","Bane+1","Slice"],"picked":"SKIP","floor":39},{"not_picked":["Reflex","Underhanded Strike"],"picked":"Catalyst","floor":41},{"not_picked":["All Out Attack","Terror+1"],"picked":"Outmaneuver+1","floor":42},{"not_picked":["Dagger Spray+1","PiercingWail"],"picked":"Deadly Poison+1","floor":44},{"not_picked":["Sucker Punch","Slice+1"],"picked":"Crippling Poison+1","floor":45},{"not_picked":["Crippling Poison+1","Grand Finale","Sucker Punch+1"],"picked":"SKIP","floor":48}],"player_experience":156630,"relics_obtained":[{"floor":6,"key":"Regal Pillow"},{"floor":9,"key":"Gremlin Horn"},{"floor":11,"key":"Lizard Tail"},{"floor":23,"key":"Mercury Hourglass"},{"floor":26,"key":"Toy Ornithopter"},{"floor":42,"key":"Shovel"},{"floor":43,"key":"Lantern"}],"event_choices":[{"damage_healed":0,"gold_gain":0,"player_choice":"Entered Light","damage_taken":14,"max_hp_gain":0,"max_hp_loss":0,"event_name":"Shining Light","floor":4,"gold_loss":0,"cards_upgraded":["Backflip","Defend_G"]},{"damage_healed":0,"gold_gain":0,"player_choice":"Got Potions","damage_taken":0,"max_hp_gain":0,"max_hp_loss":0,"event_name":"Lab","floor":7,"gold_loss":0},{"damage_healed":0,"gold_gain":0,"player_choice":"Shed Blood","damage_taken":19,"max_hp_gain":5,"max_hp_loss":0,"event_name":"Forgotten Altar","floor":30,"gold_loss":0},{"damage_healed":0,"gold_gain":0,"player_choice":"Fight","damage_taken":0,"max_hp_gain":0,"max_hp_loss":0,"event_name":"MindBloom","floor":42,"gold_loss":0},{"cards_removed":["Strike_G"],"damage_healed":0,"gold_gain":0,"player_choice":"Removed Attack","damage_taken":0,"max_hp_gain":0,"max_hp_loss":0,"event_name":"Falling","floor":47,"gold_loss":0}],"is_beta":false,"boss_relics":[{"not_picked":["Cursed Key","Runic Dome"],"picked":"Ring of the Serpent"},{"not_picked":["WristBlade","Philosopher\u0027s Stone"],"picked":"Tiny House"}],"items_purged_floors":[14,21,31,46],"is_endless":false,"potions_floor_spawned":[2,3,6,10,13,19,23,27,28,33,39,41,42,45],"ascension_level":0}}