{"host":"qfskrnw3pl1q86j0","time":1609767708,"event":{"mods":["BaseMod","Block Reminder","Hermit","Marisa????????","Minty Spire (QoL Compilation)","Quick Restart","Random Character Button","Relic Stats","StSLib","The Poker Player","slay the spire mod where everything is the same but ironclad has a cowboy hat"],"gold_per_floor":[213,232,232,252,93,93,93,93,143,158,158,158,233,251,251,356,356,376,200,200,200,220,220,230,240,240,240,259,259,169,187,187,286,286,301,301,320,320,320],"floor_reached":38,"playtime":1142,"items_purged":["Strike_R"],"score":366,"play_id":"15c0e567-8899-4ce8-b024-80a440adb994","local_time":"20210104144148","is_ascension_mode":false,"campfire_choices":[{"data":"Bash","floor":6.0,"key":"SMITH"},{"data":"Entrench","floor":8.0,"key":"SMITH"},{"data":"Carnage","floor":11.0,"key":"SMITH"},{"data":"Body Slam","floor":15.0,"key":"SMITH"},{"data":"Fiend Fire","floor":23.0,"key":"SMITH"},{"data":"Shrug It Off","floor":27.0,"key":"SMITH"},{"data":"Pommel Strike","floor":29.0,"key":"SMITH"},{"floor":32.0,"key":"REST"}],"circlet_count":0,"master_deck":["Strike_R","Strike_R+1","Strike_R","Defend_R+1","Defend_R","Defend_R","Defend_R","Bash+1","Headbutt","Shrug It Off+1","Pommel Strike+1","Entrench+1","Carnage+1","Body Slam+1","Fiend Fire+1","Intimidate+1","Shrug It Off+1","Flame Barrier","Juggernaut"],"relics":["Burning Blood","Oddly Smooth Stone","Philosopher\u0027s Stone","Kunai","Matryoshka","Velvet Choker"],"acts_visited":["Exordium","TheCity","TheBeyond"],"potions_floor_usage":[],"damage_taken":[{"damage":5.0,"enemies":"Cultist","floor":1.0,"turns":4.0},{"damage":6.0,"enemies":"Jaw Worm","floor":2.0,"turns":3.0},{"damage":0.0,"enemies":"Small Slimes","floor":4.0,"turns":3.0},{"damage":2.0,"enemies":"Gremlin Gang","floor":10.0,"turns":5.0},{"damage":7.0,"enemies":"Exordium Wildlife","floor":14.0,"turns":5.0},{"damage":16.0,"enemies":"Slime Boss","floor":16.0,"turns":11.0},{"damage":0.0,"enemies":"3 Byrds","floor":18.0,"turns":6.0},{"damage":14.0,"enemies":"Shell Parasite","floor":22.0,"turns":4.0},{"damage":15.0,"enemies":"Snake Plant","floor":24.0,"turns":4.0},{"damage":17.0,"enemies":"Snecko","floor":25.0,"turns":4.0},{"damage":16.0,"enemies":"Centurion and Healer","floor":28.0,"turns":5.0},{"damage":24.0,"enemies":"Snake Plant","floor":31.0,"turns":2.0},{"damage":31.0,"enemies":"Champ","floor":33.0,"turns":10.0},{"damage":0.0,"enemies":"Orb Walker","floor":35.0,"turns":4.0},{"damage":0.0,"enemies":"3 Shapes","floor":37.0,"turns":5.0},{"damage":0,"enemies":"Sphere and 2 Shapes","floor":38,"turns":1}],"seed_played":"3927855070129546098","potions_obtained":[{"floor":2.0,"key":"Energy Potion"},{"floor":7.0,"key":"BlessingOfTheForge"},{"floor":7.0,"key":"Ancient Potion"},{"floor":10.0,"key":"Dexterity Potion"},{"floor":22.0,"key":"Ancient Potion"},{"floor":25.0,"key":"SneckoOil"}],"is_trial":false,"path_per_floor":["M","M","?","M","$","R","?","R","T","M","R","?","?","M","R","B",null,"M","$","?","?","M","R","M","M","T","R","M","R","?","M","R","B",null,"M","?","M","M"],"character_chosen":"IRONCLAD","items_purchased":["Pommel Strike","Entrench","Carnage","CultistPotion"],"campfire_rested":1,"item_purchase_floors":[5,5,5,19],"current_hp_per_floor":[80,80,85,85,85,85,85,85,85,85,85,68,57,56,56,46,85,85,85,85,85,77,77,68,57,57,57,47,47,47,29,54,29,85,85,85,85,85,85],"gold":320,"neow_bonus":"HUNDRED_GOLD","is_daily":false,"chose_seed":false,"campfire_upgraded":7,"win_rate":0.0,"timestamp":1609767708,"path_taken":["M","?","?","M","$","R","?","R","T","?","R","?","?","M","R","BOSS","M","$","?","?","M","R","M","?","T","R","M","R","?","?","R","BOSS","M","?","M","?"],"items_purchased_type":["Card","Card","Card","Potion"],"build_version":"2020-12-22","purchased_purges":1,"victory":false,"max_hp_per_floor":[80,80,85,85,85,85,85,85,85,85,85,85,85,85,85,85,85,85,85,85,85,85,85,85,85,85,85,85,85,85,85,85,85,85,85,85,85,85,85],"relic_stats":{"counters":[16,76],"Kunai":[5],"obtain_stats":[{"Matryoshka":26,"Oddly Smooth Stone":9,"Velvet Choker":34,"Philosopher\u0027s Stone":17,"Kunai":20,"Burning Blood":0},{"Matryoshka":10,"Oddly Smooth Stone":3,"Velvet Choker":13,"Philosopher\u0027s Stone":6,"Kunai":7,"Burning Blood":0},{"Matryoshka":49,"Oddly Smooth Stone":10,"Velvet Choker":66,"Philosopher\u0027s Stone":31,"Kunai":37,"Burning Blood":0}],"Burning Blood":61},"card_choices":[{"not_picked":["Wild Strike","Sentinel"],"picked":"Headbutt","floor":1.0},{"not_picked":["Dark Embrace","Armaments"],"picked":"Shrug It Off","floor":2.0},{"not_picked":["Flex","Headbutt","Bloodletting"],"picked":"SKIP","floor":4.0},{"not_picked":["Bloodletting","Intimidate","Rupture"],"picked":"SKIP","floor":10.0},{"not_picked":["Wild Strike","Perfected Strike"],"picked":"Body Slam","floor":14.0},{"not_picked":["Bludgeon","Corruption"],"picked":"Fiend Fire","floor":16.0},{"not_picked":["Blood for Blood","Thunderclap"],"picked":"Intimidate+1","floor":18.0},{"not_picked":["Fire Breathing","Clothesline","Anger+1"],"picked":"SKIP","floor":22.0},{"not_picked":["Cleave","True Grit","Hemokinesis"],"picked":"SKIP","floor":24.0},{"not_picked":["Combust+1","Twin Strike"],"picked":"Shrug It Off","floor":25.0},{"not_picked":["Armaments+1","Anger","Wild Strike"],"picked":"SKIP","floor":28.0},{"not_picked":["Carnage","Twin Strike+1"],"picked":"Flame Barrier","floor":31.0},{"not_picked":["Bludgeon","Offering"],"picked":"Juggernaut","floor":33.0},{"not_picked":["Thunderclap+1","Combust","Flex+1"],"picked":"SKIP","floor":35.0},{"not_picked":["True Grit+1","Hemokinesis+1","Power Through"],"picked":"SKIP","floor":37.0}],"player_experience":915487,"relics_obtained":[{"floor":9.0,"key":"Oddly Smooth Stone"},{"floor":26.0,"key":"Matryoshka"}],"event_choices":[{"damage_healed":0.0,"max_hp_gain":5.0,"max_hp_loss":0.0,"gold_gain":0.0,"event_name":"Big Fish","player_choice":"Donut","floor":3.0,"gold_loss":0.0,"damage_taken":0.0},{"damage_healed":0.0,"max_hp_gain":0.0,"max_hp_loss":0.0,"gold_gain":0.0,"event_name":"Lab","player_choice":"Got Potions","floor":7.0,"gold_loss":0.0,"damage_taken":0.0},{"damage_healed":0.0,"max_hp_gain":0.0,"max_hp_loss":0.0,"gold_gain":0.0,"event_name":"Shining Light","player_choice":"Entered Light","floor":12.0,"gold_loss":0.0,"damage_taken":17.0,"cards_upgraded":["Strike_R","Defend_R"]},{"damage_healed":0.0,"max_hp_gain":0.0,"max_hp_loss":0.0,"gold_gain":75.0,"event_name":"World of Goop","player_choice":"Gather Gold","floor":13.0,"gold_loss":0.0,"damage_taken":11.0},{"damage_healed":0.0,"max_hp_gain":0.0,"max_hp_loss":0.0,"gold_gain":0.0,"event_name":"The Mausoleum","player_choice":"Opened","floor":20.0,"gold_loss":0.0,"damage_taken":0.0,"relics_obtained":["Kunai"],"cards_obtained":["Writhe"]},{"damage_healed":0.0,"max_hp_gain":0.0,"max_hp_loss":0.0,"gold_gain":0.0,"event_name":"Vampires","player_choice":"Ignored","floor":21.0,"gold_loss":0.0,"damage_taken":0.0},{"cards_removed":["Strike_R"],"damage_healed":0.0,"max_hp_gain":0.0,"max_hp_loss":0.0,"gold_gain":0.0,"event_name":"Designer","player_choice":"Upgrade and Remove","floor":30.0,"gold_loss":90.0,"damage_taken":0.0,"cards_upgraded":["Shrug It Off"]},{"cards_removed":["Writhe"],"damage_healed":0.0,"max_hp_gain":0.0,"max_hp_loss":0.0,"gold_gain":0.0,"event_name":"Fountain of Cleansing","player_choice":"Removed Curses","floor":36.0,"gold_loss":0.0,"damage_taken":0.0}],"is_beta":false,"boss_relics":[{"not_picked":["SacredBark","Runic Pyramid"],"picked":"Philosopher\u0027s Stone"},{"not_picked":["Runic Cube","Black Star"],"picked":"Velvet Choker"}],"items_purged_floors":[19],"is_endless":false,"potions_floor_spawned":[2,10,22,25],"killed_by":"Sphere and 2 Shapes","ascension_level":0}}