{"host":"p7j7o00jacnw7qzt","time":1609803372,"event":{"mods":["BaseMod","Colored Map","Colored Powertips","DeckTracker","Highlight Path","Minty Spire (QoL Compilation)","Relic Stats"],"gold_per_floor":[365,383,383,328,328,340,368,368,392,408,408,121,121,150,150,150,150],"floor_reached":16,"playtime":521,"items_purged":["Strike_R"],"score":216,"play_id":"750e5d25-56a2-42d2-bba0-419cff7f9b4b","local_time":"20210104183612","is_ascension_mode":true,"campfire_choices":[{"floor":8.0,"key":"RECALL"},{"data":"Evolve","floor":11.0,"key":"SMITH"},{"floor":13.0,"key":"REST"},{"data":"Pommel Strike","floor":15.0,"key":"SMITH"}],"circlet_count":0,"master_deck":["AscendersBane","Strike_R","Strike_R","Strike_R","Strike_R","Defend_R","Defend_R","Defend_R","Defend_R","Bash","Evolve+1","Shrug It Off","Pommel Strike+1"],"relics":["Burning Blood","Bag of Preparation","Eternal Feather","PreservedInsect","Chemical X","Red Skull"],"acts_visited":["Exordium"],"potions_floor_usage":[16],"damage_taken":[{"damage":14.0,"enemies":"Jaw Worm","floor":1.0,"turns":3.0},{"damage":9.0,"enemies":"2 Louse","floor":2.0,"turns":4.0},{"damage":6.0,"enemies":"Cultist","floor":6.0,"turns":3.0},{"damage":19.0,"enemies":"3 Sentries","floor":7.0,"turns":11.0},{"damage":22.0,"enemies":"Large Slime","floor":10.0,"turns":7.0},{"damage":28.0,"enemies":"Gremlin Nob","floor":14.0,"turns":4.0},{"damage":43,"enemies":"The Guardian","floor":16,"turns":10}],"seed_played":"-1422307636321475697","potions_obtained":[{"floor":2.0,"key":"Block Potion"},{"floor":6.0,"key":"Energy Potion"},{"floor":7.0,"key":"Dexterity Potion"}],"is_trial":false,"path_per_floor":["M","M","?","?","?","M","E","R","T","M","R","$","R","E","R","B"],"character_chosen":"IRONCLAD","items_purchased":["Chemical X","PowerPotion"],"campfire_rested":1,"item_purchase_floors":[12,12],"current_hp_per_floor":[42,39,21,21,46,46,33,39,39,23,29,29,57,35,41,0,0],"gold":150,"neow_bonus":"TWO_FIFTY_GOLD","is_daily":false,"chose_seed":false,"campfire_upgraded":2,"win_rate":0.0,"timestamp":1609803372,"path_taken":["M","M","?","?","?","M","E","R","T","?","R","$","R","E","R","BOSS"],"items_purchased_type":["Relic","Potion"],"build_version":"2020-12-22","purchased_purges":1,"victory":false,"max_hp_per_floor":[75,75,75,75,75,75,75,75,75,75,75,75,75,75,75,75,75],"relic_stats":{"counters":[7,42],"Eternal Feather":24,"PreservedInsect":23,"Bag of Preparation":[10],"Chemical X":[1],"obtain_stats":[{"Eternal Feather":7,"PreservedInsect":9,"Bag of Preparation":3,"Chemical X":12,"Burning Blood":0,"Red Skull":14},{"Eternal Feather":4,"PreservedInsect":4,"Bag of Preparation":2,"Chemical X":5,"Burning Blood":0,"Red Skull":6},{"Eternal Feather":21,"PreservedInsect":21,"Bag of Preparation":7,"Chemical X":28,"Burning Blood":0,"Red Skull":32}],"Burning Blood":36},"card_choices":[{"not_picked":["Sword Boomerang","Sentinel"],"picked":"Evolve","floor":1.0},{"not_picked":["Flame Barrier","Perfected Strike"],"picked":"Shrug It Off","floor":2.0},{"not_picked":["Twin Strike","Clash","Anger"],"picked":"SKIP","floor":6.0},{"not_picked":["Cleave","Perfected Strike","Dual Wield"],"picked":"SKIP","floor":7.0},{"not_picked":["Warcry","Twin Strike","Heavy Blade"],"picked":"SKIP","floor":10.0},{"not_picked":["Havoc","Pummel"],"picked":"Pommel Strike","floor":14.0}],"player_experience":1003964,"relics_obtained":[{"floor":7.0,"key":"Eternal Feather"},{"floor":9.0,"key":"PreservedInsect"},{"floor":14.0,"key":"Red Skull"}],"event_choices":[{"damage_healed":0.0,"max_hp_gain":0.0,"max_hp_loss":0.0,"gold_gain":0.0,"event_name":"Scrap Ooze","player_choice":"Success","floor":3.0,"gold_loss":0.0,"damage_taken":18.0,"relics_obtained":["Bag of Preparation"]},{"damage_healed":0.0,"max_hp_gain":0.0,"max_hp_loss":0.0,"gold_gain":0.0,"event_name":"World of Goop","player_choice":"Left Gold","floor":4.0,"gold_loss":55.0,"damage_taken":0.0},{"damage_healed":25.0,"max_hp_gain":0.0,"max_hp_loss":0.0,"gold_gain":0.0,"event_name":"Big Fish","player_choice":"Banana","floor":5.0,"gold_loss":0.0,"damage_taken":0.0}],"is_beta":false,"boss_relics":[],"items_purged_floors":[12],"is_endless":false,"potions_floor_spawned":[2,6,7],"killed_by":"The Guardian","ascension_level":20}}