{"host":"w9yruvs4bqht6bhw","time":1609719315,"event":{"mods":["BaseMod","Colored Powertips","Minty Spire (QoL Compilation)"],"gold_per_floor":[111,186,202,216,49,49,0,18,18,49,64,64,77,87,87,191,191,205,205,16,31,45,45,57,57,57,57,57,57,83,10,22,34,34],"floor_reached":33,"playtime":1698,"items_purged":["Defend_P","Strike_P"],"score":261,"play_id":"db8a99c6-d633-49b6-8bae-a108218b85d8","local_time":"20210103191515","is_ascension_mode":true,"campfire_choices":[{"data":"Eruption","floor":6,"key":"SMITH"},{"floor":12,"key":"REST"},{"floor":15,"key":"REST"},{"data":"LikeWater","floor":23,"key":"SMITH"},{"data":"LikeWater","floor":25,"key":"SMITH"},{"data":"Vigilance","floor":27,"key":"SMITH"},{"floor":32,"key":"REST"}],"circlet_count":0,"master_deck":["Strike_P","Strike_P","Strike_P","Defend_P","Defend_P","Defend_P","Eruption+1","Vigilance+1","Panacea","Pray","Devotion","LikeWater+1","JustLucky","InnerPeace+1","Protect+1","LikeWater+1","EmptyBody+1","Judgement+1","FlyingSleeves+1","Pray+1","LikeWater+1","DeusExMachina+1"],"relics":["HolyWater","Toxic Egg 2","Letter Opener","Yang","MawBank","Kunai"],"acts_visited":["Exordium","TheCity"],"potions_floor_usage":[10,10,11,16,16,21,22,24,33],"damage_taken":[{"damage":0,"enemies":"2 Louse","floor":1,"turns":2},{"damage":0,"enemies":"Small Slimes","floor":3,"turns":3},{"damage":1,"enemies":"Jaw Worm","floor":4,"turns":4},{"damage":5,"enemies":"Looter","floor":8,"turns":3},{"damage":31,"enemies":"Gremlin Nob","floor":10,"turns":4},{"damage":8,"enemies":"Lots of Slimes","floor":11,"turns":3},{"damage":0,"enemies":"3 Louse","floor":13,"turns":4},{"damage":3,"enemies":"Red Slaver","floor":14,"turns":5},{"damage":34,"enemies":"Slime Boss","floor":16,"turns":16},{"damage":13,"enemies":"2 Thieves","floor":18,"turns":4},{"damage":13,"enemies":"3 Byrds","floor":21,"turns":5},{"damage":4,"enemies":"Snake Plant","floor":22,"turns":4},{"damage":1,"enemies":"Centurion and Healer","floor":24,"turns":6},{"damage":13,"enemies":"3 Cultists","floor":30,"turns":5},{"damage":48,"enemies":"Automaton","floor":33,"turns":18}],"seed_played":"8788684903676497057","potions_obtained":[{"floor":8,"key":"FearPotion"},{"floor":10,"key":"SteroidPotion"},{"floor":13,"key":"GamblersBrew"},{"floor":21,"key":"StancePotion"},{"floor":22,"key":"EssenceOfSteel"},{"floor":30,"key":"Energy Potion"}],"is_trial":false,"path_per_floor":["M","?","M","M","$","R","$","M","T","E","M","R","M","M","R","B",null,"M","?","$","M","M","R","M","R","T","R","?","?","M","?","R","B"],"character_chosen":"WATCHER","items_purchased":["LikeWater","Dexterity Potion","SkillPotion","Pray+1","PowerPotion"],"campfire_rested":3,"item_purchase_floors":[5,5,7,20,20],"current_hp_per_floor":[72,61,61,60,60,60,60,55,55,24,16,37,37,34,55,21,72,59,46,46,33,29,29,28,28,28,28,28,28,15,15,38,0,0],"gold":34,"neow_bonus":"RANDOM_COLORLESS","is_daily":false,"chose_seed":false,"campfire_upgraded":4,"win_rate":0.0,"timestamp":1609719315,"path_taken":["M","?","M","M","$","R","$","M","T","E","M","R","M","M","R","BOSS","M","?","$","M","M","R","M","R","T","R","?","?","M","?","R","BOSS"],"items_purchased_type":["Card","Potion","Potion","Card","Potion"],"build_version":"2020-12-22","purchased_purges":2,"victory":false,"max_hp_per_floor":[72,72,72,72,72,72,72,72,72,72,72,72,72,72,72,72,72,72,77,77,77,77,77,77,77,77,77,77,77,77,77,77,77,77],"card_choices":[{"not_picked":["Bandage Up","Swift Strike"],"picked":"Panacea","floor":0},{"not_picked":["SashWhip","BowlingBash","PathToVictory"],"picked":"SKIP","floor":1},{"not_picked":["BowlingBash","Perseverance"],"picked":"Pray","floor":3},{"not_picked":["CutThroughFate","Prostrate"],"picked":"Devotion","floor":4},{"not_picked":["Perseverance","FollowUp"],"picked":"JustLucky","floor":8},{"not_picked":["Vault+1","FlurryOfBlows"],"picked":"InnerPeace+1","floor":10},{"not_picked":["Study","SashWhip"],"picked":"Protect+1","floor":11},{"not_picked":["TalkToTheHand","CarveReality"],"picked":"LikeWater","floor":13},{"not_picked":["BowlingBash","EmptyFist"],"picked":"EmptyBody+1","floor":14},{"not_picked":["Brilliance","ConjureBlade+1"],"picked":"Judgement+1","floor":16},{"not_picked":["Crescendo+1","Tantrum"],"picked":"FlyingSleeves+1","floor":18},{"not_picked":["Conclude+1","CrushJoints"],"picked":"LikeWater+1","floor":21},{"not_picked":["Halt+1","Wireheading","SashWhip"],"picked":"SKIP","floor":22},{"not_picked":["CrushJoints","Tantrum","DeceiveReality+1"],"picked":"SKIP","floor":24},{"not_picked":["Crescendo+1","Pray+1"],"picked":"DeusExMachina+1","floor":30}],"player_experience":307543,"relics_obtained":[{"floor":9,"key":"Toxic Egg 2"},{"floor":10,"key":"Letter Opener"},{"floor":26,"key":"Yang"}],"event_choices":[{"damage_healed":0,"gold_gain":75,"player_choice":"Gather Gold","damage_taken":11,"max_hp_gain":0,"max_hp_loss":0,"event_name":"World of Goop","floor":2,"gold_loss":0},{"damage_healed":0,"gold_gain":0,"player_choice":"Shed Blood","damage_taken":18,"max_hp_gain":5,"max_hp_loss":0,"event_name":"Forgotten Altar","floor":19,"gold_loss":0},{"damage_healed":0,"gold_gain":0,"player_choice":"Ignored","damage_taken":0,"max_hp_gain":0,"max_hp_loss":0,"event_name":"Vampires","floor":28,"gold_loss":0},{"damage_healed":0,"gold_gain":0,"player_choice":"Opened","damage_taken":0,"relics_obtained":["MawBank"],"max_hp_gain":0,"max_hp_loss":0,"event_name":"The Mausoleum","floor":29,"gold_loss":0},{"damage_healed":0,"gold_gain":0,"player_choice":"Obtained Relic","damage_taken":0,"relics_obtained":["Kunai"],"max_hp_gain":0,"max_hp_loss":0,"event_name":"Addict","floor":31,"gold_loss":85}],"is_beta":false,"boss_relics":[{"not_picked":["Runic Dome","Tiny House"],"picked":"HolyWater"}],"items_purged_floors":[5,20],"is_endless":false,"potions_floor_spawned":[8,10,13,21,22,30],"killed_by":"Automaton","ascension_level":1}}