{"host":"d87lowmkmbc7rbf5","time":1609738794,"event":{"mods":["BaseMod","Beaked The Cultist","Conspire","Downfall","Infinite Spire","Minty Spire (QoL Compilation)","Rare Cards Sparkle","Replay The Spire","Shop Mod","StSLib"],"gold_per_floor":[119,135,149,149,19,39,39,74,89,21,48,48,61,79,4,99,99,118,133,133,133,153,153,153,153,171,181,200,64,98,8,8,113,113,131,149,165,217,167,211,211,211,4,4,23,36,36,49,49,165,215,234,253,253,253,253,271,271,288,362,380,655,655,671,684,704,714,714,739,739],"floor_reached":69,"playtime":11053,"items_purged":[],"score":858,"play_id":"4bc75198-6fb3-48b3-ac31-be8bc010b650","local_time":"20210104003954","is_ascension_mode":false,"campfire_choices":[{"data":"beaked:Ceremony","floor":12,"key":"SMITH"},{"floor":15,"key":"REST"},{"floor":25,"key":"REST"},{"floor":32,"key":"REST"},{"floor":44,"key":"REST"},{"floor":47,"key":"REST"},{"floor":49,"key":"REST"},{"floor":63,"key":"REST"},{"floor":68,"key":"REST"}],"circlet_count":0,"master_deck":["beaked:Strike_Y+1","beaked:Strike_Y+1","beaked:Strike_Y+1","beaked:Strike_Y+1","beaked:Strike_Y+1","beaked:Defend_Y+1","beaked:Defend_Y+1","beaked:Defend_Y+1","beaked:Defend_Y+1","beaked:Ceremony+1","beaked:Ceremony","beaked:Ceremony","Discovery","beaked:Overpower","beaked:Brace","beaked:WarriorEssence","beaked:StickSmack+1","expansioncontent:Hexaburn+1","beaked:Roost","ReplayTheSpireMod:Wings of Steel","beaked:Roost","beaked:Windmill","beaked:DigDeep","beaked:StickSmack+1","beaked:KnowThyFoe+1","beaked:BraceForImpact+1","beaked:RitualOfBody+1","beaked:TuckingFeathers+1","beaked:MimicHuntress","beaked:CrazyRituals+1","beaked:AwakenedForm","beaked:MimicWarrior","beaked:BraceForImpact","beaked:WildInstinct+1","beaked:Insight","beaked:MachineSpirit+1","beaked:Brace","beaked:Poke","beaked:AwakenedForm","beaked:StunningBlow+1","beaked:Flinch","beaked:BloodForTheGods+1","beaked:SacrificialAttack","conspire:SpireCoStock","beaked:RitualOfBody","beaked:Sacrifice","beaked:Insight+1","beaked:TuckingFeathers","beaked:Mantra+1","beaked:WildInstinct","beaked:CursingBlood+1","beaked:WindBringer","beaked:MachineSpirit","beaked:Evade","beaked:Cower","sneckomod:Bewildered","beaked:DarkPact","beaked:RuinSticks"],"relics":["beaked:MendingPlumage","Replay:PocketPolymizer","infinitespire:PuzzleCube","downfall:HeartBlessingBlue","infinitespire:Cupcake","MutagenicStrength","Replay:Kaleidoscope","Happy Flower","Busted Crown","TungstenRod","Kunai","Gremlin Food","Tiny House","Snack Pack"],"acts_visited":["Exordium","TheCity","TheBeyond","Exordium"],"potions_floor_usage":[16,16,16,18,22,26,38,38,38,43,45,48,57,57,61,64,66,67,69,69],"damage_taken":[{"damage":12,"enemies":"Small Slimes","floor":1,"turns":5},{"damage":6,"enemies":"Cultist","floor":2,"turns":3},{"damage":12,"enemies":"Jaw Worm","floor":3,"turns":5},{"damage":0,"enemies":"downfall:FleeingMerchant","floor":5,"turns":4},{"damage":18,"enemies":"3 Louse","floor":6,"turns":5},{"damage":32,"enemies":"3 Sentries","floor":8,"turns":8},{"damage":20,"enemies":"2 Fungi Beasts","floor":9,"turns":5},{"damage":4,"enemies":"downfall:FleeingMerchant","floor":10,"turns":4},{"damage":17,"enemies":"Exordium Wildlife","floor":13,"turns":5},{"damage":14,"enemies":"Red Slaver","floor":14,"turns":5},{"damage":36,"enemies":"downfall:Silent","floor":16,"turns":10},{"damage":34,"enemies":"3 Byrds","floor":18,"turns":4},{"damage":4,"enemies":"Spheric Guardian","floor":19,"turns":4},{"damage":32,"enemies":"Shelled Parasite and Fungi","floor":22,"turns":7},{"damage":20,"enemies":"Chosen and Byrds","floor":26,"turns":6},{"damage":6,"enemies":"Centurion and Healer","floor":27,"turns":7},{"damage":25,"enemies":"Snecko","floor":28,"turns":4},{"damage":2,"enemies":"downfall:FleeingMerchant","floor":29,"turns":4},{"damage":43,"enemies":"Nightmare","floor":30,"turns":9},{"damage":25,"enemies":"downfall:FleeingMerchant","floor":31,"turns":4},{"damage":59,"enemies":"downfall:Watcher","floor":33,"turns":13},{"damage":44,"enemies":"3 Shapes","floor":35,"turns":5},{"damage":1,"enemies":"Orb Walker","floor":36,"turns":4},{"damage":40,"enemies":"3 Darklings","floor":37,"turns":5},{"damage":48,"enemies":"2 Orb Walkers","floor":38,"turns":6},{"damage":68,"enemies":"Transient","floor":40,"turns":5},{"damage":46,"enemies":"downfall:FleeingMerchant","floor":43,"turns":4},{"damage":58,"enemies":"Maw","floor":45,"turns":9},{"damage":48,"enemies":"Sphere and 2 Shapes","floor":46,"turns":7},{"damage":50,"enemies":"3 Darklings","floor":48,"turns":8},{"damage":67,"enemies":"downfall:Ironclad","floor":50,"turns":12},{"damage":0,"enemies":"Small Slimes","floor":52,"turns":4},{"damage":20,"enemies":"2 Louse","floor":53,"turns":2},{"damage":15,"enemies":"Jaw Worm","floor":57,"turns":3},{"damage":46,"enemies":"Large Slime","floor":59,"turns":7},{"damage":21,"enemies":"Exordium Wildlife","floor":61,"turns":2},{"damage":29,"enemies":"Gremlin Gang","floor":64,"turns":4},{"damage":27,"enemies":"3 Louse","floor":65,"turns":3},{"damage":35,"enemies":"Blue Slaver","floor":66,"turns":6},{"damage":50,"enemies":"Lots of Slimes","floor":67,"turns":4},{"damage":63,"enemies":"The Guardian","floor":69,"turns":2}],"seed_played":"-8130035095790527731","potions_obtained":[{"floor":2,"key":"Weak Potion"},{"floor":8,"key":"AttackPotion"},{"floor":13,"key":"Venom Potion"},{"floor":16,"key":"LiquidMemories"},{"floor":18,"key":"Explosive Potion"},{"floor":22,"key":"AttackPotion"},{"floor":33,"key":"EssenceOfSteel"},{"floor":35,"key":"Regen Potion"},{"floor":36,"key":"Strength Potion"},{"floor":40,"key":"SteroidPotion"},{"floor":46,"key":"SkillPotion"},{"floor":48,"key":"LiquidMemories"},{"floor":51,"key":"Weak Potion"},{"floor":53,"key":"AttackPotion"},{"floor":59,"key":"EntropicBrew"},{"floor":66,"key":"Fire Potion"},{"floor":67,"key":"SkillPotion"}],"is_trial":false,"path_per_floor":["M","M","M","?","$","M","T","E","M","$","T","R","M","M","R","B",null,"M","M","?","?","M","?","T","R","M","M","M","$","NM","$","R","B",null,"M","M","M","?","?","M","T","?","$","R","M","M","R","M","R","B",null,"M","M","?","PTL","PTL","M","?","M","T","M","?","R","M","M","M","M","R","B"],"character_chosen":"BEAKED_THE_CULTIST","items_purchased":["beaked:StickSmack","expansioncontent:Hexaburn","beaked:Windmill","beaked:WildInstinct","beaked:Insight","beaked:Poke","beaked:Insight","Gremlin Food","champ:CounterPotion"],"campfire_rested":8,"item_purchase_floors":[5,5,10,29,29,31,31,43,43],"current_hp_per_floor":[50,48,42,42,50,42,42,37,29,39,39,39,37,38,62,57,62,36,46,46,46,42,42,42,60,51,62,41,61,35,41,59,56,62,46,62,50,62,62,12,12,12,17,35,41,36,55,51,65,65,70,70,53,53,53,53,53,53,67,67,64,64,73,73,50,47,23,44,0,0],"gold":739,"neow_bonus":"RANDOM_COLORLESS","is_daily":false,"chose_seed":false,"campfire_upgraded":1,"win_rate":0.0,"timestamp":1609738794,"path_taken":["M","M","M","?","$","M","T","E","M","?","?","R","M","M","R","BOSS","M","M","?","?","M","?","T","R","M","M","?","$","NM","?","R","BOSS","M","M","M","?","?","M","T","?","?","R","M","M","R","M","R","BOSS","M","M","?","PTL","PTL","M","?","M","T","M","?","R","?","M","M","M","R","BOSS"],"items_purchased_type":["Card","Card","Card","Card","Card","Card","Card","Relic","Potion"],"build_version":"2020-12-22","purchased_purges":0,"victory":false,"max_hp_per_floor":[50,50,50,50,50,50,50,50,52,52,52,52,52,52,62,62,62,62,62,62,62,62,62,62,62,62,62,62,62,62,62,62,62,62,62,62,62,62,62,62,62,62,62,62,62,65,65,65,65,65,70,70,70,70,70,70,73,73,73,73,73,73,73,73,73,73,73,73,73,73],"card_choices":[{"not_picked":["Dark Shackles","expansioncontent:AwakenDeath"],"picked":"Discovery","floor":0},{"not_picked":["beaked:MimicHuntress","beaked:Devastation"],"picked":"beaked:Overpower","floor":1},{"not_picked":["beaked:MachineSpirit","beaked:RuinSticks"],"picked":"beaked:Brace","floor":2},{"not_picked":["beaked:Tweet","beaked:CursingBlood"],"picked":"beaked:SurvivalInstinct","floor":3},{"not_picked":["beaked:DesperateSwing","beaked:Redirect"],"picked":"beaked:WarriorEssence","floor":5},{"not_picked":["beaked:Brace","beaked:Poke"],"picked":"beaked:Roost","floor":6},{"not_picked":["beaked:Tweet","beaked:BraceForImpact"],"picked":"ReplayTheSpireMod:Wings of Steel","floor":8},{"not_picked":["beaked:Foresight","beaked:SurvivalInstinct"],"picked":"beaked:RitualOfBody","floor":9},{"not_picked":["beaked:Negation","beaked:Resilience"],"picked":"beaked:Roost","floor":10},{"not_picked":["beaked:WindBringer","beaked:Replenish"],"picked":"beaked:StickSmack","floor":13},{"not_picked":["beaked:Poke","beaked:Flinch"],"picked":"beaked:Daydream","floor":14},{"not_picked":["beaked:Caw","beaked:ShadowFade"],"picked":"beaked:KnowThyFoe","floor":16},{"not_picked":["beaked:Flinch","beaked:SurvivalInstinct"],"picked":"beaked:BraceForImpact","floor":18},{"not_picked":["beaked:Resilience","beaked:Mantra+1"],"picked":"beaked:RitualOfBody+1","floor":19},{"not_picked":["beaked:DesperateSwing","beaked:Cower"],"picked":"beaked:TuckingFeathers+1","floor":22},{"not_picked":["beaked:FeelMyPain","beaked:WindBringer"],"picked":"beaked:CrazyRituals+1","floor":26},{"not_picked":["beaked:Mantra","beaked:Tweet"],"picked":"beaked:AwakenedForm","floor":27},{"not_picked":["beaked:WarriorEssence","beaked:Pecker"],"picked":"beaked:MimicWarrior","floor":28},{"not_picked":["beaked:DesperateSwing","beaked:Poke"],"picked":"beaked:BraceForImpact","floor":29},{"not_picked":["beaked:Daydream+1","beaked:FullHouse"],"picked":"beaked:MachineSpirit+1","floor":30},{"not_picked":["beaked:Insight","beaked:RuinSticks+1"],"picked":"beaked:Brace","floor":31},{"not_picked":["beaked:LiftOff","beaked:KnowThyFoe"],"picked":"beaked:AwakenedForm","floor":33},{"not_picked":[],"picked":"beaked:StunningBlow+1","floor":35},{"not_picked":[],"picked":"beaked:Flinch","floor":36},{"not_picked":[],"picked":"beaked:BloodForTheGods+1","floor":37},{"not_picked":[],"picked":"beaked:SacrificialAttack","floor":38},{"not_picked":[],"picked":"beaked:RitualOfBody","floor":40},{"not_picked":[],"picked":"beaked:Sacrifice","floor":43},{"not_picked":[],"picked":"beaked:Insight+1","floor":45},{"not_picked":[],"picked":"beaked:TuckingFeathers","floor":46},{"not_picked":[],"picked":"beaked:Mantra+1","floor":48},{"not_picked":[],"picked":"beaked:WildInstinct","floor":50},{"not_picked":[],"picked":"beaked:CursingBlood+1","floor":51},{"not_picked":[],"picked":"beaked:WindBringer","floor":52},{"not_picked":[],"picked":"beaked:MachineSpirit","floor":53},{"not_picked":[],"picked":"beaked:Evade","floor":57},{"not_picked":[],"picked":"beaked:Cower","floor":59},{"not_picked":["beaked:Poke"],"picked":"SKIP","floor":61},{"not_picked":["beaked:FeelMyPain"],"picked":"SKIP","floor":64},{"not_picked":["beaked:SurvivalInstinct"],"picked":"SKIP","floor":65},{"not_picked":["beaked:BloodForTheGods"],"picked":"SKIP","floor":66},{"not_picked":[],"picked":"beaked:DarkPact","floor":67}],"player_experience":2633,"relics_obtained":[{"floor":8,"key":"Replay:PocketPolymizer"},{"floor":11,"key":"infinitespire:PuzzleCube"},{"floor":24,"key":"Replay:Kaleidoscope"},{"floor":30,"key":"Happy Flower"},{"floor":38,"key":"TungstenRod"},{"floor":41,"key":"Kunai"},{"floor":60,"key":"Snack Pack"}],"event_choices":[{"damage_healed":0,"gold_gain":0,"player_choice":"Inject Mutagens","damage_taken":0,"relics_obtained":["MutagenicStrength"],"max_hp_gain":0,"max_hp_loss":0,"event_name":"Drug Dealer","floor":20,"gold_loss":0},{"damage_healed":0,"gold_gain":0,"player_choice":"Simplicity","damage_taken":0,"max_hp_gain":0,"max_hp_loss":0,"event_name":"Back to Basics","floor":21,"gold_loss":0,"cards_upgraded":["beaked:Strike_Y","beaked:Strike_Y","beaked:Strike_Y","beaked:Strike_Y","beaked:Strike_Y","beaked:Strike_Y","beaked:Defend_Y","beaked:Defend_Y","beaked:Defend_Y","beaked:Defend_Y"]},{"damage_healed":0,"gold_gain":0,"player_choice":"Fight","damage_taken":0,"max_hp_gain":0,"max_hp_loss":0,"event_name":"Mysterious Sphere","floor":38,"gold_loss":0},{"damage_healed":0,"gold_gain":0,"player_choice":"Invest 1","damage_taken":0,"max_hp_gain":0,"max_hp_loss":0,"event_name":"conspire:Investor","floor":39,"gold_loss":0}],"is_beta":false,"boss_relics":[{"not_picked":["ChewingGum","ReplayTheSpireMod:DimensionalGlitch"],"picked":"infinitespire:Cupcake"},{"not_picked":["conspire:SlowCooker","conspire:SeveredTorchhead"],"picked":"Busted Crown"},{"not_picked":["Velvet Choker","Sozu"],"picked":"Tiny House"}],"items_purged_floors":[],"is_endless":true,"potions_floor_spawned":[2,8,13,16,18,22,33,35,36,40,46,48,53,59,66,67],"killed_by":"The Guardian","ascension_level":0}}