{"host":"yvlk1m4foro8gl4v","time":1609722229,"event":{"mods":["AchievementEnabler","Act Like it!","BaseMod","Minty Spire (QoL Compilation)","Relic Stats","StSLib","The Servant 0.9.4","Uncapped"],"gold_per_floor":[116,116,133,308,308,340,340,372,399,399,399,71,85,101,101,199,199,214,102,17,17,37,37,37,37,37,37,47,47,47],"floor_reached":29,"playtime":1056,"items_purged":["Doubt"],"score":330,"play_id":"91730cdd-5930-4ebd-b410-167a7be96a29","local_time":"20210104010348","is_ascension_mode":true,"campfire_choices":[{"data":"KidneyShot","floor":10,"key":"SMITH"},{"data":"Exchange","floor":15,"key":"SMITH"},{"data":"MurderousAura","floor":23,"key":"SMITH"},{"floor":27,"key":"REST"}],"circlet_count":0,"master_deck":["Defend_S","Defend_S","Defend_S+1","Defend_S","KidneyShot+1","Exchange+1","Misdirection+1","Moonlight","Ricochet","Contraction+1","MurderousAura+1","Unruled","Bandage Up+1","Defy+1","Bite","Bite","Bite","Bite","Bite"],"relics":["Uniform","NeowsBlessing","Shuriken","Toxic Egg 2","War Paint","Regal Pillow","Potion Belt","KneeBrace","PaperSwan","MysterySword","Kunai","Nilry\u0027s Codex","Gremlin Horn"],"acts_visited":["Exordium","TheCity"],"potions_floor_usage":[28,29],"damage_taken":[{"damage":0,"enemies":"Small Slimes","floor":1,"turns":1},{"damage":0,"enemies":"Jaw Worm","floor":3,"turns":1},{"damage":0,"enemies":"Lagavulin","floor":6,"turns":1},{"damage":17,"enemies":"Gremlin Nob","floor":8,"turns":4},{"damage":0,"enemies":"2 Louse","floor":13,"turns":1},{"damage":6,"enemies":"Looter","floor":14,"turns":3},{"damage":29,"enemies":"Hexaghost","floor":16,"turns":15},{"damage":11,"enemies":"Chosen","floor":18,"turns":5},{"damage":1,"enemies":"Spheric Guardian","floor":22,"turns":5},{"damage":21,"enemies":"Chosen and Byrds","floor":28,"turns":5},{"damage":0,"enemies":"Slavers","floor":29,"turns":1}],"seed_played":"3501430158514215520","potions_obtained":[{"floor":1,"key":"LiquidBronze"},{"floor":6,"key":"PowerPotion"},{"floor":22,"key":"Explosive Potion"},{"floor":28,"key":"SpeedPotion"}],"is_trial":false,"path_per_floor":["M","?","M","?","T","E","?","E","T","R","T","$","M","M","R","B",null,"M","$","?","?","M","R","?","$","T","R","M","E"],"character_chosen":"THE_SERVANT","items_purchased":["PaperSwan","Bandage Up+1","Defy+1"],"campfire_rested":1,"item_purchase_floors":[12,19,19],"current_hp_per_floor":[65,65,65,65,65,65,58,41,41,41,41,41,41,35,35,6,65,54,54,54,45,45,45,29,29,29,45,30,32,32],"gold":47,"neow_bonus":"THREE_ENEMY_KILL","is_daily":false,"chose_seed":false,"campfire_upgraded":3,"win_rate":0.0,"timestamp":1609722228,"path_taken":["M","?","M","?","?","E","?","E","T","R","?","$","?","M","R","BOSS","M","?","?","?","M","R","?","$","T","R","M","E"],"items_purchased_type":["Relic","Card","Card"],"build_version":"2020-12-22","purchased_purges":1,"victory":false,"max_hp_per_floor":[65,65,65,65,65,65,65,65,65,65,65,65,65,65,65,65,65,65,65,65,45,45,45,45,45,45,45,45,45,45],"relic_stats":{"Regal Pillow":3,"Gremlin Horn":[1,1],"counters":[11,42],"Shuriken":[7],"Kunai":[3],"War Paint":["Misdirection","Defend_S"],"obtain_stats":[{"Potion Belt":9,"Regal Pillow":8,"KneeBrace":11,"NeowsBlessing":0,"Gremlin Horn":26,"Nilry\u0027s Codex":24,"Uniform":0,"PaperSwan":12,"War Paint":6,"Shuriken":2,"MysterySword":17,"Kunai":20,"Toxic Egg 2":5},{"Potion Belt":4,"Regal Pillow":4,"KneeBrace":4,"NeowsBlessing":0,"Gremlin Horn":9,"Nilry\u0027s Codex":9,"Uniform":0,"PaperSwan":4,"War Paint":3,"Shuriken":1,"MysterySword":7,"Kunai":8,"Toxic Egg 2":2},{"Potion Belt":7,"Regal Pillow":7,"KneeBrace":7,"NeowsBlessing":0,"Gremlin Horn":36,"Nilry\u0027s Codex":36,"Uniform":0,"PaperSwan":7,"War Paint":3,"Shuriken":1,"MysterySword":26,"Kunai":31,"Toxic Egg 2":2}]},"card_choices":[{"not_picked":["FastForward","Starlight"],"picked":"Misdirection","floor":1},{"not_picked":["Replace","DoubleEdge","Starlight"],"picked":"SKIP","floor":3},{"not_picked":["Spin","Unruled"],"picked":"Moonlight","floor":6},{"not_picked":["Shuttle+1","RealityMarble"],"picked":"Ricochet","floor":8},{"not_picked":["Sabotage","Unruled","StarChef"],"picked":"SKIP","floor":13},{"not_picked":["Rewind+1","DoubleEdge"],"picked":"Contraction+1","floor":14},{"not_picked":["Sunlight","Duplication+1"],"picked":"MurderousAura","floor":16},{"not_picked":["FastForward+1","DoubleEdge"],"picked":"Unruled","floor":18},{"not_picked":["WasteNot","Replace+1","Potential"],"picked":"SKIP","floor":22},{"not_picked":["WasteNot+1","Spin","Unruled+1"],"picked":"SKIP","floor":28}],"player_experience":716911,"relics_obtained":[{"floor":5,"key":"Toxic Egg 2"},{"floor":6,"key":"War Paint"},{"floor":8,"key":"Regal Pillow"},{"floor":9,"key":"Potion Belt"},{"floor":11,"key":"KneeBrace"},{"floor":24,"key":"Nilry\u0027s Codex"},{"floor":26,"key":"Gremlin Horn"}],"event_choices":[{"damage_healed":0,"gold_gain":0,"player_choice":"Box","damage_taken":0,"relics_obtained":["Shuriken"],"max_hp_gain":0,"max_hp_loss":0,"event_name":"Big Fish","floor":2,"gold_loss":0,"cards_obtained":["Regret"]},{"damage_healed":0,"gold_gain":175,"player_choice":"AGREE","damage_taken":0,"max_hp_gain":0,"max_hp_loss":0,"event_name":"Liars Game","floor":4,"gold_loss":0,"cards_obtained":["Doubt"]},{"cards_removed":["Regret"],"damage_healed":0,"gold_gain":0,"player_choice":"Card Removal","damage_taken":7,"max_hp_gain":0,"max_hp_loss":0,"event_name":"Golden Wing","floor":7,"gold_loss":0},{"damage_healed":0,"gold_gain":0,"player_choice":"Obtained Relic","damage_taken":0,"relics_obtained":["Kunai"],"max_hp_gain":0,"max_hp_loss":0,"event_name":"Addict","floor":20,"gold_loss":85},{"damage_healed":0,"gold_gain":0,"player_choice":"Became a vampire","damage_taken":0,"max_hp_gain":0,"max_hp_loss":20,"event_name":"Vampires","floor":21,"gold_loss":0,"cards_obtained":["Bite","Bite","Bite","Bite","Bite"]},{"damage_healed":0,"gold_gain":0,"player_choice":"Obtained Book","damage_taken":16,"max_hp_gain":0,"max_hp_loss":0,"event_name":"Cursed Tome","floor":24,"gold_loss":0}],"is_beta":false,"boss_relics":[{"not_picked":["Busted Crown","Velvet Choker"],"picked":"MysterySword"}],"items_purged_floors":[12],"is_endless":false,"potions_floor_spawned":[1,6,22,28],"killed_by":"Slavers","ascension_level":4}}