{"host":"ylxam20yo7j5dy26","time":1609749798,"event":{"mods":["ATMod(°¢èªMod)","Act Like it!","BaseMod","Conspire","Downfall","Gensokyo","Infinite Spire","Minty Spire (QoL Compilation)","Quick Restart","Replay The Spire","StSLib","UnlockEverythingMod","vexMod","¡¾ÒÅÎï¿¨ÅÆ¡¿REMEMod"],"gold_per_floor":[99,99,99,99,49,78,103,122,156,66,16,24,24,0,33,42,42],"floor_reached":16,"playtime":1032,"items_purged":["infinitespire:Pacifist"],"score":129,"play_id":"7f130fce-060f-4e06-b37a-7d7999c1c2ff","local_time":"20210104164318","is_ascension_mode":false,"campfire_choices":[{"floor":1,"key":"RECALL"},{"floor":13,"key":"REST"}],"circlet_count":0,"master_deck":["Strike_G","Strike_G","Strike_G","Strike_G","Strike_G","Defend_G","Defend_G","Defend_G","Defend_G","Defend_G","Survivor","Neutralize","Hidden Blade","infinitespire:Execution","Crippling Poison","Dagger Spray","ReplayTheSpireMod:Speed Training","Blur","ReplayTheSpireMod:Shiv Toss","conspire:SpireCoStock","conspire:DoublingDagger","Slimebound:Prepare","Footwork","Outmaneuver"],"relics":["Ring of the Snake","AT_ATBox","REME_ComplimentaryCards","downfall:HeartsMalice","Pantograph","REME_PoisonedDagger"],"acts_visited":["Exordium"],"potions_floor_usage":[8,16],"damage_taken":[{"damage":0,"enemies":"Small Slimes","floor":2,"turns":1},{"damage":0,"enemies":"Jaw Worm","floor":4,"turns":1},{"damage":0,"enemies":"Lagavulin","floor":6,"turns":1},{"damage":1,"enemies":"Cultist","floor":8,"turns":3},{"damage":13,"enemies":"Replay:BlueRogue","floor":9,"turns":8},{"damage":10,"enemies":"downfall:FleeingMerchant","floor":10,"turns":4},{"damage":9,"enemies":"downfall:FleeingMerchant","floor":12,"turns":4},{"damage":4,"enemies":"Looter","floor":14,"turns":4},{"damage":13,"enemies":"Lots of Slimes","floor":15,"turns":3},{"damage":95,"enemies":"Fading Forest","floor":16,"turns":10}],"seed_played":"5524402898586369242","potions_obtained":[{"floor":6,"key":"Fire Potion"},{"floor":15,"key":"Adrenaline Potion"}],"is_trial":false,"path_per_floor":["R","M","?","M","?","E","T","M","E","$","?","$","R","M","M","B"],"character_chosen":"THE_SILENT","items_purchased":[],"campfire_rested":1,"item_purchase_floors":[],"current_hp_per_floor":[70,70,70,70,70,70,70,69,56,46,46,37,58,54,41,0,0],"gold":42,"neow_bonus":"THREE_ENEMY_KILL","is_daily":false,"chose_seed":false,"campfire_upgraded":0,"win_rate":0.0,"timestamp":1609749798,"path_taken":["R","M","?","M","?","E","T","M","E","$","?","?","R","?","M","BOSS"],"items_purchased_type":[],"build_version":"2020-12-22","purchased_purges":1,"victory":false,"max_hp_per_floor":[70,70,70,70,70,70,70,70,70,70,70,70,70,70,70,70,70],"card_choices":[{"not_picked":["AT_WindFlip","Backflip"],"picked":"Hidden Blade","floor":2},{"not_picked":["ReplayTheSpireMod:Haul","infinitespire:Punishment"],"picked":"infinitespire:Execution","floor":3},{"not_picked":["Hidden Blade","Tactician"],"picked":"Crippling Poison","floor":4},{"not_picked":["Backflip","Slice"],"picked":"Dagger Spray","floor":6},{"not_picked":["AT_TinkerSharpsword","Dagger Throw"],"picked":"ReplayTheSpireMod:Speed Training","floor":8},{"not_picked":["Reflex","AT_TwilightShroud"],"picked":"Blur","floor":9},{"not_picked":["Deadly Poison","AT_TwilightShroud"],"picked":"ReplayTheSpireMod:Shiv Toss","floor":10},{"not_picked":["Accuracy","Heel Hook"],"picked":"conspire:DoublingDagger","floor":12},{"not_picked":["Draining Mist","Heel Hook"],"picked":"Footwork","floor":14},{"not_picked":["Quick Slash","AT_TwilightShroud"],"picked":"Outmaneuver","floor":15}],"player_experience":18633,"relics_obtained":[{"floor":6,"key":"Pantograph"},{"floor":9,"key":"REME_PoisonedDagger"}],"event_choices":[{"cards_removed":["Guardian:Aged"],"damage_healed":0,"gold_gain":0,"player_choice":"Card Removal","damage_taken":0,"max_hp_gain":0,"max_hp_loss":0,"event_name":"The Cleric","floor":5,"gold_loss":50},{"damage_healed":0,"gold_gain":0,"player_choice":"Invest 1","damage_taken":0,"max_hp_gain":0,"max_hp_loss":0,"event_name":"conspire:Investor","floor":11,"gold_loss":0}],"is_beta":false,"boss_relics":[],"items_purged_floors":[10],"is_endless":false,"potions_floor_spawned":[6,15],"killed_by":"Fading Forest","ascension_level":0}}