{"host":"c936que3p8rnl5ii","time":1609803436,"event":{"mods":["AchievementEnabler","BaseMod","Block Reminder","Colored Powertips","DeckTracker","Minty Spire (QoL Compilation)","Quick Restart","StSLib"],"gold_per_floor":[359,359,52,71,108,108,140,105,156,156,175,144,144,144,144,248,248,262,275,310,310,15,15,42,58,83,83,111,211,136,151,151,248,248,265,33,33,33,33,33,48,75,75,125,450,450,450,463,463,463],"floor_reached":51,"playtime":4024,"items_purged":[],"score":771,"play_id":"fc3b9660-0099-4c83-b887-d3e3005dc493","local_time":"20210104183716","is_ascension_mode":true,"campfire_choices":[{"data":"Body Slam","floor":6.0,"key":"SMITH"},{"data":"Dark Embrace","floor":10.0,"key":"SMITH"},{"data":"Shrug It Off","floor":13.0,"key":"SMITH"},{"data":"Perfected Strike","floor":15.0,"key":"SMITH"},{"data":"Bash","floor":23,"key":"SMITH"},{"data":"Pommel Strike","floor":27,"key":"SMITH"},{"data":"Metallicize","floor":32,"key":"SMITH"},{"data":"Juggernaut","floor":40,"key":"SMITH"},{"data":"Metallicize","floor":49,"key":"SMITH"}],"circlet_count":0,"master_deck":["Strike_R","Strike_R","Strike_R+1","Strike_R","Strike_R","Defend_R","Defend_R","Defend_R","Bash+1","Perfected Strike+1","Metallicize","Body Slam+1","Intimidate","Dark Embrace+1","Impervious","Cleave","Fiend Fire","Metallicize+1","Inflame+1","Pommel Strike+1","Twin Strike","Power Through+1","Cleave+1","Offering","Juggernaut+1","Havoc+1","Carnage+1","Sentinel","Metallicize+1","Body Slam+1","Spot Weakness+1","Perfected Strike"],"relics":["Black Blood","Toolbox","Orichalcum","Bag of Preparation","Red Mask","MutagenicStrength","Paper Frog","Anchor","Tiny Chest","Pocketwatch","FossilizedHelix","Bottled Tornado","Busted Crown","The Courier","Bottled Flame","Juzu Bracelet","StoneCalendar","Old Coin","Whetstone"],"acts_visited":["Exordium","TheCity","TheBeyond"],"potions_floor_usage":[18,24,29,31,33,44,45,50],"damage_taken":[{"damage":2.0,"enemies":"Small Slimes","floor":1.0,"turns":3.0},{"damage":4.0,"enemies":"Cultist","floor":4.0,"turns":5.0},{"damage":1.0,"enemies":"2 Louse","floor":5.0,"turns":2.0},{"damage":20.0,"enemies":"Gremlin Nob","floor":7.0,"turns":5.0},{"damage":7.0,"enemies":"Blue Slaver","floor":11.0,"turns":3.0},{"damage":26,"enemies":"Hexaghost","floor":16,"turns":12},{"damage":7,"enemies":"3 Byrds","floor":18,"turns":8},{"damage":12,"enemies":"Spheric Guardian","floor":19,"turns":4},{"damage":24,"enemies":"Masked Bandits","floor":20,"turns":4},{"damage":6,"enemies":"Gremlin Leader","floor":24,"turns":5},{"damage":12,"enemies":"Shelled Parasite and Fungi","floor":25,"turns":5},{"damage":21,"enemies":"Book of Stabbing","floor":28,"turns":5},{"damage":8,"enemies":"Colosseum Slavers","floor":29,"turns":3},{"damage":0,"enemies":"Colosseum Nobs","floor":29,"turns":4},{"damage":0,"enemies":"Chosen and Byrds","floor":31,"turns":4},{"damage":63,"enemies":"Collector","floor":33,"turns":6},{"damage":0,"enemies":"Orb Walker","floor":35,"turns":3},{"damage":10,"enemies":"3 Shapes","floor":41,"turns":4},{"damage":3,"enemies":"Nemesis","floor":42,"turns":3},{"damage":0,"enemies":"2 Orb Walkers","floor":44,"turns":3},{"damage":9,"enemies":"Giant Head","floor":45,"turns":4},{"damage":12,"enemies":"Spire Growth","floor":48,"turns":4},{"damage":108,"enemies":"Awakened One","floor":50,"turns":8}],"seed_played":"642905598967148801","potions_obtained":[{"floor":7.0,"key":"Swift Potion"},{"floor":19,"key":"BlessingOfTheForge"},{"floor":28,"key":"FairyPotion"},{"floor":29,"key":"LiquidMemories"},{"floor":31,"key":"Strength Potion"},{"floor":41,"key":"BlessingOfTheForge"},{"floor":44,"key":"SpeedPotion"}],"is_trial":false,"path_per_floor":["M","?","$","M","M","R","E","?","T","R","M","?","R","?","R","B",null,"M","M","?","?","$","R","E","M","T","R","E","?","?","M","R","B",null,"M","$","T","?","?","R","M","E","T","?","E","T","?","M","R","B",null],"character_chosen":"IRONCLAD","items_purchased":["Toolbox","Shrug It Off","Metallicize","Body Slam","Paper Frog","Block Potion","FearPotion","Carnage","Sentinel","Metallicize"],"campfire_rested":0,"item_purchase_floors":[3,3,3,3,22,22,36,36,36,36],"current_hp_per_floor":[80,80,80,80,80,80,66,80,80,80,79,79,79,79,79,59,80,80,80,68,68,68,68,74,74,74,74,65,80,80,80,80,29,80,80,80,80,80,80,80,80,80,80,80,80,80,80,80,80,36],"gold":463,"neow_bonus":"TWO_FIFTY_GOLD","is_daily":false,"chose_seed":false,"campfire_upgraded":9,"win_rate":0.0,"timestamp":1609803436,"path_taken":["M","?","$","M","?","R","E","?","T","R","M","?","R","?","R","BOSS","M","M","?","?","$","R","E","M","T","R","E","?","?","?","R","BOSS","M","$","?","?","?","R","M","E","T","?","E","?","?","M","R","BOSS"],"items_purchased_type":["Relic","Card","Card","Card","Relic","Potion","Potion","Card","Card","Card"],"build_version":"2020-12-22","purchased_purges":0,"victory":true,"max_hp_per_floor":[80,80,80,80,80,80,80,80,80,80,80,80,80,80,80,80,80,80,80,80,80,80,80,80,80,80,80,80,80,80,80,80,80,80,80,80,80,80,80,80,80,80,80,80,80,80,80,80,80,80],"card_choices":[{"not_picked":["Armaments","Dual Wield"],"picked":"Perfected Strike","floor":1.0},{"not_picked":["Shrug It Off","Havoc"],"picked":"Intimidate","floor":4.0},{"not_picked":["Warcry","Shockwave"],"picked":"Dark Embrace","floor":5.0},{"not_picked":["Headbutt","Disarm"],"picked":"Impervious","floor":7.0},{"not_picked":["Clash","Dark Embrace"],"picked":"Cleave","floor":11.0},{"not_picked":["Reaper","Bludgeon"],"picked":"Fiend Fire","floor":16},{"not_picked":["Cleave","Wild Strike"],"picked":"Metallicize","floor":18},{"not_picked":["Wild Strike","Heavy Blade"],"picked":"Inflame+1","floor":19},{"not_picked":["Clash","Havoc+1"],"picked":"Pommel Strike","floor":20},{"not_picked":["Body Slam","Double Tap"],"picked":"Twin Strike","floor":24},{"not_picked":["Headbutt+1","Burning Pact"],"picked":"Power Through+1","floor":25},{"not_picked":["True Grit+1","Sever Soul"],"picked":"Cleave+1","floor":28},{"not_picked":["Cleave+1","Blood for Blood"],"picked":"Offering","floor":31},{"not_picked":["Immolate","Bludgeon"],"picked":"Juggernaut","floor":33},{"not_picked":[],"picked":"Havoc+1","floor":35},{"not_picked":["Sword Boomerang"],"picked":"SKIP","floor":41},{"not_picked":[],"picked":"Spot Weakness+1","floor":42},{"not_picked":[],"picked":"Perfected Strike","floor":44},{"not_picked":[],"picked":"Dual Wield+1","floor":45},{"not_picked":["Havoc"],"picked":"SKIP","floor":48}],"player_experience":112766,"relics_obtained":[{"floor":7.0,"key":"Orichalcum"},{"floor":9.0,"key":"Bag of Preparation"},{"floor":20,"key":"Red Mask"},{"floor":24,"key":"Anchor"},{"floor":26,"key":"Tiny Chest"},{"floor":28,"key":"Pocketwatch"},{"floor":29,"key":"FossilizedHelix"},{"floor":29,"key":"Bottled Tornado"},{"floor":37,"key":"The Courier"},{"floor":42,"key":"Bottled Flame"},{"floor":43,"key":"Juzu Bracelet"},{"floor":44,"key":"StoneCalendar"},{"floor":45,"key":"Old Coin"},{"floor":46,"key":"Whetstone"}],"event_choices":[{"cards_removed":["Injury"],"damage_healed":0.0,"max_hp_gain":0.0,"max_hp_loss":0.0,"gold_gain":0.0,"event_name":"Purifier","player_choice":"Purged","floor":2.0,"gold_loss":0.0,"damage_taken":0.0},{"damage_healed":20.0,"max_hp_gain":0.0,"max_hp_loss":0.0,"gold_gain":0.0,"event_name":"The Cleric","player_choice":"Healed","floor":8.0,"gold_loss":35.0,"damage_taken":0.0},{"damage_healed":0.0,"max_hp_gain":0.0,"max_hp_loss":0.0,"gold_gain":0.0,"event_name":"World of Goop","player_choice":"Left Gold","floor":12.0,"gold_loss":31.0,"damage_taken":0.0},{"damage_healed":0.0,"max_hp_gain":0.0,"max_hp_loss":0.0,"gold_gain":0.0,"event_name":"Golden Wing","player_choice":"Ignored","floor":14.0,"gold_loss":0.0,"damage_taken":0.0},{"damage_healed":0,"gold_gain":0,"player_choice":"Fought Bandits","damage_taken":0,"max_hp_gain":0,"max_hp_loss":0,"event_name":"Masked Bandits","floor":20,"gold_loss":0},{"damage_healed":0,"gold_gain":0,"player_choice":"Inject Mutagens","damage_taken":0,"relics_obtained":["MutagenicStrength"],"max_hp_gain":0,"max_hp_loss":0,"event_name":"Drug Dealer","floor":21,"gold_loss":0},{"damage_healed":0,"gold_gain":0,"player_choice":"Fight","damage_taken":0,"max_hp_gain":0,"max_hp_loss":0,"event_name":"Colosseum","floor":29,"gold_loss":0},{"damage_healed":0,"gold_gain":0,"player_choice":"Fought Nobs","damage_taken":0,"max_hp_gain":0,"max_hp_loss":0,"event_name":"Colosseum","floor":29,"gold_loss":0},{"cards_removed":["Defend_R"],"damage_healed":0,"gold_gain":0,"player_choice":"Gave Gold","damage_taken":0,"max_hp_gain":0,"max_hp_loss":0,"event_name":"Beggar","floor":30,"gold_loss":75},{"cards_removed":["Shrug It Off"],"damage_healed":0,"gold_gain":0,"player_choice":"Removed Skill","damage_taken":0,"max_hp_gain":0,"max_hp_loss":0,"event_name":"Falling","floor":38,"gold_loss":0},{"damage_healed":0,"gold_gain":0,"player_choice":"Copied","damage_taken":0,"max_hp_gain":0,"max_hp_loss":0,"event_name":"Duplicator","floor":39,"gold_loss":0,"cards_obtained":["Body Slam"]},{"damage_healed":0,"gold_gain":0,"player_choice":"Fight","damage_taken":0,"max_hp_gain":0,"max_hp_loss":0,"event_name":"Mysterious Sphere","floor":44,"gold_loss":0},{"cards_removed":["Dual Wield"],"damage_healed":0,"gold_gain":0,"player_choice":"Offered Uncommon","damage_taken":0,"max_hp_gain":0,"max_hp_loss":0,"event_name":"Bonfire Elementals","floor":47,"gold_loss":0}],"is_beta":false,"boss_relics":[{"not_picked":["Tiny House","SlaversCollar"],"picked":"Black Blood"},{"not_picked":["Fusion Hammer","SacredBark"],"picked":"Busted Crown"}],"items_purged_floors":[],"is_endless":false,"potions_floor_spawned":[7,19,28,29,29,31,41,44],"ascension_level":1}}