{"host":"h5acbxt0wmjo1kpm","time":1609749841,"event":{"mods":["2.2 Compatiblity","Act Like it!","AlwaysNeverKeys","Aspiration","Bard","Bartender","BaseMod","Better Third Choice","Colored Map","Elementarium","Gensokyo","GifTheSpireLib","Hallownest","Marisa????????","Menagerie","Minty Spire (QoL Compilation)","Permanent Neow","Potionbrewer","Relic Filter","Replay The Spire","Robot Space Explorer","RumiaBox-????????","Shade Mod","Spicy Shops","StSLib","Strawberry Spire","The Blackbeard","The Dragon Tamer","The Forsaken","The Gatherer","The Problem Sleuth","The Servant 0.9.4","Wandering Minibosses","vexMod"],"gold_per_floor":[115,127,127,147,167,193,193,193,220,263,114,150,150,165,165,286,286,310,310,333,333,333,373,373,408,487,507,542,557,580,505,505,630,630,655,674,674,697,394,427,25,60,85,85,106,149,172,172,172,172,172,172,14,45,45],"floor_reached":56,"playtime":3196,"items_purged":["Shade:Strike_Shade","Regret"],"score":2076,"play_id":"23d15440-6639-429d-b6d2-4b8503697887","local_time":"20210104004401","is_ascension_mode":true,"campfire_choices":[{"data":"Shade:OneIsEnough","floor":7.0,"key":"SMITH"},{"data":"Shade:GreaterAnimation","floor":24.0,"key":"SMITH"},{"data":"Shade:GreaterAnimation","floor":32.0,"key":"SMITH"},{"floor":44.0,"key":"RECALL"},{"data":"Shade:OfferingToTheBeyond","floor":49.0,"key":"SMITH"},{"data":"Shade:LichForm","floor":52.0,"key":"SMITH"}],"circlet_count":0,"master_deck":["Shade:Strike_Shade+1","Shade:Strike_Shade","Shade:Strike_Shade","Shade:Defend_Shade","Shade:Defend_Shade","Shade:Defend_Shade","Shade:AnimateDead","Shade:CarefulCut","Shade:OneIsEnough+1","Shade:ExtraLimbs+1","Shade:Frenzy","Shade:FeralStrike","Shade:PoundOfFlesh","Shade:ClawBack","Shade:Putrefaction+1","Shade:SpectralStrikes+1","Shade:OfferingToTheBeyond+1","Menagerie:Skullclamp","Shade:RavenousHorde","Shade:GreaterAnimation+1","Shade:Frenzy+1","Elementarium:FireblessedBlade","Elementarium:WindblessedBlade","Elementarium:EarthblessedBlade","Elementarium:IceblessedBlade+1","Elementarium:VoidblessedBlade+1","strawberrySpire:Disreguard","Flash of Steel","Shade:GreaterAnimation+1","Shade:ClawBack","Shade:DarkOfNight","Shade:OminousRitual","Shade:Frenzy+1","Shade:SoulPierce","Shade:SoulPierce+1","Shade:DarkOfNight","Shade:LichForm+1","Shade:PotionOfRestlessness","Shade:ScuttlingHand","Shade:Bite_Shade","Elementarium:VoidblessedBlade+1","Elementarium:VoidblessedBlade+1","Elementarium:VoidblessedBlade+1","Elementarium:VoidblessedBlade+1","Elementarium:VoidblessedBlade+1","Shade:DarkOfNight","Shade:FuneraryArmor"],"relics":["Shade:YorickSkull","ChaoDraw","Golden Idol","Anchor","potionbrewer:MortarAndPestle","vexMod:HeadHunter","Replay:Wax Seal","SlaversCollar","Chameleon Ring","aspiration:StickyExplosives","TungstenRod","wanderingMiniBosses:Inkheart","Elementarium:ElementariumTrophy","vexMod:ImprovementManual","GodSword5","theForsaken:Lifeblossom","Medical Kit","Pen Nib","Vajra","vexMod:InvisibilityCloak","Torii","Blue Doll","theForsaken:Gavel","strawberrySpire:BrokenPrinter","strawberrySpire:Treaders"],"acts_visited":["Menagerie:Menagerie","Elementarium:Elementarium","TheBeyond","TheEnding"],"potions_floor_usage":[],"damage_taken":[{"damage":0.0,"enemies":"Menagerie:2_RABBITS","floor":1.0,"turns":4.0},{"damage":0.0,"enemies":"Menagerie:StygianBoar","floor":2.0,"turns":2.0},{"damage":1.0,"enemies":"Menagerie:WhisperingWraith","floor":4.0,"turns":3.0},{"damage":3.0,"enemies":"Menagerie:EntropyWarlock","floor":5.0,"turns":6.0},{"damage":2.0,"enemies":"Menagerie:MaskedSummoner","floor":6.0,"turns":9.0},{"damage":8.0,"enemies":"Menagerie:Hydra","floor":10.0,"turns":4.0},{"damage":19.0,"enemies":"Menagerie:VoidReaper","floor":12.0,"turns":4.0},{"damage":0.0,"enemies":"Menagerie:KEEPER_AND_YOUNG_SUNEATER","floor":14.0,"turns":2.0},{"damage":16.0,"enemies":"Menagerie:Suneater","floor":16.0,"turns":6.0},{"damage":0.0,"enemies":"Elementarium:2_ELEMENTALS","floor":18.0,"turns":2.0},{"damage":0.0,"enemies":"Elementarium:MUD_AND_TAR_GOLEMS","floor":20.0,"turns":3.0},{"damage":0.0,"enemies":"Elementarium:ElementalPortal","floor":23.0,"turns":4.0},{"damage":0.0,"enemies":"Elementarium:WarGolem","floor":25.0,"turns":3.0},{"damage":0.0,"enemies":"Elementarium:RubyGolem","floor":27.0,"turns":2.0},{"damage":12.0,"enemies":"Elementarium:FIRE_NOBILITY","floor":28.0,"turns":5.0},{"damage":11.0,"enemies":"Elementarium:3_ELEMENTALS","floor":29.0,"turns":6.0},{"damage":0.0,"enemies":"Elementarium:CYCLONE_AND_LIVING_STORMCLOUD","floor":30.0,"turns":3.0},{"damage":8.0,"enemies":"Elementarium:PHOENIXES","floor":33.0,"turns":6.0},{"damage":0.0,"enemies":"3 Darklings","floor":35.0,"turns":3.0},{"damage":0.0,"enemies":"3 Shapes","floor":36.0,"turns":4.0},{"damage":0.0,"enemies":"3 Darklings","floor":38.0,"turns":3.0},{"damage":0.0,"enemies":"Giant Head","floor":40.0,"turns":5.0},{"damage":0.0,"enemies":"Nemesis","floor":42.0,"turns":3.0},{"damage":0.0,"enemies":"Writhing Mass","floor":45.0,"turns":4.0},{"damage":0.0,"enemies":"strawberrySpire:EssenceStones","floor":46.0,"turns":1.0},{"damage":0.0,"enemies":"Maw","floor":47.0,"turns":6.0},{"damage":0.0,"enemies":"Donu and Deca","floor":50.0,"turns":4.0},{"damage":0,"enemies":"Shield and Spear","floor":54,"turns":3},{"damage":0,"enemies":"The Heart","floor":55,"turns":5}],"seed_played":"-4787304818573301241","potions_obtained":[{"floor":2.0,"key":"potionbrewer:InfectionPotion"},{"floor":4.0,"key":"SkillPotion"},{"floor":5.0,"key":"SneckoOil"},{"floor":12.0,"key":"ColorlessPotion"},{"floor":28.0,"key":"potionbrewer:ToxicPotion"},{"floor":33.0,"key":"potionbrewer:EndurancePotion"},{"floor":35.0,"key":"Weak Potion"}],"is_trial":false,"path_per_floor":["M","M","?","M","M","E","R","?","T","E","$","E","?","M","R_BF","B",null,"M","?","M","?","?","E","R","E","T","M","E","M","M","$","R","B",null,"M","M","?","M","$","E","$","E","T","R","M","E","M","?","R","B",null,"R","$","E","B",null],"character_chosen":"SHADE","items_purchased":["vexMod:HeadHunter","Shade:SpectralStrikes","theForsaken:Lifeblossom","Medical Kit","Vajra","vexMod:InvisibilityCloak","strawberrySpire:BrokenPrinter"],"campfire_rested":0,"item_purchase_floors":[11,11,39,39,41,41,53],"current_hp_per_floor":[59,59,54,53,50,48,48,48,48,40,40,21,21,21,39,23,51,51,36,36,36,36,36,36,36,36,36,24,13,13,13,13,5,28,28,28,28,28,28,34,34,36,36,36,36,36,36,36,36,36,36,36,36,36,36],"gold":45,"neow_bonus":"ONE_RANDOM_RARE_CARD","is_daily":false,"chose_seed":false,"campfire_upgraded":5,"win_rate":0.0,"timestamp":1609749841,"path_taken":["M","?","?","?","M","E","R","?","T","E","$","E","?","M","R_BF","BOSS","M","?","M","?","?","E","R","E","T","M","E","M","M","$","R","BOSS","M","M","?","M","$","E","$","E","T","R","?","E","M","?","R","BOSS","R","$","E","BOSS"],"items_purchased_type":["Relic","Card","Relic","Relic","Relic","Relic","Relic"],"build_version":"2020-12-22","purchased_purges":2,"victory":true,"max_hp_per_floor":[65,65,65,65,65,65,65,60,60,60,60,60,60,60,60,60,60,60,36,36,36,36,36,36,36,36,36,36,36,36,36,36,36,36,36,36,36,36,36,36,36,36,36,36,36,36,36,36,36,36,36,36,36,36,36],"card_choices":[{"not_picked":["Shade:SkeletonHug","Shade:GreyBargain"],"picked":"Shade:ExtraLimbs","floor":1.0},{"not_picked":["Shade:SensePrey","Shade:SkeletonHug"],"picked":"Shade:Frenzy","floor":2.0},{"not_picked":["Shade:Bonestorm","Shade:BoneShards"],"picked":"Shade:FeralStrike","floor":4.0},{"not_picked":["Shade:LyeBath","Shade:CallWraith"],"picked":"Shade:PoundOfFlesh","floor":5.0},{"not_picked":["Shade:AncientSpear","Shade:Trample"],"picked":"Shade:ClawBack","floor":6.0},{"not_picked":["Shade:ScuttlingHand","Shade:ExtraLimbs"],"picked":"Shade:Putrefaction","floor":10.0},{"not_picked":["Shade:BoneShards","Shade:Brains"],"picked":"Shade:OfferingToTheBeyond","floor":12.0},{"not_picked":["Menagerie:Tinker","Menagerie:DarkRitual"],"picked":"Menagerie:Skullclamp","floor":13.0},{"not_picked":["Shade:FingerOfDeath","Shade:SkeletonHug"],"picked":"Shade:RavenousHorde","floor":14.0},{"not_picked":["Shade:Coordination","Shade:Tombstone"],"picked":"Shade:GreaterAnimation","floor":16.0},{"not_picked":["Shade:FreshBones","Shade:FingerOfDeath+1"],"picked":"Shade:Frenzy+1","floor":18.0},{"not_picked":["Shade:CloudOfShrapnel","Shade:FreshBones","Shade:SkeletonHug"],"picked":"SKIP","floor":20.0},{"not_picked":["Enlightenment","Purity"],"picked":"strawberrySpire:Disreguard","floor":22.0},{"not_picked":["Good Instincts","Metamorphosis"],"picked":"Flash of Steel","floor":22.0},{"not_picked":["Shade:Coordination","Shade:MadHubris"],"picked":"Shade:GreaterAnimation","floor":23.0},{"not_picked":["Shade:Consume","Shade:Brains+1"],"picked":"Shade:ClawBack","floor":23.0},{"not_picked":["Shade:Consume","Shade:OneIsEnough"],"picked":"Shade:DarkOfNight","floor":25.0},{"not_picked":["Shade:LyeBath+1","Shade:AncientSpear"],"picked":"Shade:OminousRitual","floor":25.0},{"not_picked":["Shade:FuneraryJewels","Shade:ExtraLimbs"],"picked":"Shade:Frenzy+1","floor":27.0},{"not_picked":["Shade:Coordination","Shade:OfferingToTheBeyond"],"picked":"Shade:SoulPierce","floor":28.0},{"not_picked":["Shade:SkeletonHug","Shade:AncientSpear","Shade:FleshToFlesh"],"picked":"SKIP","floor":28.0},{"not_picked":["Shade:GreyBargain","Shade:CloudOfShrapnel+1","Shade:FuneraryArmor+1"],"picked":"SKIP","floor":29.0},{"not_picked":["Shade:SkeletonArmy","Shade:Haruspicy+1","Shade:Trample"],"picked":"SKIP","floor":30.0},{"not_picked":["Shade:LoseControl","Shade:Coordination"],"picked":"Shade:SoulPierce","floor":33.0},{"not_picked":["Shade:TouchOfTheGrave","Shade:Bonestorm+1","Shade:FeralStrike+1"],"picked":"SKIP","floor":35.0},{"not_picked":["Shade:Brains","Shade:BoneShards","Shade:RavenousHorde+1"],"picked":"SKIP","floor":36.0},{"not_picked":["Shade:LoseControl","Shade:BoneShards","Shade:FleshToFlesh"],"picked":"SKIP","floor":38.0},{"not_picked":["Shade:GreyBargain","Shade:MadHubris"],"picked":"Shade:DarkOfNight","floor":40.0},{"not_picked":["Shade:OminousRitual","Shade:Consume","Shade:SoulPierce"],"picked":"SKIP","floor":40.0},{"not_picked":["Shade:LoseControl","Shade:SoulPierce"],"picked":"Shade:LichForm","floor":42.0},{"not_picked":["Shade:CoffinDance+1","Shade:WallOfFlesh+1"],"picked":"Shade:PotionOfRestlessness","floor":42.0},{"not_picked":["Shade:FreshBones","Shade:AuraOfUnlife"],"picked":"Shade:ScuttlingHand","floor":45.0},{"not_picked":["Shade:Putrefaction","Shade:Coordination","Shade:Consume"],"picked":"SKIP","floor":46.0},{"not_picked":["Shade:SensePrey+1","Shade:Premonition","Shade:BoneShards"],"picked":"SKIP","floor":46.0},{"not_picked":["Shade:AuraOfUnlife","Shade:BoneShards"],"picked":"Shade:Bite_Shade","floor":47.0},{"not_picked":["Shade:MadHubris","Shade:UnbarTheGrave"],"picked":"Shade:DarkOfNight","floor":54},{"not_picked":["Shade:RitualOffering","Shade:SkeletonHug+1"],"picked":"Shade:FuneraryArmor","floor":54}],"player_experience":2033645,"relics_obtained":[{"floor":6.0,"key":"ChaoDraw"},{"floor":9.0,"key":"Anchor"},{"floor":10.0,"key":"potionbrewer:MortarAndPestle"},{"floor":12.0,"key":"Replay:Wax Seal"},{"floor":23.0,"key":"Chameleon Ring"},{"floor":25.0,"key":"aspiration:StickyExplosives"},{"floor":28.0,"key":"TungstenRod"},{"floor":29.0,"key":"wanderingMiniBosses:Inkheart"},{"floor":37.0,"key":"GodSword5"},{"floor":40.0,"key":"Pen Nib"},{"floor":42.0,"key":"Torii"},{"floor":43.0,"key":"Blue Doll"},{"floor":46.0,"key":"theForsaken:Gavel"},{"floor":54,"key":"strawberrySpire:Treaders"}],"event_choices":[{"damage_healed":0.0,"max_hp_gain":0.0,"max_hp_loss":5.0,"gold_gain":0.0,"event_name":"Menagerie:HarrowingRitual","player_choice":"Accept","floor":3.0,"gold_loss":0.0,"damage_taken":0.0,"cards_upgraded":["Shade:Strike_Shade"]},{"damage_healed":0.0,"max_hp_gain":0.0,"max_hp_loss":5.0,"gold_gain":0.0,"event_name":"Golden Idol","player_choice":"Lose Max HP","floor":8.0,"gold_loss":0.0,"damage_taken":0.0,"relics_obtained":["Golden Idol"]},{"damage_healed":0.0,"max_hp_gain":0.0,"max_hp_loss":0.0,"gold_gain":0.0,"event_name":"Menagerie:OvergrownLibrary","player_choice":"Peek","floor":13.0,"gold_loss":0.0,"damage_taken":0.0},{"damage_healed":0.0,"max_hp_gain":0.0,"max_hp_loss":24.0,"gold_gain":0.0,"event_name":"Elementarium:ElementalBlades","player_choice":"Touch","floor":19.0,"gold_loss":0.0,"damage_taken":0.0,"cards_obtained":["Elementarium:FireblessedBlade","Elementarium:WindblessedBlade","Elementarium:EarthblessedBlade","Elementarium:IceblessedBlade","Elementarium:VoidblessedBlade"]},{"damage_healed":0.0,"max_hp_gain":0.0,"max_hp_loss":0.0,"gold_gain":0.0,"event_name":"Elementarium:IncubationChamber","player_choice":"Machinery","floor":22.0,"gold_loss":0.0,"damage_taken":0.0},{"damage_healed":0.0,"max_hp_gain":0.0,"max_hp_loss":0.0,"gold_gain":0.0,"event_name":"Wheel of Change","player_choice":"Relic","floor":37.0,"gold_loss":0.0,"damage_taken":0.0},{"cards_removed":["Shade:Defend_Shade"],"damage_healed":0.0,"max_hp_gain":0.0,"max_hp_loss":0.0,"gold_gain":0.0,"event_name":"Falling","player_choice":"Removed Skill","floor":48.0,"gold_loss":0.0,"damage_taken":0.0}],"is_beta":false,"boss_relics":[{"not_picked":["vexMod:DeviousBotling","Cursed Key"],"picked":"SlaversCollar"},{"not_picked":["Kintsugi","aspiration:RandomNobGenerator"],"picked":"vexMod:ImprovementManual"}],"items_purged_floors":[31,53],"is_endless":false,"potions_floor_spawned":[2,4,5,12,16,18,28,33,35,36,45,46],"ascension_level":7}}