{"host":"jak4ncvfzor9mys0","time":1609739947,"event":{"mods":["2.2 Compatiblity","AchievementEnabler","BaseMod","Better Altar","Better Match","Better Note","Better Sensory Stone","Better Skull","Better Third Choice","BetterRewards","Block Reminder","Colored Map","Colored Powertips","Energized Spire","Gold Saver","Hubris","Infinite Spire","Key Reminder","Minty Spire (QoL Compilation)","Rare Cards Sparkle","Red Circlet Mod","Relic Sorter","Relic Stats","Replay The Spire","Retaliation","StSLib","SuperFastMode","The Blue Laboratory"],"gold_per_floor":[1331,1331,1331,1344,1363,1363,1375,1385,1385,1396,860,874,886,443,443,548,548,562,462,462,411,422,432,432,432],"floor_reached":24,"playtime":1173,"items_purged":["Strike_G","Strike_G"],"score":292,"play_id":"3dbfc635-9dae-44be-b214-d337a60f958d","local_time":"20210103215907","is_ascension_mode":false,"campfire_choices":[{"data":"Neutralize","floor":6.0,"key":"SMITH"},{"data":"Backflip","floor":15.0,"key":"SMITH"}],"circlet_count":0,"master_deck":["Strike_G","Strike_G","Strike_G","Defend_G","Defend_G","Defend_G","Defend_G+1","Defend_G","Survivor","Neutralize+1","Backstab","Infinite Blades","Backflip+1","Blade Dance","Cloak And Dagger+1","ReplayTheSpireMod:Speed Training"],"relics":["Ring of the Snake","CaptainsWheel","Nunchaku","HandDrill","Counterbalance","Sling"],"acts_visited":["Exordium","TheCity"],"potions_floor_usage":[24,24,24],"damage_taken":[{"damage":0.0,"enemies":"Small Slimes","floor":1.0,"turns":3.0},{"damage":0.0,"enemies":"2 Louse","floor":4.0,"turns":2.0},{"damage":1.0,"enemies":"Cultist","floor":5.0,"turns":4.0},{"damage":2.0,"enemies":"Large Slime","floor":7.0,"turns":5.0},{"damage":1.0,"enemies":"Exordium Thugs","floor":8.0,"turns":5.0},{"damage":5.0,"enemies":"Exordium Wildlife","floor":10.0,"turns":6.0},{"damage":2.0,"enemies":"Gremlin Gang","floor":12.0,"turns":6.0},{"damage":0.0,"enemies":"2 Fungi Beasts","floor":13.0,"turns":4.0},{"damage":20.0,"enemies":"Slime Boss","floor":16.0,"turns":13.0},{"damage":0,"enemies":"3 Byrds","floor":18,"turns":9},{"damage":10,"enemies":"Chosen","floor":22,"turns":5},{"damage":11,"enemies":"Snake Plant","floor":23,"turns":7},{"damage":52,"enemies":"Nightmare","floor":24,"turns":14}],"seed_played":"8898507304623826743","potions_obtained":[{"floor":4.0,"key":"DuplicationPotion"},{"floor":5.0,"key":"BlessingOfTheForge"},{"floor":13.0,"key":"Reflective Coating"},{"floor":16.0,"key":"Energy Potion"},{"floor":22,"key":"EssenceOfSteel"}],"is_trial":false,"path_per_floor":["M","?","?","M","M","R","M","M","T","M","$","M","M","$","R","B",null,"M","$","?","$","M","M","NM"],"character_chosen":"THE_SILENT","items_purchased":["HandDrill","Backstab","Infinite Blades","Nunchaku","CaptainsWheel","Counterbalance","Sling","Blade Dance"],"campfire_rested":0,"item_purchase_floors":[0,0,0,11,11,14,14,21],"current_hp_per_floor":[70,70,70,70,69,69,67,66,66,61,61,59,59,59,59,39,70,70,70,70,70,60,49,0,0],"gold":432,"neow_bonus":"","is_daily":false,"chose_seed":false,"campfire_upgraded":2,"win_rate":0.0,"timestamp":1609739947,"path_taken":["M","?","?","M","M","R","M","?","T","M","$","M","M","$","R","BOSS","M","$","?","?","?","M","NM"],"items_purchased_type":["Relic","Card","Card","Relic","Relic","Relic","Relic","Card"],"build_version":"2020-12-22","purchased_purges":2,"victory":false,"max_hp_per_floor":[70,70,70,70,70,70,70,70,70,70,70,70,70,70,70,70,70,70,70,70,70,70,70,70,70],"relic_stats":{"Nunchaku":[19],"counters":[48,267],"HandDrill":[38],"obtain_stats":[{"Torii":17,"Sling":14,"Nunchaku":11,"energizedSpire:CursedPentagram":17,"TheAbacus":48,"Iron Hammer":9,"Replay:Bottled Flurry":9,"HandDrill":0,"infinitespire:Eraser":36,"Ring of the Snake":0,"Gremlin Food":48,"hubris:MobiusCoin":6,"Golden Idol":12,"Counterbalance":14,"Oddly Smooth Stone":0,"The Courier":22,"PreservedInsect":43,"Letter Opener":48,"Odd Mushroom":14,"Calling Bell":17,"infinitespire:EvilPickle":33,"CaptainsWheel":11,"ReplayTheSpireMod:Shallot":31,"Onion Ring":26,"Snack Pack":17,"Black Star":34,"Membership Card":20,"infinitespire:PuzzleCube":17},{"Torii":6,"Sling":43,"Nunchaku":41,"energizedSpire:CursedPentagram":18,"TheAbacus":34,"Iron Hammer":15,"Replay:Bottled Flurry":2,"HandDrill":35,"infinitespire:Eraser":27,"Ring of the Snake":0,"Gremlin Food":34,"hubris:MobiusCoin":2,"Golden Idol":3,"Counterbalance":43,"Oddly Smooth Stone":12,"The Courier":8,"PreservedInsect":30,"Letter Opener":34,"Odd Mushroom":5,"Calling Bell":6,"infinitespire:EvilPickle":26,"CaptainsWheel":41,"ReplayTheSpireMod:Shallot":25,"Onion Ring":22,"Snack Pack":6,"Black Star":26,"Membership Card":7,"infinitespire:PuzzleCube":6},{"Torii":42,"Sling":219,"Nunchaku":209,"energizedSpire:CursedPentagram":103,"TheAbacus":177,"Iron Hammer":89,"Replay:Bottled Flurry":17,"HandDrill":184,"infinitespire:Eraser":147,"Ring of the Snake":0,"Gremlin Food":177,"hubris:MobiusCoin":17,"Golden Idol":21,"Counterbalance":219,"Oddly Smooth Stone":80,"The Courier":56,"PreservedInsect":161,"Letter Opener":177,"Odd Mushroom":30,"Calling Bell":42,"infinitespire:EvilPickle":143,"CaptainsWheel":209,"ReplayTheSpireMod:Shallot":133,"Onion Ring":121,"Snack Pack":42,"Black Star":143,"Membership Card":48,"infinitespire:PuzzleCube":42}],"Ring of the Snake":[96]},"card_choices":[{"not_picked":["Escape Plan","Dagger Spray","Prepared"],"picked":"SKIP","floor":1.0},{"not_picked":["Toxin Wave","Blur","Prepared"],"picked":"SKIP","floor":4.0},{"not_picked":["Poisoned Stab","Outmaneuver","Choke"],"picked":"SKIP","floor":5.0},{"not_picked":["Quick Slash","Deadly Poison","hubris:Counter"],"picked":"SKIP","floor":7.0},{"not_picked":["Outmaneuver","All Out Attack","PiercingWail"],"picked":"SKIP","floor":8.0},{"not_picked":["Poisoned Stab","Outmaneuver","Wraith Form v2"],"picked":"SKIP","floor":10.0},{"not_picked":["Backstab","Skewer"],"picked":"Backflip","floor":12.0},{"not_picked":["Flying Knee","Sucker Punch","Deflect"],"picked":"SKIP","floor":13.0},{"not_picked":["Underhanded Strike","Sucker Punch","Crippling Poison"],"picked":"SKIP","floor":18},{"not_picked":["Heel Hook+1","Dagger Throw+1"],"picked":"Cloak And Dagger+1","floor":22},{"not_picked":["Riddle With Holes","Blade Dance"],"picked":"ReplayTheSpireMod:Speed Training","floor":23}],"player_experience":2682874,"relics_obtained":[],"event_choices":[{"damage_healed":0.0,"max_hp_gain":0.0,"max_hp_loss":0.0,"gold_gain":0.0,"event_name":"The Woman in Blue","player_choice":"Bought 0 Potions","floor":3.0,"gold_loss":0.0,"damage_taken":0.0},{"cards_removed":["Defend_G"],"damage_healed":0,"gold_gain":0,"player_choice":"Give","damage_taken":0,"max_hp_gain":0,"max_hp_loss":0,"event_name":"betterNote:BetterNote","floor":20,"gold_loss":0,"cards_obtained":["Defend_G"]}],"is_beta":false,"boss_relics":[{"not_picked":["energizedSpire:NeverEndingSparkler","hubris:TerracottaHorce","Honey Jar"]}],"items_purged_floors":[11,19],"is_endless":false,"potions_floor_spawned":[4,5,13,16,22],"killed_by":"Nightmare","ascension_level":0}}