{"host":"h4lp0eeso8a0ssq0","time":1609734640,"event":{"mods":["2.2 Compatiblity","AchievementEnabler","BaseMod","CapriCore","Colored Map","Minty Spire (QoL Compilation)","StSLib","SuperFastMode"],"gold_per_floor":[114,129,79,4,4,4,32,43,43,60,71,84,84,98,98,201,201,213,63,77,87,87,87,87],"floor_reached":23,"playtime":781,"items_purged":["Strike_B","Strike_B"],"score":220,"play_id":"cd753583-05dc-4e29-b7e5-868153fd6e12","local_time":"20210104133040","is_ascension_mode":false,"campfire_choices":[{"data":"Static Discharge","floor":6.0,"key":"SMITH"},{"data":"Sunder","floor":13.0,"key":"SMITH"},{"data":"Capacitor","floor":15.0,"key":"SMITH"}],"circlet_count":0,"master_deck":["Strike_B","Defend_B","Defend_B","Defend_B","Zap","Dualcast","Redo","Static Discharge+1","Coolheaded","Go for the Eyes","Streamline","Sunder+1","Capacitor+1","Biased Cognition","Auto Shields","Conserve Battery","Rebound+1","Defragment"],"relics":["Cracked Core","NeowsBlessing","HornCleat","Ornamental Fan","Nuclear Battery"],"acts_visited":["Exordium","TheCity"],"potions_floor_usage":[23,23],"damage_taken":[{"damage":0.0,"enemies":"Jaw Worm","floor":1.0,"turns":1.0},{"damage":0.0,"enemies":"Cultist","floor":2.0,"turns":1.0},{"damage":0.0,"enemies":"Lagavulin","floor":7.0,"turns":2.0},{"damage":8.0,"enemies":"Small Slimes","floor":8.0,"turns":3.0},{"damage":4.0,"enemies":"2 Fungi Beasts","floor":10.0,"turns":3.0},{"damage":5.0,"enemies":"Looter","floor":11.0,"turns":3.0},{"damage":4.0,"enemies":"Blue Slaver","floor":12.0,"turns":3.0},{"damage":8.0,"enemies":"Exordium Wildlife","floor":14.0,"turns":4.0},{"damage":11.0,"enemies":"The Guardian","floor":16.0,"turns":11.0},{"damage":21,"enemies":"2 Thieves","floor":18,"turns":3},{"damage":5,"enemies":"3 Byrds","floor":20,"turns":4},{"damage":10,"enemies":"Sentry and Sphere","floor":21,"turns":4},{"damage":10,"enemies":"Slavers","floor":23,"turns":2}],"seed_played":"-1318111426545933547","potions_obtained":[{"floor":2.0,"key":"LiquidBronze"},{"floor":7.0,"key":"ColorlessPotion"},{"floor":11.0,"key":"DistilledChaos"}],"is_trial":false,"path_per_floor":["M","M","?","$","?","R","E","M","T","M","M","M","R","M","R","B",null,"M","$","M","M","?","E"],"character_chosen":"DEFECT","items_purchased":["Conserve Battery"],"campfire_rested":0,"item_purchase_floors":[19],"current_hp_per_floor":[75,75,75,75,80,80,80,72,72,68,63,59,59,51,51,40,80,59,59,54,44,44,34,34],"gold":87,"neow_bonus":"THREE_ENEMY_KILL","is_daily":false,"chose_seed":false,"campfire_upgraded":3,"win_rate":0.0,"timestamp":1609734640,"path_taken":["M","M","?","$","?","R","E","M","T","M","?","M","R","M","R","BOSS","M","$","M","M","?","E"],"items_purchased_type":["Card"],"build_version":"2020-12-22","purchased_purges":2,"victory":false,"max_hp_per_floor":[75,75,75,75,80,80,80,80,80,80,80,80,80,80,80,80,80,80,80,80,80,80,80,80],"card_choices":[{"not_picked":["Compile Driver","Stack"],"picked":"Redo","floor":1.0},{"not_picked":["Sunder","Self Repair"],"picked":"Static Discharge","floor":2.0},{"not_picked":["Aggregate","Loop"],"picked":"Coolheaded","floor":7.0},{"not_picked":["Blizzard","Coolheaded"],"picked":"Go for the Eyes","floor":8.0},{"not_picked":["Heatsinks","Storm"],"picked":"Streamline","floor":10.0},{"not_picked":["Coolheaded","Turbo"],"picked":"Sunder","floor":11.0},{"not_picked":["Compile Driver","Cold Snap","Undo"],"picked":"SKIP","floor":12.0},{"not_picked":["Compile Driver","Cold Snap","Undo"],"picked":"SKIP","floor":12.0},{"not_picked":["Hello World","Rebound"],"picked":"Capacitor","floor":14.0},{"not_picked":["Fission","Rainbow"],"picked":"Biased Cognition","floor":16.0},{"not_picked":["Doom and Gloom","Barrage"],"picked":"Auto Shields","floor":18},{"not_picked":["Gash","Rip and Tear"],"picked":"Rebound+1","floor":20},{"not_picked":["Leap","Heatsinks","Steam"],"picked":"SKIP","floor":21}],"player_experience":42767,"relics_obtained":[{"floor":7.0,"key":"HornCleat"},{"floor":9.0,"key":"Ornamental Fan"}],"event_choices":[{"cards_removed":["Strike_B"],"damage_healed":0.0,"max_hp_gain":0.0,"max_hp_loss":0.0,"gold_gain":0.0,"event_name":"The Cleric","player_choice":"Card Removal","floor":3.0,"gold_loss":50.0,"damage_taken":0.0},{"damage_healed":0.0,"max_hp_gain":5.0,"max_hp_loss":0.0,"gold_gain":0.0,"event_name":"Big Fish","player_choice":"Donut","floor":5.0,"gold_loss":0.0,"damage_taken":0.0},{"damage_healed":0,"gold_gain":0,"cards_transformed":["Defend_B"],"player_choice":"Transformed","damage_taken":0,"max_hp_gain":0,"max_hp_loss":0,"event_name":"Transmorgrifier","floor":22,"gold_loss":0,"cards_obtained":["Defragment"]}],"is_beta":false,"boss_relics":[{"not_picked":["Velvet Choker","Ectoplasm"],"picked":"Nuclear Battery"}],"items_purged_floors":[4,19],"is_endless":false,"potions_floor_spawned":[2,7,11,16,18,21],"killed_by":"Slavers","ascension_level":0}}