{"host":"jn2qdns2nxijvlnt","time":1609778965,"event":{"mods":["BaseMod","Minty Spire (QoL Compilation)","Quick Restart"],"gold_per_floor":[215,215,10,21,32,32,44,44,112,144,199,199,73,104,104,198,198,217,230,230,2,25,25,58,58,58,38,63,94,94,107,107,205,205,224,224,25,50,50,91,4,4,56,87,131,169,181,212,224,236,248],"floor_reached":52,"playtime":2757,"items_purged":["Injury"],"score":2108,"play_id":"845ad5a6-a5c5-41a7-abf9-ab16828c4b5e","local_time":"20210104114925","is_ascension_mode":true,"campfire_choices":[{"data":"Perfected Strike","floor":6.0,"key":"SMITH"},{"floor":8.0,"key":"REST"},{"floor":15.0,"key":"REST"},{"data":"Barricade","floor":23.0,"key":"SMITH"},{"floor":25.0,"key":"REST"},{"floor":30.0,"key":"REST"},{"floor":32.0,"key":"REST"},{"floor":42,"key":"REST"},{"floor":47,"key":"REST"},{"floor":49,"key":"REST"}],"circlet_count":0,"master_deck":["AscendersBane","Strike_R","Strike_R","Strike_R","Strike_R","Strike_R","Defend_R","Defend_R","Defend_R","Defend_R","Bash+1","Clothesline","Cleave","Pommel Strike","Perfected Strike+1","Pommel Strike","Shrug It Off","Offering","Infernal Blade","Barricade+1","Pommel Strike","Shrug It Off","Seeing Red","Twin Strike","Exhume","Body Slam","Panache","Perfected Strike","Parasite","Ghostly Armor","Perfected Strike+1","Impervious","Mind Blast+1","Perfected Strike+1","Twin Strike+1","Normality","Parasite","Perfected Strike+1"],"relics":["Burning Blood","Membership Card","Self Forming Clay","Dream Catcher","Art of War","Golden Idol","Orrery","HornCleat","Cursed Key","Strawberry","Pear","Bottled Flame","Molten Egg 2","Fusion Hammer","ClockworkSouvenir","Potion Belt","Cauldron","Bag of Marbles","FossilizedHelix","MawBank","MealTicket"],"acts_visited":["Exordium","TheCity","TheBeyond"],"potions_floor_usage":[40,44,44,44,44,50,50,50,50],"damage_taken":[{"damage":14.0,"enemies":"Jaw Worm","floor":1.0,"turns":4.0},{"damage":0.0,"enemies":"Cultist","floor":4.0,"turns":2.0},{"damage":3.0,"enemies":"2 Louse","floor":5.0,"turns":2.0},{"damage":17.0,"enemies":"Gremlin Gang","floor":7.0,"turns":5.0},{"damage":27.0,"enemies":"Lagavulin","floor":10.0,"turns":5.0},{"damage":8.0,"enemies":"Gremlin Nob","floor":11.0,"turns":3.0},{"damage":12.0,"enemies":"3 Sentries","floor":14.0,"turns":4.0},{"damage":6.0,"enemies":"Slime Boss","floor":16.0,"turns":8.0},{"damage":12.0,"enemies":"Spheric Guardian","floor":18.0,"turns":3.0},{"damage":12.0,"enemies":"Chosen","floor":19.0,"turns":3.0},{"damage":0.0,"enemies":"3 Cultists","floor":22.0,"turns":3.0},{"damage":37.0,"enemies":"Slavers","floor":24.0,"turns":6.0},{"damage":12.0,"enemies":"Chosen and Byrds","floor":28.0,"turns":4.0},{"damage":45.0,"enemies":"Book of Stabbing","floor":29.0,"turns":5.0},{"damage":0.0,"enemies":"Snake Plant","floor":31.0,"turns":3.0},{"damage":86.0,"enemies":"Collector","floor":33.0,"turns":8.0},{"damage":11.0,"enemies":"3 Shapes","floor":35.0,"turns":2.0},{"damage":0.0,"enemies":"Orb Walker","floor":38.0,"turns":1.0},{"damage":12,"enemies":"Giant Head","floor":40,"turns":5},{"damage":3,"enemies":"Mind Bloom Boss Battle","floor":44,"turns":3},{"damage":0,"enemies":"Reptomancer","floor":45,"turns":2},{"damage":0,"enemies":"Sphere and 2 Shapes","floor":48,"turns":2},{"damage":19,"enemies":"Time Eater","floor":50,"turns":8},{"damage":69,"enemies":"Donu and Deca","floor":51,"turns":8}],"seed_played":"347623582045617562","potions_obtained":[{"floor":7.0,"key":"FearPotion"},{"floor":10.0,"key":"Fire Potion"},{"floor":14.0,"key":"SkillPotion"},{"floor":16.0,"key":"EssenceOfSteel"},{"floor":19.0,"key":"AttackPotion"},{"floor":24.0,"key":"Energy Potion"},{"floor":27.0,"key":"Fire Potion"},{"floor":29.0,"key":"Block Potion"},{"floor":31.0,"key":"AttackPotion"},{"floor":33.0,"key":"Fruit Juice"},{"floor":38.0,"key":"DistilledChaos"},{"floor":41,"key":"Block Potion"},{"floor":41,"key":"EntropicBrew"},{"floor":41,"key":"Fire Potion"},{"floor":44,"key":"CultistPotion"},{"floor":48,"key":"PowerPotion"}],"is_trial":false,"path_per_floor":["M","?","$","M","M","R","M","R","T","E","?","?","$","E","R","B",null,"M","M","?","$","M","R","E","R","T","?","M","E","R","M","R","B",null,"M","?","$","M","?","E","$","R","T","?","E","T","R","M","R","B","B",null],"character_chosen":"IRONCLAD","items_purchased":["Membership Card","Fire Potion","Cleave","Offering","Orrery","Panache","Strawberry","ClockworkSouvenir","CultistPotion","AttackPotion","Perfected Strike+1","Cauldron"],"campfire_rested":8,"item_purchase_floors":[3,3,3,13,13,21,21,37,37,37,37,41],"current_hp_per_floor":[60,60,60,66,69,69,58,75,75,54,52,52,52,46,68,68,73,67,61,61,68,74,74,53,80,80,80,74,35,62,68,92,12,77,72,72,72,78,78,72,72,92,92,92,92,92,92,92,92,79,16],"gold":260,"neow_bonus":"HUNDRED_GOLD","is_daily":false,"chose_seed":false,"campfire_upgraded":2,"win_rate":0.0,"timestamp":1609778965,"path_taken":["M","?","$","M","?","R","M","R","T","E","?","?","$","E","R","BOSS","M","M","?","$","M","R","E","R","T","?","?","E","R","M","R","BOSS","M","?","$","M","?","E","?","R","T","?","E","?","R","M","R","BOSS","BOSS"],"items_purchased_type":["Relic","Potion","Card","Card","Relic","Card","Relic","Relic","Potion","Potion","Card","Relic"],"build_version":"2020-12-22","purchased_purges":1,"victory":true,"max_hp_per_floor":[75,75,75,75,75,75,75,75,75,75,75,75,75,75,75,75,75,75,75,75,82,82,82,92,92,92,92,92,92,92,92,92,92,97,97,97,97,97,92,92,92,92,92,92,92,92,92,92,92,92,92],"card_choices":[{"not_picked":["Sword Boomerang","Warcry"],"picked":"Clothesline","floor":1.0},{"not_picked":["Armaments","Bludgeon"],"picked":"Pommel Strike","floor":4.0},{"not_picked":["True Grit","Warcry"],"picked":"Perfected Strike","floor":5.0},{"not_picked":["Flex","True Grit","Feel No Pain"],"picked":"SKIP","floor":7.0},{"not_picked":["Flex","Second Wind"],"picked":"Pommel Strike","floor":10.0},{"not_picked":["Iron Wave","Warcry"],"picked":"Shrug It Off","floor":11.0},{"not_picked":["Hemokinesis","Clothesline"],"picked":"Infernal Blade","floor":13.0},{"not_picked":["Thunderclap","Clothesline"],"picked":"Barricade","floor":13.0},{"not_picked":["Fire Breathing","Combust"],"picked":"Pommel Strike","floor":13.0},{"not_picked":["Havoc","Sword Boomerang"],"picked":"Shrug It Off","floor":13.0},{"not_picked":["Headbutt","Sever Soul"],"picked":"Seeing Red","floor":14.0},{"not_picked":["Evolve","Feel No Pain"],"picked":"Twin Strike","floor":15.0},{"not_picked":["Demon Form","Limit Break"],"picked":"Exhume","floor":16.0},{"not_picked":["Disarm","Shockwave","Anger"],"picked":"SKIP","floor":18.0},{"not_picked":["Heavy Blade","Clothesline"],"picked":"Body Slam","floor":19.0},{"not_picked":["Inflame","Havoc","Sentinel"],"picked":"SKIP","floor":22.0},{"not_picked":["Cleave","Pommel Strike"],"picked":"Perfected Strike","floor":24.0},{"not_picked":["Armaments","Clothesline","Disarm"],"picked":"SKIP","floor":28.0},{"not_picked":["Entrench","Double Tap"],"picked":"Ghostly Armor","floor":29.0},{"not_picked":["Twin Strike+1","Iron Wave+1","Sword Boomerang+1"],"picked":"SKIP","floor":31.0},{"not_picked":["Havoc+1","Shrug It Off"],"picked":"Perfected Strike+1","floor":32.0},{"not_picked":["Berserk","Juggernaut"],"picked":"Impervious","floor":33.0},{"not_picked":["Clothesline+1","Fire Breathing","Iron Wave+1"],"picked":"SKIP","floor":35.0},{"not_picked":["Metamorphosis","Trip"],"picked":"Mind Blast+1","floor":36.0},{"not_picked":["Second Wind+1","Twin Strike+1","Wild Strike+1"],"picked":"SKIP","floor":38.0},{"not_picked":["Headbutt+1","Spot Weakness","Ghostly Armor"],"picked":"SKIP","floor":40},{"not_picked":["Clothesline+1","Heavy Blade+1"],"picked":"Twin Strike+1","floor":42},{"not_picked":["Thunderclap+1","Demon Form","Spot Weakness"],"picked":"SKIP","floor":45},{"not_picked":["Pummel+1","Infernal Blade"],"picked":"Perfected Strike+1","floor":47},{"not_picked":["Reckless Charge+1","Pommel Strike+1","Seeing Red"],"picked":"SKIP","floor":48}],"player_experience":460639,"relics_obtained":[{"floor":9.0,"key":"Self Forming Clay"},{"floor":10.0,"key":"Dream Catcher"},{"floor":11.0,"key":"Art of War"},{"floor":14.0,"key":"HornCleat"},{"floor":24.0,"key":"Pear"},{"floor":26.0,"key":"Bottled Flame"},{"floor":29.0,"key":"Molten Egg 2"},{"floor":40,"key":"Potion Belt"},{"floor":43,"key":"Bag of Marbles"},{"floor":44,"key":"FossilizedHelix"},{"floor":45,"key":"MawBank"},{"floor":46,"key":"MealTicket"}],"event_choices":[{"damage_healed":0.0,"max_hp_gain":0.0,"max_hp_loss":0.0,"gold_gain":0.0,"event_name":"Upgrade Shrine","player_choice":"Upgraded","floor":2.0,"gold_loss":0.0,"damage_taken":0.0,"cards_upgraded":["Bash"]},{"damage_healed":0.0,"max_hp_gain":0.0,"max_hp_loss":0.0,"gold_gain":0.0,"event_name":"Dead Adventurer","player_choice":"Searched \u00272\u0027 times","floor":11.0,"gold_loss":0.0,"damage_taken":0.0},{"damage_healed":0.0,"max_hp_gain":0.0,"max_hp_loss":0.0,"gold_gain":0.0,"event_name":"Golden Idol","player_choice":"Take Wound","floor":12.0,"gold_loss":0.0,"damage_taken":0.0,"relics_obtained":["Golden Idol"],"cards_obtained":["Injury"]},{"damage_healed":0.0,"max_hp_gain":0.0,"max_hp_loss":0.0,"gold_gain":0.0,"event_name":"Ghosts","player_choice":"Ignored","floor":20.0,"gold_loss":0.0,"damage_taken":0.0},{"damage_healed":0.0,"max_hp_gain":0.0,"max_hp_loss":0.0,"gold_gain":0.0,"event_name":"The Woman in Blue","player_choice":"Bought 1 Potion","floor":27.0,"gold_loss":0.0,"damage_taken":0.0},{"damage_healed":0.0,"max_hp_gain":0.0,"max_hp_loss":0.0,"gold_gain":0.0,"event_name":"SensoryStone","player_choice":"Memory 1","floor":36.0,"gold_loss":0.0,"damage_taken":0.0},{"damage_healed":0.0,"max_hp_gain":0.0,"max_hp_loss":5.0,"gold_gain":0.0,"event_name":"Winding Halls","player_choice":"Max HP","floor":39.0,"gold_loss":0.0,"damage_taken":0.0},{"damage_healed":0,"gold_gain":0,"player_choice":"Fight","damage_taken":0,"max_hp_gain":0,"max_hp_loss":0,"event_name":"MindBloom","floor":44,"gold_loss":0}],"is_beta":false,"boss_relics":[{"not_picked":["SlaversCollar","Empty Cage"],"picked":"Cursed Key"},{"not_picked":["Coffee Dripper","Runic Dome"],"picked":"Fusion Hammer"}],"items_purged_floors":[21],"is_endless":false,"potions_floor_spawned":[7,10,14,16,19,24,29,31,33,38,44,48],"ascension_level":20}}