{"host":"ci7ivtocgfxh0ueo","time":1609725725,"event":{"mods":["BaseMod","GifTheSpireLib","Minty Spire (QoL Compilation)","StSLib"],"gold_per_floor":[117,117,27,27,45,74,89,35,60,70,70,70,95,108,108,182,182,194,194,194,194,8,8,33,52,98,98,113,113,113],"floor_reached":29,"playtime":626,"items_purged":["Regret","Shame"],"score":557,"play_id":"f126993d-5e67-4ddb-a4e8-b2f4a2058656","local_time":"20210104100205","is_ascension_mode":true,"campfire_choices":[{"data":"Intimidate","floor":12,"key":"SMITH"},{"data":"Inflame","floor":15,"key":"SMITH"},{"data":"Seeing Red","floor":23,"key":"SMITH"},{"data":"Infernal Blade","floor":27,"key":"SMITH"}],"circlet_count":0,"master_deck":["AscendersBane","Strike_R","Strike_R","Strike_R","Strike_R","Strike_R","Defend_R","Defend_R","Defend_R","Defend_R","Bash","Pummel","Dropkick","Intimidate+1","Second Wind","Armaments+1","Cleave","Inflame+1","Bludgeon","Seeing Red+1","Juggernaut","Infernal Blade+1"],"relics":["Burning Blood","NeowsBlessing","Smiling Mask","Peace Pipe","PreservedInsect","Bag of Preparation","SacredBark","Strawberry","Gremlin Horn","Boot","Akabeko"],"acts_visited":["Exordium","TheCity"],"potions_floor_usage":[10,16,16,16,18,24,24,28,28],"damage_taken":[{"damage":0,"enemies":"Jaw Worm","floor":1,"turns":1},{"damage":0,"enemies":"Cultist","floor":5,"turns":1},{"damage":0,"enemies":"3 Sentries","floor":6,"turns":2},{"damage":10,"enemies":"Small Slimes","floor":7,"turns":3},{"damage":4,"enemies":"Exordium Wildlife","floor":10,"turns":4},{"damage":27,"enemies":"Gremlin Nob","floor":13,"turns":4},{"damage":16,"enemies":"Large Slime","floor":14,"turns":6},{"damage":61,"enemies":"Slime Boss","floor":16,"turns":12},{"damage":17,"enemies":"2 Thieves","floor":18,"turns":4},{"damage":0,"enemies":"Gremlin Leader","floor":24,"turns":1},{"damage":25,"enemies":"Spheric Guardian","floor":25,"turns":4},{"damage":21,"enemies":"Snake Plant","floor":28,"turns":3},{"damage":49,"enemies":"Cultist and Chosen","floor":29,"turns":3}],"seed_played":"1185521731207108252","potions_obtained":[{"floor":7,"key":"FairyPotion"},{"floor":10,"key":"Energy Potion"},{"floor":13,"key":"EntropicBrew"},{"floor":16,"key":"SneckoOil"},{"floor":24,"key":"Weak Potion"},{"floor":25,"key":"Energy Potion"}],"is_trial":false,"path_per_floor":["M","?","$","$","M","E","M","$","T","M","?","R","E","M","R","B",null,"M","?","?","T","$","R","E","M","T","R","M","M"],"character_chosen":"IRONCLAD","items_purchased":["Dropkick","Explosive Potion","DistilledChaos","Energy Potion"],"campfire_rested":0,"item_purchase_floors":[3,8,22,22],"current_hp_per_floor":[74,74,74,74,75,75,71,71,71,73,73,73,52,42,42,16,60,49,49,56,56,56,56,62,43,43,43,28,0,0],"gold":113,"neow_bonus":"THREE_ENEMY_KILL","is_daily":false,"chose_seed":false,"campfire_upgraded":4,"win_rate":0.0,"timestamp":1609725725,"path_taken":["M","?","?","$","M","E","?","$","T","M","?","R","E","M","R","BOSS","M","?","?","?","$","R","E","M","T","R","M","M"],"items_purchased_type":["Card","Potion","Potion","Potion"],"build_version":"2020-12-22","purchased_purges":2,"victory":false,"max_hp_per_floor":[75,75,75,75,75,75,75,75,75,75,75,75,75,75,75,75,75,75,75,82,82,82,82,82,82,82,82,82,82,82],"card_choices":[{"not_picked":["Flex","True Grit"],"picked":"Pummel","floor":1},{"not_picked":["True Grit","Flex"],"picked":"Intimidate","floor":5},{"not_picked":["Warcry","Thunderclap"],"picked":"Second Wind","floor":6},{"not_picked":["Rupture","Hemokinesis"],"picked":"Armaments","floor":7},{"not_picked":["Clothesline","Flex"],"picked":"Cleave","floor":10},{"not_picked":["Twin Strike","Perfected Strike","True Grit"],"picked":"SKIP","floor":13},{"not_picked":["Sword Boomerang","Barricade"],"picked":"Inflame","floor":14},{"not_picked":["Berserk","Fiend Fire"],"picked":"Bludgeon","floor":16},{"not_picked":["Clothesline","Iron Wave"],"picked":"Seeing Red","floor":18},{"not_picked":["Armaments","Anger+1"],"picked":"Juggernaut","floor":24},{"not_picked":["Body Slam","Warcry"],"picked":"Infernal Blade","floor":25},{"not_picked":["Headbutt","Fire Breathing","Warcry"],"picked":"SKIP","floor":28}],"player_experience":1319940,"relics_obtained":[{"floor":6,"key":"Peace Pipe"},{"floor":9,"key":"PreservedInsect"},{"floor":13,"key":"Bag of Preparation"},{"floor":21,"key":"Gremlin Horn"},{"floor":24,"key":"Boot"},{"floor":26,"key":"Akabeko"}],"event_choices":[{"damage_healed":0,"gold_gain":0,"player_choice":"Box","damage_taken":0,"relics_obtained":["Smiling Mask"],"max_hp_gain":0,"max_hp_loss":0,"event_name":"Big Fish","floor":2,"gold_loss":0,"cards_obtained":["Regret"]},{"damage_healed":0,"gold_gain":0,"player_choice":"Grow","damage_taken":0,"max_hp_gain":0,"max_hp_loss":0,"event_name":"Living Wall","floor":11,"gold_loss":0,"cards_upgraded":["Armaments"]},{"damage_healed":0,"gold_gain":0,"player_choice":"Ignored","damage_taken":0,"max_hp_gain":0,"max_hp_loss":0,"event_name":"Cursed Tome","floor":19,"gold_loss":0},{"damage_healed":0,"gold_gain":0,"player_choice":"Stole Relic","damage_taken":0,"relics_obtained":["Strawberry"],"max_hp_gain":0,"max_hp_loss":0,"event_name":"Addict","floor":20,"gold_loss":0,"cards_obtained":["Shame"]}],"is_beta":false,"boss_relics":[{"not_picked":["Runic Pyramid","Fusion Hammer"],"picked":"SacredBark"}],"items_purged_floors":[3,22],"is_endless":false,"potions_floor_spawned":[7,10,13,14,16,24,25],"killed_by":"Cultist and Chosen","ascension_level":17}}