{"host":"5yjvsohl6z99blyx","time":1609722067,"event":{"mods":["BaseMod","Better Altar","Better Match","Better Note","Better Sensory Stone","Better Skull","Better Third Choice","Better Vampires","BetterRewards","Card Forge","Colored Map","Colored Powertips","Defuse TimeMaze Blight","Downfall","Emptier Cage","Energized Spire","Highlight Path","Hubris","Minty Spire (QoL Compilation)","Permanent Neow","Quick Restart","Relic Filter","Replay The Spire","Shop Mod","StSLib","Synergy Search","Thieving Mod","Transform Curses","Uncapped"],"gold_per_floor":[114,130,130,130,145,183,183,183,236,158,179,220,236,252,252,381,381,404,404,419,442,2,46,46,67,67,87,87,102,27,62,62,191,191,206,206,229,244,244,244,30,30,30,50,50,73,86,102,102,102,102,102,46,89,89],"floor_reached":56,"playtime":5143,"items_purged":["Regret"],"score":1996,"play_id":"de6bed3e-8ba4-4019-9e5c-8879153d9eb2","local_time":"20210104020107","is_ascension_mode":true,"campfire_choices":[{"floor":15.0,"key":"RECALL"},{"floor":24.0,"key":"REST"},{"data":"Disarm","floor":32.0,"key":"SMITH"},{"floor":40.0,"key":"REST"},{"data":"Inflame","floor":42.0,"key":"SMITH"},{"floor":49,"key":"REST"},{"floor":52,"key":"REST"}],"circlet_count":0,"master_deck":["Bash+1","Evolve+1","Footwork+1","After Image+1","Terror+1","A Thousand Cuts+1","Aggregate+1","Echo Form+1","Fusion+1","Double Energy+1","Reprogram+1","DevaForm+1","MasterReality+1","expansioncontent:CaCaw+1","Barricade+1","Berserk+1","Demon Form+1","Demonic Infusion+1","Limit Break+1","Cleave+1","Sword Boomerang+1","Whirlwind+1","Flame Barrier+1","Impervious+1","Disarm+1","Feed+1","Twin Strike+1","Reaper+1","Iron Wave+1","Adrenaline+1","Venomology+1","After Image+1","Footwork+1","Sunder+1","Meteor Strike+1","Entrench+1","Amplify+1","Pummel+1","Burst+1","Burst+1","Demonic Infusion+1","Heavy Blade+1","Amplify+1","Amplify+1","Power Through+1","Metallicize+1","Panache+1","Body Slam+1","Clumsy","Clumsy","Clumsy","Disarm+1","Limit Break+1","Entrench+1","Exhume+1","Seeing Red+1","Impervious+1","Inflame+1","expansioncontent:Chronoboost+1","expansioncontent:Chronoboost+1","ReplayTheSpireMod:Private Reserves+1"],"relics":["Burning Blood","Hammer of Thor","Seething Fire","Anvil of the Gods","MerchantsRug","Replay:Ringing Soul","Golden Idol","Shuriken","hubris:Towel","Replay:Baseball","Prayer Wheel","Letter Opener","hubris:TerracottaHorce","Blue Doll","Du-Vu Doll","hubris:TenFootPole","Replay:Bronze Core","hubris:CrystalStatue","Frozen Eye","hubris:CuriousFeather","hubris:Icosahedron","ReplayTheSpireMod:CursedCoin","Bag of Preparation"],"acts_visited":["Exordium","TheCity","TheBeyond","TheEnding"],"potions_floor_usage":[50,50,55,55,55],"damage_taken":[{"damage":14.0,"enemies":"2 Louse","floor":1.0,"turns":6.0},{"damage":14.0,"enemies":"Small Slimes","floor":2.0,"turns":6.0},{"damage":6.0,"enemies":"Jaw Worm","floor":5.0,"turns":7.0},{"damage":52.0,"enemies":"Gremlin Nob","floor":6.0,"turns":6.0},{"damage":11.0,"enemies":"Large Slime","floor":11.0,"turns":7.0},{"damage":25.0,"enemies":"Lagavulin","floor":12.0,"turns":8.0},{"damage":9.0,"enemies":"Gremlin Gang","floor":13.0,"turns":3.0},{"damage":7.0,"enemies":"Exordium Wildlife","floor":14.0,"turns":3.0},{"damage":4.0,"enemies":"Fading Forest","floor":16.0,"turns":11.0},{"damage":19.0,"enemies":"2 Thieves","floor":18.0,"turns":4.0},{"damage":9.0,"enemies":"Chosen","floor":20.0,"turns":5.0},{"damage":23.0,"enemies":"Centurion and Healer","floor":21.0,"turns":6.0},{"damage":35.0,"enemies":"Replay:Snechameleon","floor":23.0,"turns":7.0},{"damage":8.0,"enemies":"Snecko","floor":25.0,"turns":3.0},{"damage":39.0,"enemies":"Snake Plant","floor":27.0,"turns":5.0},{"damage":1.0,"enemies":"Centurion and Healer","floor":29.0,"turns":6.0},{"damage":18.0,"enemies":"Gremlin Leader","floor":31.0,"turns":3.0},{"damage":22.0,"enemies":"Collector","floor":33.0,"turns":8.0},{"damage":40.0,"enemies":"3 Darklings","floor":35.0,"turns":4.0},{"damage":7.0,"enemies":"3 Shapes","floor":37.0,"turns":7.0},{"damage":26.0,"enemies":"3 Darklings","floor":38.0,"turns":9.0},{"damage":33,"enemies":"Jaw Worm Horde","floor":44,"turns":3},{"damage":45,"enemies":"Transient","floor":46,"turns":5},{"damage":41,"enemies":"Spire Growth","floor":47,"turns":6},{"damage":108,"enemies":"Awakened One","floor":50,"turns":9},{"damage":99,"enemies":"Shield and Spear","floor":54,"turns":11},{"damage":56,"enemies":"The Heart","floor":55,"turns":6}],"seed_played":"3201716751497423335","potions_obtained":[{"floor":6.0,"key":"SpeedPotion"},{"floor":12.0,"key":"Swift Potion"},{"floor":13.0,"key":"Regen Potion"},{"floor":16.0,"key":"Explosive Potion"},{"floor":18.0,"key":"champ:CounterPotion"},{"floor":20.0,"key":"LiquidBronze"},{"floor":25.0,"key":"LiquidMemories"},{"floor":31.0,"key":"AttackPotion"},{"floor":33.0,"key":"PowerPotion"},{"floor":35.0,"key":"Languid Potion"},{"floor":46,"key":"DuplicationPotion"}],"is_trial":false,"path_per_floor":["M","M","$","?","M","E","$","?","T","$","M","E","M","M","R_BF","B",null,"M","?","M","M","$","E","R","M","T","M","?","M","?","E","R","B",null,"M","?","M","M","T","R","$","R","T","M","?","M","M","$","R","B",null,"R","$","E","B",null],"character_chosen":"IRONCLAD","items_purchased":["MerchantsRug","Replay:Ringing Soul","Evolve","SteroidPotion","Entrench","Blue Doll","Metallicize","Panache","Body Slam","Frozen Eye","Inflame","ReplayTheSpireMod:CursedCoin","expansioncontent:Chronoboost","ReplayTheSpireMod:Private Reserves+1"],"campfire_rested":4,"item_purchase_floors":[0,0,0,0,10,22,22,22,22,41,41,48,48,53],"current_hp_per_floor":[86,89,89,92,92,56,56,59,59,62,74,105,108,112,112,115,115,115,118,121,117,120,130,133,134,134,123,126,142,142,130,130,149,149,118,165,165,165,165,165,168,168,168,151,151,166,151,154,171,89,151,171,174,141,91],"gold":89,"neow_bonus":"","is_daily":false,"chose_seed":false,"campfire_upgraded":2,"win_rate":0.0,"timestamp":1609722067,"path_taken":["M","M","$","?","M","E","$","?","T","?","?","E","M","M","R_BF","BOSS","M","?","M","M","$","E","R","M","T","M","?","M","?","E","R","BOSS","M","?","?","M","?","R","?","R","T","M","?","M","M","$","R","BOSS","R","$","E","BOSS"],"items_purchased_type":["Relic","Relic","Card","Potion","Card","Relic","Card","Card","Card","Relic","Card","Relic","Card","Card"],"build_version":"2020-12-22","purchased_purges":1,"victory":true,"max_hp_per_floor":[86,89,89,92,92,92,92,95,95,98,105,105,108,112,112,115,115,118,121,121,124,127,130,133,136,136,136,139,142,142,142,142,149,149,152,165,165,165,165,165,168,168,168,168,168,168,168,171,171,171,171,171,174,174,174],"card_choices":[{"not_picked":["Replay:Undeath\u0027s Touch","Clash"],"picked":"Pommel Strike","floor":1.0},{"not_picked":["Sword Boomerang","True Grit"],"picked":"Cleave","floor":2.0},{"not_picked":["ReplayReversal","Bloodletting","Anger"],"picked":"SKIP","floor":5.0},{"not_picked":["Bloodletting","Headbutt","Rampage"],"picked":"SKIP","floor":6.0},{"not_picked":["Wild Strike","Body Slam","Sword Boomerang"],"picked":"SKIP","floor":11.0},{"not_picked":["Body Slam","Perfected Strike","Headbutt"],"picked":"SKIP","floor":11.0},{"not_picked":["Uppercut","ReplayTheSpireMod:Corrosion Curse","ReplayTheSpireMod:Stacked"],"picked":"SKIP","floor":12.0},{"not_picked":["Demon Form","Twin Strike"],"picked":"Pummel","floor":13.0},{"not_picked":["Headbutt","Cleave","Twin Strike"],"picked":"SKIP","floor":13.0},{"not_picked":["Iron Wave","Spot Weakness","Immolate"],"picked":"SKIP","floor":14.0},{"not_picked":["Life Link","hubris:ReadiedAction","ReplayTheSpireMod:Strike From Hell"],"picked":"SKIP","floor":14.0},{"not_picked":["Bludgeon","Immolate"],"picked":"Demonic Infusion","floor":16.0},{"not_picked":["Wild Strike","Headbutt"],"picked":"Heavy Blade+1","floor":18.0},{"not_picked":["Warcry","Shrug It Off","Havoc"],"picked":"SKIP","floor":18.0},{"not_picked":["Warcry","Clash","Pommel Strike"],"picked":"SKIP","floor":20.0},{"not_picked":["hubris:StunningStrike","Intimidate","Run Through"],"picked":"SKIP","floor":20.0},{"not_picked":["Armaments","Reckless Charge"],"picked":"Power Through","floor":21.0},{"not_picked":["Twin Strike","True Grit","Corruption"],"picked":"SKIP","floor":21.0},{"not_picked":["Sword Boomerang","Iron Wave","Hemogenesis"],"picked":"SKIP","floor":23.0},{"not_picked":["Twin Strike","ReplayTheSpireMod:Strike From Hell"],"picked":"Disarm","floor":25.0},{"not_picked":["Spot Weakness","Intimidate","Cleave"],"picked":"SKIP","floor":25.0},{"not_picked":["Anger","Replay:Undeath\u0027s Touch","Intimidate"],"picked":"SKIP","floor":27.0},{"not_picked":["Blood for Blood","hubris:CleavingFinish","ReplayTheSpireMod:Muscle Training"],"picked":"SKIP","floor":27.0},{"not_picked":["ReplayTheSpireMod:Muscle Training+1","Burning Pact+1"],"picked":"Entrench+1","floor":29.0},{"not_picked":["Twin Strike+1","Rampage","Anger"],"picked":"SKIP","floor":29.0},{"not_picked":["Havoc+1","Searing Blow","Dropkick"],"picked":"SKIP","floor":31.0},{"not_picked":["Bludgeon","Immolate"],"picked":"Exhume","floor":33.0},{"not_picked":["Perfected Strike+1","Pummel"],"picked":"Seeing Red+1","floor":35.0},{"not_picked":["ReplayTheSpireMod:Corrosion Curse+1","Body Slam","Intimidate+1"],"picked":"SKIP","floor":35.0},{"not_picked":["Combust","Abandon","Sword Boomerang+1"],"picked":"SKIP","floor":37.0},{"not_picked":["Demonic Infusion","Massacre","Headbutt+1"],"picked":"SKIP","floor":37.0},{"not_picked":["Shrug It Off+1","Evolve","Flame Barrier+1"],"picked":"SKIP","floor":38.0},{"not_picked":["Flex+1","Replay:Undeath\u0027s Touch+1","Sever Soul+1"],"picked":"SKIP","floor":38.0},{"not_picked":["Flame Barrier","Replay:Undeath\u0027s Touch","Havoc+1"],"picked":"SKIP","floor":44},{"not_picked":["Body Slam","Massacre+1","Anger"],"picked":"SKIP","floor":44},{"not_picked":["ReplayTheSpireMod:Strike From Hell","Bludgeon","Body Slam"],"picked":"SKIP","floor":46},{"not_picked":["Power Through+1","Uppercut+1","Warcry"],"picked":"SKIP","floor":46},{"not_picked":["hubris:ReadiedAction+1","Brutality","Heavy Blade"],"picked":"SKIP","floor":47},{"not_picked":["Clash","ReplayTheSpireMod:Strike From Hell+1","Pommel Strike"],"picked":"SKIP","floor":47},{"not_picked":["Clash","Sever Soul+1","Demonic Infusion"],"picked":"SKIP","floor":54}],"player_experience":202307,"relics_obtained":[{"floor":6.0,"key":"Shuriken"},{"floor":9.0,"key":"Replay:Baseball"},{"floor":12.0,"key":"Letter Opener"},{"floor":23.0,"key":"Du-Vu Doll"},{"floor":31.0,"key":"hubris:TenFootPole"},{"floor":39.0,"key":"hubris:CrystalStatue"},{"floor":43.0,"key":"hubris:CuriousFeather"},{"floor":54,"key":"Bag of Preparation"}],"event_choices":[{"damage_healed":0.0,"max_hp_gain":0.0,"max_hp_loss":0.0,"gold_gain":0.0,"event_name":"Golden Idol","player_choice":"Take Wound","floor":4.0,"gold_loss":0.0,"damage_taken":0.0,"relics_obtained":["Golden Idol"],"cards_obtained":["Injury"]},{"damage_healed":0.0,"max_hp_gain":0.0,"max_hp_loss":0.0,"gold_gain":0.0,"event_name":"Purifier","player_choice":"Ignored","floor":19.0,"gold_loss":0.0,"damage_taken":0.0},{"damage_healed":0.0,"max_hp_gain":0.0,"max_hp_loss":0.0,"gold_gain":0.0,"event_name":"Duplicator","player_choice":"Copied","floor":28.0,"gold_loss":0.0,"damage_taken":0.0,"cards_obtained":["Limit Break"]},{"damage_healed":0.0,"max_hp_gain":0.0,"max_hp_loss":0.0,"gold_gain":0.0,"event_name":"betterMatch:BetterMatch","player_choice":"1","floor":30.0,"gold_loss":0.0,"damage_taken":0.0,"cards_obtained":[]},{"cards_removed":["Impervious"],"damage_healed":34.0,"max_hp_gain":10.0,"max_hp_loss":0.0,"gold_gain":0.0,"event_name":"Bonfire Elementals","player_choice":"Offered Rare","floor":36.0,"gold_loss":0.0,"damage_taken":0.0}],"is_beta":false,"boss_relics":[{"not_picked":["energizedSpire:TabascoSauce","Sozu"],"picked":"hubris:TerracottaHorce"},{"not_picked":["energizedSpire:RedRose","hubris:VirtuousBlindfold"],"picked":"Replay:Bronze Core"}],"items_purged_floors":[48],"is_endless":false,"potions_floor_spawned":[1,6,12,13,16,18,20,25,31,33,35,46,47],"ascension_level":7}}