{"host":"9szwrx0bcyiqoxoy","time":1609758088,"event":{"mods":["Act Like it!","BaseMod","Gensokyo","Hallownest","Luminous","Minty Spire (QoL Compilation)","Replay The Spire","StSLib","The Bug Knight","The Marked","The Servant 0.9.4"],"gold_per_floor":[118,18,38,17,17,42,42,73,98,98,98,98,132,144,144,144,144],"floor_reached":16,"playtime":693,"items_purged":[],"score":147,"play_id":"e40e6441-a619-4874-8dad-209225266178","local_time":"20210104190128","is_ascension_mode":true,"campfire_choices":[{"data":"ReplayTheSpireMod:Scrap Shanks","floor":7,"key":"SMITH"},{"floor":15,"key":"REST"}],"circlet_count":0,"master_deck":["Strike_G","Strike_G","Strike_G","Strike_G+1","Strike_G","Defend_G","Defend_G","Defend_G","Defend_G","Defend_G","Survivor","Neutralize+1","Cloak And Dagger","ReplayTheSpireMod:Splinters","ReplayTheSpireMod:Scrap Shanks+1","Underhanded Strike","Adrenaline","Reflex"],"relics":["Ring of the Snake","NeowsBlessing","Replay:Accelerometer","ReplayTheSpireMod:CursedCoin","Juzu Bracelet","Gensokyo:OccultBall","ReplayTheSpireMod:Lightbulb","Ancient Tea Set","Whetstone","Gensokyo:Justice","Gensokyo:CelestialsFlawlessClothing","Art of War"],"acts_visited":["Gensokyo:Gensokyo"],"potions_floor_usage":[13,16],"damage_taken":[{"damage":0,"enemies":"Gensokyo:2_Kodama","floor":1,"turns":1},{"damage":0,"enemies":"Gensokyo:Gryphon","floor":3,"turns":1},{"damage":0,"enemies":"Gensokyo:Mamizou","floor":6,"turns":2},{"damage":28,"enemies":"Gensokyo:Aya","floor":8,"turns":12},{"damage":11,"enemies":"Gensokyo:Cirno","floor":13,"turns":5},{"damage":0,"enemies":"Gensokyo:3_Fairies","floor":14,"turns":2},{"damage":94,"enemies":"Gensokyo:Yukari","floor":16,"turns":9}],"seed_played":"-7083426198900589345","potions_obtained":[{"floor":6,"key":"Dexterity Potion"},{"floor":13,"key":"Swift Potion"}],"is_trial":false,"path_per_floor":["M","?","M","$","?","E","R","E","T","?","?","?","E","M","R","B"],"character_chosen":"THE_SILENT","items_purchased":["ReplayTheSpireMod:CursedCoin","Juzu Bracelet","Cloak And Dagger"],"campfire_rested":1,"item_purchase_floors":[4,4,4],"current_hp_per_floor":[70,70,70,70,70,70,70,42,42,42,25,25,14,14,35,17,17],"gold":144,"neow_bonus":"THREE_ENEMY_KILL","is_daily":false,"chose_seed":false,"campfire_upgraded":1,"win_rate":0.0,"timestamp":1609758088,"path_taken":["M","?","M","$","?","E","R","E","T","?","?","?","E","M","R","BOSS"],"items_purchased_type":["Relic","Relic","Card"],"build_version":"2020-12-22","purchased_purges":0,"victory":false,"max_hp_per_floor":[70,70,70,70,70,70,70,70,70,70,70,70,70,70,70,70,70],"card_choices":[{"not_picked":["Underhanded Strike","Prepared"],"picked":"Cloak And Dagger","floor":1},{"not_picked":["Distraction","Prepared"],"picked":"Choke","floor":3},{"not_picked":["Sucker Punch","Acrobatics"],"picked":"ReplayTheSpireMod:Scrap Shanks","floor":6},{"not_picked":["ReplayTheSpireMod:Speed Training","Quick Slash"],"picked":"Underhanded Strike","floor":8},{"not_picked":["Riddle With Holes","Prepared"],"picked":"Adrenaline","floor":13},{"not_picked":["Flechettes","Catalyst"],"picked":"Reflex","floor":14}],"player_experience":52632,"relics_obtained":[{"floor":6,"key":"ReplayTheSpireMod:Lightbulb"},{"floor":8,"key":"Ancient Tea Set"},{"floor":9,"key":"Whetstone"},{"floor":13,"key":"Art of War"}],"event_choices":[],"is_beta":false,"boss_relics":[],"items_purged_floors":[],"is_endless":false,"potions_floor_spawned":[6,13],"killed_by":"Gensokyo:Yukari","ascension_level":1}}