{"host":"8i4doyxqctgl5qb0","time":1609724981,"event":{"mods":["AchievementEnabler","BaseMod","Block Reminder","Colored Powertips","Downfall","Marisa£®ÏF”Í°°ƒß¿Ì…≥£©","Minty Spire (QoL Compilation)","Permanent Neow","Potion Indicator Mod","Rare Cards Sparkle","StSLib","SuperFastMode"],"gold_per_floor":[111,111,111,21,21,21,96,130,185,195,195,225,245,420,420,524,524,539,570,570,588,19,19,50,62,108,108,108,138,153,26,26,122,122,137,12,12,12,24,24,54,66,66,66,85,85,85,4,4,4],"floor_reached":51,"playtime":1930,"items_purged":["Doubt","Strike_G","Defend_G"],"score":864,"play_id":"b0bc1cad-4602-4c9d-ac8f-fd9b049f2a3a","local_time":"20210104094941","is_ascension_mode":true,"campfire_choices":[{"floor":6.0,"key":"REST"},{"data":"After Image","floor":11.0,"key":"SMITH"},{"data":"Cloak And Dagger","floor":15.0,"key":"SMITH"},{"floor":23.0,"key":"REST"},{"floor":28.0,"key":"REST"},{"data":"Bullet Time","floor":32.0,"key":"SMITH"},{"floor":40.0,"key":"REST"},{"floor":44.0,"key":"REST"},{"data":"Well Laid Plans","floor":46,"key":"SMITH"},{"data":"Neutralize","floor":49,"key":"SMITH"}],"circlet_count":0,"master_deck":["Strike_G","Strike_G","Strike_G","Defend_G","Defend_G","Defend_G+1","Survivor+1","Neutralize+1","Caltrops","After Image+1","expansioncontent:DarkVoid","Cloak And Dagger+1","Dagger Spray","Accuracy","Dagger Spray","Bullet Time+1","Backflip","Dagger Spray","Neutralize","Flying Knee+1","Caltrops","Tools of the Trade","Accuracy+1","Noxious Fumes","Poisoned Stab","Phantasmal Killer","Backflip+1","Madness","Madness","Well Laid Plans+1","Riddle With Holes","Slice+1","Venomology"],"relics":["Ring of the Snake","NeowsBlessing","Ninja Scroll","Letter Opener","Toy Ornithopter","Potion Belt","SlaversCollar","Red Mask","Paper Crane","OrangePellets","Regal Pillow","MealTicket","Meat on the Bone","Orichalcum","Busted Crown","Bag of Preparation","Nunchaku"],"acts_visited":["Exordium","TheCity","TheBeyond"],"potions_floor_usage":[50,50,50,50,50],"damage_taken":[{"damage":0.0,"enemies":"2 Louse","floor":1.0,"turns":1.0},{"damage":0.0,"enemies":"3 Sentries","floor":8.0,"turns":1.0},{"damage":0.0,"enemies":"Jaw Worm","floor":10.0,"turns":1.0},{"damage":3.0,"enemies":"Gremlin Nob","floor":12.0,"turns":4.0},{"damage":0.0,"enemies":"Small Slimes","floor":13.0,"turns":2.0},{"damage":44.0,"enemies":"The Guardian","floor":16.0,"turns":15.0},{"damage":6.0,"enemies":"Shell Parasite","floor":18.0,"turns":5.0},{"damage":30.0,"enemies":"Masked Bandits","floor":19.0,"turns":4.0},{"damage":0.0,"enemies":"3 Byrds","floor":21.0,"turns":3.0},{"damage":3.0,"enemies":"Gremlin Leader","floor":24.0,"turns":6.0},{"damage":14.0,"enemies":"3 Cultists","floor":25.0,"turns":5.0},{"damage":0.0,"enemies":"Slavers","floor":29.0,"turns":4.0},{"damage":23.0,"enemies":"Chosen and Byrds","floor":30.0,"turns":6.0},{"damage":41.0,"enemies":"Automaton","floor":33.0,"turns":9.0},{"damage":3.0,"enemies":"Orb Walker","floor":35.0,"turns":3.0},{"damage":25.0,"enemies":"3 Darklings","floor":39.0,"turns":4.0},{"damage":29.0,"enemies":"Giant Head","floor":41.0,"turns":9.0},{"damage":28.0,"enemies":"Maw","floor":42.0,"turns":8.0},{"damage":38,"enemies":"Sphere and 2 Shapes","floor":45,"turns":7},{"damage":53,"enemies":"Time Eater","floor":50,"turns":13}],"seed_played":"-7707538803496276120","potions_obtained":[{"floor":1.0,"key":"Explosive Potion"},{"floor":10.0,"key":"Poison Potion"},{"floor":16.0,"key":"AttackPotion"},{"floor":25.0,"key":"Fire Potion"},{"floor":29.0,"key":"Fruit Juice"},{"floor":30.0,"key":"AttackPotion"},{"floor":33.0,"key":"SteroidPotion"},{"floor":35.0,"key":"ColorlessPotion"},{"floor":39.0,"key":"ColorlessPotion"},{"floor":41.0,"key":"Dexterity Potion"}],"is_trial":false,"path_per_floor":["M","?","?","$","?","R","?","E","T","M","R","E","M","?","R","B",null,"M","?","?","M","$","R","E","M","T","T","R","E","M","$","R","B",null,"M","$","?","?","M","R","E","M","T","R","M","R","?","$","R","B",null],"character_chosen":"THE_SILENT","items_purchased":["expansioncontent:DarkVoid","Paper Crane","OrangePellets","FairyPotion","Poisoned Stab","Venomology"],"campfire_rested":5,"item_purchase_floors":[4,22,22,22,31,48],"current_hp_per_floor":[70,56,56,56,44,65,54,54,54,54,54,56,56,56,56,17,70,64,39,39,39,39,60,57,43,43,43,70,70,47,62,62,38,70,67,70,61,61,36,70,51,35,35,70,44,44,44,59,59,48],"gold":4,"neow_bonus":"THREE_ENEMY_KILL","is_daily":false,"chose_seed":false,"campfire_upgraded":5,"win_rate":0.0,"timestamp":1609724981,"path_taken":["M","?","?","?","?","R","?","E","T","M","R","E","?","?","R","BOSS","M","?","?","?","?","R","E","M","T","?","R","E","M","$","R","BOSS","M","$","?","?","M","R","E","M","T","R","?","R","?","?","R","BOSS"],"items_purchased_type":["Card","Relic","Relic","Potion","Card","Card"],"build_version":"2020-12-22","purchased_purges":3,"victory":true,"max_hp_per_floor":[70,70,70,70,70,70,70,70,70,70,70,70,70,70,70,70,70,70,70,70,70,70,70,70,70,70,70,70,70,70,70,70,70,70,70,70,70,70,70,70,70,70,70,70,70,70,70,70,70,75],"card_choices":[{"not_picked":["Blade Dance","Bane"],"picked":"Caltrops","floor":1.0},{"not_picked":["Outmaneuver","Expertise"],"picked":"Cloak And Dagger","floor":8.0},{"not_picked":["Flying Knee","Prepared"],"picked":"Dagger Spray","floor":10.0},{"not_picked":["Night Terror","Escape Plan"],"picked":"Accuracy","floor":12.0},{"not_picked":["PiercingWail","Flechettes"],"picked":"Dagger Spray","floor":13.0},{"not_picked":["Doppelganger","Tools of the Trade"],"picked":"Bullet Time","floor":16.0},{"not_picked":["Slice","Dodge and Roll+1"],"picked":"Backflip","floor":18.0},{"not_picked":["Flechettes","Backstab"],"picked":"Dagger Spray","floor":19.0},{"not_picked":["Bouncing Flask","Backflip"],"picked":"Flying Knee+1","floor":21.0},{"not_picked":["Dagger Spray","Distraction"],"picked":"Caltrops","floor":24.0},{"not_picked":["PiercingWail","Poisoned Stab"],"picked":"Tools of the Trade","floor":25.0},{"not_picked":["Terror","Slice"],"picked":"Accuracy+1","floor":29.0},{"not_picked":["Poisoned Stab","Prepared"],"picked":"Noxious Fumes","floor":30.0},{"not_picked":["Glass Knife","Die Die Die"],"picked":"Phantasmal Killer","floor":33.0},{"not_picked":[],"picked":"Backflip+1","floor":35.0},{"not_picked":[],"picked":"Riddle With Holes","floor":39.0},{"not_picked":[],"picked":"Slice+1","floor":41.0},{"not_picked":["Endless Agony"],"picked":"SKIP","floor":42.0},{"not_picked":["Quick Slash"],"picked":"SKIP","floor":45}],"player_experience":58812,"relics_obtained":[{"floor":8.0,"key":"Letter Opener"},{"floor":9.0,"key":"Toy Ornithopter"},{"floor":12.0,"key":"Potion Belt"},{"floor":19.0,"key":"Red Mask"},{"floor":24.0,"key":"Regal Pillow"},{"floor":26.0,"key":"MealTicket"},{"floor":27.0,"key":"Meat on the Bone"},{"floor":29.0,"key":"Orichalcum"},{"floor":41.0,"key":"Bag of Preparation"},{"floor":43.0,"key":"Nunchaku"}],"event_choices":[{"damage_healed":0.0,"max_hp_gain":0.0,"max_hp_loss":0.0,"gold_gain":0.0,"event_name":"Shining Light","player_choice":"Entered Light","floor":2.0,"gold_loss":0.0,"damage_taken":14.0,"cards_upgraded":["Defend_G","Survivor"]},{"damage_healed":0.0,"max_hp_gain":0.0,"max_hp_loss":0.0,"gold_gain":0.0,"cards_transformed":["Defend_G"],"event_name":"Living Wall","player_choice":"Change","floor":3.0,"gold_loss":0.0,"damage_taken":0.0,"cards_obtained":["After Image"]},{"damage_healed":0.0,"max_hp_gain":0.0,"max_hp_loss":0.0,"gold_gain":0.0,"event_name":"Scrap Ooze","player_choice":"Success","floor":5.0,"gold_loss":0.0,"damage_taken":12.0,"relics_obtained":["Ninja Scroll"]},{"damage_healed":0.0,"max_hp_gain":0.0,"max_hp_loss":0.0,"gold_gain":75.0,"event_name":"World of Goop","player_choice":"Gather Gold","floor":7.0,"gold_loss":0.0,"damage_taken":11.0},{"damage_healed":0.0,"max_hp_gain":0.0,"max_hp_loss":0.0,"gold_gain":175.0,"event_name":"Liars Game","player_choice":"AGREE","floor":14.0,"gold_loss":0.0,"damage_taken":0.0,"cards_obtained":["Doubt"]},{"damage_healed":0.0,"max_hp_gain":0.0,"max_hp_loss":0.0,"gold_gain":0.0,"event_name":"Masked Bandits","player_choice":"Fought Bandits","floor":19.0,"gold_loss":0.0,"damage_taken":0.0},{"damage_healed":0.0,"max_hp_gain":0.0,"max_hp_loss":0.0,"gold_gain":0.0,"event_name":"Match and Keep!","player_choice":"1 cards matched","floor":20.0,"gold_loss":0.0,"damage_taken":0.0,"cards_obtained":["Neutralize"]},{"damage_healed":0.0,"max_hp_gain":0.0,"max_hp_loss":0.0,"gold_gain":0.0,"event_name":"Winding Halls","player_choice":"Embrace Madness","floor":37.0,"gold_loss":0.0,"damage_taken":9.0,"cards_obtained":["Madness","Madness"]},{"damage_healed":0.0,"max_hp_gain":0.0,"max_hp_loss":0.0,"gold_gain":0.0,"event_name":"Match and Keep!","player_choice":"1 cards matched","floor":38.0,"gold_loss":0.0,"damage_taken":0.0,"cards_obtained":["Well Laid Plans"]},{"cards_removed":["Strike_G"],"damage_healed":0,"gold_gain":0,"player_choice":"Purged","damage_taken":0,"max_hp_gain":0,"max_hp_loss":0,"event_name":"Purifier","floor":47,"gold_loss":0}],"is_beta":false,"boss_relics":[{"not_picked":["Cursed Key","Snecko Eye"],"picked":"SlaversCollar"},{"not_picked":["Velvet Choker","Ring of the Serpent"],"picked":"Busted Crown"}],"items_purged_floors":[22,31,36],"is_endless":false,"potions_floor_spawned":[1,10,16,25,29,30,33,35,39,41],"ascension_level":2}}