{"host":"474oh00kq6ni8dn3","time":1609747840,"event":{"mods":["AchievementEnabler","Aspiration","Bartender","BaseMod","Bestiary","Clockwork Mod","Colored Map","Colored Powertips","Conspire","Custom Start","Defuse TimeMaze Blight","Downfall","GifTheSpireLib","Googly Eyes","GungeonMod","Halation","Hubris","Infinite Spire","Jedi Mod","Minty Spire (QoL Compilation)","Permanent Neow","Quick Restart","Random Character Button","Replay The Spire","Shop Mod","StSLib","Stuff the Spire","The Construct","The Factory","The Jungle","Trackpad","Unceasing Turn Reminder","thorton","vexMod"],"gold_per_floor":[112,112,128,128,140,140,173,173,226,241,251,251,268,300,300,300,300],"floor_reached":16,"playtime":437,"items_purged":[],"score":123,"play_id":"7a2fe953-9f6f-4317-80b1-8cd0619cb0de","local_time":"20210104081040","is_ascension_mode":true,"campfire_choices":[{"data":"Whirlwind","floor":6,"key":"SMITH"},{"data":"Flex","floor":8,"key":"SMITH"},{"data":"Flex","floor":12,"key":"SMITH"},{"data":"Feed","floor":15,"key":"SMITH"}],"circlet_count":0,"master_deck":["Strike_R","Strike_R","Strike_R","Strike_R","Strike_R","Defend_R","Defend_R","Defend_R","Defend_R","Bash","Whirlwind+1","Ghostly Armor","Flex+1","Flex+1","Feed+1"],"relics":["Burning Blood","CultistMask","halation:PinkSoulGem","jedi:heavyjacket","Ancient Tea Set","Unceasing Top"],"acts_visited":["Exordium"],"potions_floor_usage":[16,16],"damage_taken":[{"damage":7.0,"enemies":"Small Slimes","floor":1.0,"turns":4.0},{"damage":5,"enemies":"Cultist","floor":3,"turns":3},{"damage":0,"enemies":"2 Louse","floor":5,"turns":2},{"damage":27,"enemies":"Gremlin Nob","floor":7,"turns":4},{"damage":0,"enemies":"Exordium Wildlife","floor":10,"turns":2},{"damage":4,"enemies":"Exordium Thugs","floor":11,"turns":2},{"damage":0,"enemies":"3 Louse","floor":13,"turns":2},{"damage":33,"enemies":"Lagavulin","floor":14,"turns":6},{"damage":43,"enemies":"Hexaghost","floor":16,"turns":9}],"seed_played":"4559311933060545782","potions_obtained":[{"floor":1.0,"key":"Venom Potion"},{"floor":10,"key":"Block Potion"},{"floor":11,"key":"Block Potion"}],"is_trial":false,"path_per_floor":["M","?","M","?","M","R","E","R","T","M","M","R","M","E","R","B"],"character_chosen":"IRONCLAD","items_purchased":[],"campfire_rested":0,"item_purchase_floors":[],"current_hp_per_floor":[79,79,80,80,80,80,59,59,59,65,67,67,73,46,46,3,3],"gold":300,"neow_bonus":"RANDOM_EVENT","is_daily":false,"chose_seed":false,"campfire_upgraded":4,"win_rate":0.0,"timestamp":1609747840,"path_taken":["M","?","?","?","M","R","E","R","T","M","M","R","M","E","R","BOSS"],"items_purchased_type":[],"build_version":"2020-12-22","purchased_purges":0,"victory":false,"max_hp_per_floor":[80,80,80,80,80,80,80,80,80,80,80,80,80,80,80,80,80],"card_choices":[{"not_picked":["Headbutt","Heavy Blade","jedi:fear"],"picked":"SKIP","floor":1.0},{"not_picked":["Metallicize","Havoc"],"picked":"Ghostly Armor","floor":3},{"not_picked":["Wild Strike","Replay:Undeath\u0027s Touch"],"picked":"Flex","floor":5},{"not_picked":["Dropkick","Havoc"],"picked":"Flex","floor":7},{"not_picked":["Armaments","Body Slam","Headbutt"],"picked":"SKIP","floor":10},{"not_picked":["Pommel Strike","Thunderclap","Shrug It Off"],"picked":"SKIP","floor":11},{"not_picked":["Body Slam","Sentinel","Replay:Undeath\u0027s Touch"],"picked":"SKIP","floor":13},{"not_picked":["Perfected Strike","Body Slam"],"picked":"Feed","floor":14}],"player_experience":60038,"relics_obtained":[{"floor":7,"key":"jedi:heavyjacket"},{"floor":9,"key":"Ancient Tea Set"},{"floor":14,"key":"Unceasing Top"}],"event_choices":[{"damage_healed":0.0,"max_hp_gain":0.0,"max_hp_loss":0.0,"gold_gain":0.0,"event_name":"FaceTrader","player_choice":"Trade","floor":2.0,"gold_loss":0.0,"damage_taken":0.0,"relics_obtained":["CultistMask"]}],"is_beta":false,"boss_relics":[],"items_purged_floors":[],"is_endless":false,"potions_floor_spawned":[1,10,11],"killed_by":"Hexaghost","ascension_level":2}}