{"host":"5wznv0010959mrmz","time":1609790848,"event":{"mods":["BaseMod","Highlight Path","Minty Spire (QoL Compilation)","Relic Stats"],"gold_per_floor":[118,118,118,131,131,131,171,171,198,123,123,148,186,261,261,261,261],"floor_reached":16,"playtime":323,"items_purged":["Injury"],"score":262,"play_id":"ed967a3d-8474-4c13-83b0-d5e37c1f62f1","local_time":"20210104140728","is_ascension_mode":true,"campfire_choices":[{"data":"Poisoned Stab","floor":6,"key":"SMITH"},{"data":"Poisoned Stab","floor":8,"key":"SMITH"},{"data":"Neutralize","floor":11,"key":"SMITH"},{"data":"Die Die Die","floor":15,"key":"SMITH"}],"circlet_count":0,"master_deck":["AscendersBane","Strike_G","Strike_G","Strike_G","Strike_G","Strike_G","Defend_G","Defend_G","Defend_G","Defend_G","Defend_G","Survivor","Neutralize+1","Poisoned Stab+1","Poisoned Stab+1","Sucker Punch","Die Die Die+1"],"relics":["Ring of the Snake","NeowsBlessing","Golden Idol","Gremlin Horn","Ancient Tea Set","Omamori","Bronze Scales"],"acts_visited":["Exordium"],"potions_floor_usage":[13,16,16],"damage_taken":[{"damage":0,"enemies":"Small Slimes","floor":1,"turns":1},{"damage":0,"enemies":"2 Louse","floor":4,"turns":1},{"damage":0,"enemies":"3 Sentries","floor":7,"turns":1},{"damage":0,"enemies":"Jaw Worm","floor":12,"turns":2},{"damage":24,"enemies":"Gremlin Nob","floor":13,"turns":4},{"damage":39,"enemies":"Slime Boss","floor":16,"turns":6}],"seed_played":"-6056275052528905510","potions_obtained":[{"floor":4,"key":"PowerPotion"},{"floor":12,"key":"DistilledChaos"},{"floor":13,"key":"CunningPotion"}],"is_trial":false,"path_per_floor":["M","?","?","M","T","R","E","R","T","$","R","M","E","?","R","B"],"character_chosen":"THE_SILENT","items_purchased":[],"campfire_rested":0,"item_purchase_floors":[],"current_hp_per_floor":[59,59,64,64,64,64,64,64,64,64,64,64,40,29,29,0,0],"gold":261,"neow_bonus":"THREE_ENEMY_KILL","is_daily":false,"chose_seed":false,"campfire_upgraded":4,"win_rate":0.0,"timestamp":1609790848,"path_taken":["M","?","?","M","?","R","E","R","T","$","R","?","E","?","R","BOSS"],"items_purchased_type":[],"build_version":"2020-12-22","purchased_purges":1,"victory":false,"max_hp_per_floor":[66,66,71,71,71,71,71,71,71,71,71,71,71,71,71,71,71],"relic_stats":{"Gremlin Horn":[2,2],"counters":[6,15],"Golden Idol":24,"Bronze Scales":[6],"obtain_stats":[{"NeowsBlessing":0,"Gremlin Horn":5,"Golden Idol":2,"Bronze Scales":13,"Omamori":9,"Ancient Tea Set":7,"Ring of the Snake":0},{"NeowsBlessing":0,"Gremlin Horn":2,"Golden Idol":1,"Bronze Scales":5,"Omamori":3,"Ancient Tea Set":3,"Ring of the Snake":0},{"NeowsBlessing":0,"Gremlin Horn":2,"Golden Idol":1,"Bronze Scales":9,"Omamori":3,"Ancient Tea Set":3,"Ring of the Snake":0}],"Ring of the Snake":[12]},"card_choices":[{"not_picked":["Prepared","Slice"],"picked":"Poisoned Stab","floor":1},{"not_picked":["Dagger Throw","Blade Dance"],"picked":"Poisoned Stab","floor":4},{"not_picked":["Accuracy","Prepared","Infinite Blades"],"picked":"SKIP","floor":7},{"not_picked":["Finisher","Quick Slash"],"picked":"Sucker Punch","floor":12},{"not_picked":["Dodge and Roll","Choke"],"picked":"Die Die Die","floor":13}],"player_experience":400646,"relics_obtained":[{"floor":5,"key":"Gremlin Horn"},{"floor":7,"key":"Ancient Tea Set"},{"floor":9,"key":"Omamori"},{"floor":13,"key":"Bronze Scales"}],"event_choices":[{"damage_healed":0,"gold_gain":0,"player_choice":"Take Wound","damage_taken":0,"relics_obtained":["Golden Idol"],"max_hp_gain":0,"max_hp_loss":0,"event_name":"Golden Idol","floor":2,"gold_loss":0,"cards_obtained":["Injury"]},{"damage_healed":0,"gold_gain":0,"player_choice":"Donut","damage_taken":0,"max_hp_gain":5,"max_hp_loss":0,"event_name":"Big Fish","floor":3,"gold_loss":0},{"damage_healed":0,"gold_gain":75,"player_choice":"Gather Gold","damage_taken":11,"max_hp_gain":0,"max_hp_loss":0,"event_name":"World of Goop","floor":14,"gold_loss":0}],"is_beta":false,"boss_relics":[],"items_purged_floors":[10],"is_endless":false,"potions_floor_spawned":[4,12,13],"killed_by":"Slime Boss","ascension_level":20}}