{"host":"uoq8e77duj6rs50g","time":1609793773,"event":{"mods":["BaseMod","Better Match","Better Note","Better Third Choice","BetterRewards","Block Reminder","ChefMod","Curses Come First","Hermit","Hubris","Ironclad Rager","Minty Spire (QoL Compilation)","Relic Stats","Replay The Spire","Shade Mod","StSLib","The Blue Laboratory","The Cursed","The Dragon Tamer","The Exalted","The Judge","The Marked","The Runesmith","The Servant 0.9.4","TheSwordswoman"],"gold_per_floor":[111,121,121,138,35,35,46,64,64,64,83,117,322,333,333,432,432,443,40,53,53,53,53,66,66,66,76,86,86,99,99,99],"floor_reached":31,"playtime":2463,"items_purged":[],"score":241,"play_id":"8c99d303-505c-4276-ba58-a7dd8fb7a052","local_time":"20210104155613","is_ascension_mode":false,"campfire_choices":[{"data":"theMarked:ComboAttacks","floor":6,"key":"SMITH"},{"floor":10,"key":"REST"},{"floor":23,"key":"REST"},{"floor":25,"key":"REST"},{"floor":29,"key":"REST"}],"circlet_count":0,"master_deck":["theMarked:Strike","theMarked:Strike","theMarked:Strike","theMarked:Strike","theMarked:Strike","theMarked:Defend","theMarked:Defend","theMarked:Defend","theMarked:Defend","theMarked:SoldierOfQuellstein","theMarked:HeritageOfTheMarked","theMarked:Improvise","theMarked:DeterminationOfTheMarked","theMarked:Static","theMarked:ComboAttacks+1","theMarked:Electrify+1","theMarked:ElectricStrings","theMarked:PowerFlow","theMarked:BindingBlade","theMarked:EmpowerWeapon","theMarked:GodGivenPower","theMarked:EternalStudent","theMarked:HeritageOfTheMarked+1","theMarked:Aftermath","Bandage Up","theMarked:RogueSparks","theMarked:RepellingDischarge","theMarked:Static","theMarked:Improvise+1"],"relics":["theMarked:ArtifactOfAir","NeowsBlessing","NlothsMask","PreservedInsect","hubris:Backtick","Quantum Egg","hubris:BundleOfHerbs","Singing Bowl"],"acts_visited":["Exordium","TheCity"],"potions_floor_usage":[12,20,27],"damage_taken":[{"damage":0,"enemies":"Jaw Worm","floor":1,"turns":1},{"damage":0,"enemies":"Cultist","floor":2,"turns":1},{"damage":0,"enemies":"2 Louse","floor":4,"turns":1},{"damage":20,"enemies":"Gremlin Gang","floor":7,"turns":5},{"damage":4,"enemies":"2 Fungi Beasts","floor":8,"turns":3},{"damage":4,"enemies":"Blue Slaver","floor":11,"turns":4},{"damage":11,"enemies":"Lagavulin","floor":12,"turns":5},{"damage":10,"enemies":"3 Louse","floor":14,"turns":3},{"damage":51,"enemies":"The Guardian","floor":16,"turns":10},{"damage":30,"enemies":"Shell Parasite","floor":18,"turns":4},{"damage":21,"enemies":"2 Thieves","floor":20,"turns":4},{"damage":32,"enemies":"Centurion and Healer","floor":24,"turns":4},{"damage":25,"enemies":"Cultist and Chosen","floor":27,"turns":5},{"damage":35,"enemies":"Sentry and Sphere","floor":28,"turns":5},{"damage":34,"enemies":"Shelled Parasite and Fungi","floor":30,"turns":6},{"damage":17,"enemies":"3 Cultists","floor":31,"turns":3}],"seed_played":"293894100037657305","potions_obtained":[{"floor":1,"key":"blueLaboratory:EnragingPotion"},{"floor":7,"key":"Weak Potion"},{"floor":12,"key":"blueLaboratory:HummingbirdPotion"},{"floor":14,"key":"blueLaboratory:BottleOfVodka"},{"floor":16,"key":"BlessingOfTheForge"},{"floor":20,"key":"Explosive Potion"},{"floor":24,"key":"Regen Potion"},{"floor":27,"key":"blueLaboratory:PolymorphPotion"}],"is_trial":false,"path_per_floor":["M","M","?","M","$","R","M","M","T","R","M","E","?","M","R","B",null,"M","$","M","?","?","R","M","R","T","M","M","R","M","M"],"character_chosen":"THE_DEFAULT","items_purchased":["theMarked:Static","theMarked:ComboAttacks","hubris:BundleOfHerbs","theMarked:Aftermath","Bandage Up"],"campfire_rested":4,"item_purchase_floors":[5,5,19,19,19],"current_hp_per_floor":[70,70,70,70,70,70,50,46,46,67,63,52,52,42,63,12,70,40,40,29,23,23,44,25,46,46,39,16,37,13,0,0],"gold":99,"neow_bonus":"THREE_ENEMY_KILL","is_daily":false,"chose_seed":false,"campfire_upgraded":1,"win_rate":0.0,"timestamp":1609793773,"path_taken":["M","M","?","M","?","R","M","?","T","R","M","E","?","M","R","BOSS","M","$","M","?","?","R","M","R","T","?","M","R","M","M"],"items_purchased_type":["Card","Card","Relic","Card","Card"],"build_version":"2020-12-22","purchased_purges":0,"victory":false,"max_hp_per_floor":[70,70,70,70,70,70,70,70,70,70,70,70,70,70,70,70,70,70,70,70,70,70,70,70,70,70,70,72,72,72,72,72],"relic_stats":{"Singing Bowl":2,"counters":[16,63],"PreservedInsect":0,"obtain_stats":[{"theMarked:ArtifactOfAir":0,"hubris:Backtick":17,"NeowsBlessing":0,"Singing Bowl":26,"Quantum Egg":17,"PreservedInsect":12,"hubris:BundleOfHerbs":19,"NlothsMask":3},{"theMarked:ArtifactOfAir":0,"hubris:Backtick":9,"NeowsBlessing":0,"Singing Bowl":12,"Quantum Egg":9,"PreservedInsect":7,"hubris:BundleOfHerbs":10,"NlothsMask":2},{"theMarked:ArtifactOfAir":0,"hubris:Backtick":32,"NeowsBlessing":0,"Singing Bowl":44,"Quantum Egg":32,"PreservedInsect":20,"hubris:BundleOfHerbs":36,"NlothsMask":2}]},"card_choices":[{"not_picked":["theMarked:SelfDefenseTraining","theMarked:WardOff"],"picked":"theMarked:HeritageOfTheMarked","floor":1},{"not_picked":["theMarked:ElectricStrings","theMarked:TwofoldDefense"],"picked":"theMarked:Improvise","floor":2},{"not_picked":["theMarked:StartUp","theMarked:Improvise"],"picked":"theMarked:DeterminationOfTheMarked","floor":4},{"not_picked":["theMarked:ElectricStrings","theMarked:EmpowerWeapon"],"picked":"theMarked:Electrify","floor":7},{"not_picked":["theMarked:KeepCalmAndFightOn","theMarked:WardOff"],"picked":"theMarked:ElectricStrings","floor":8},{"not_picked":["theMarked:WastefulDefense","theMarked:Parkour"],"picked":"theMarked:PowerFlow","floor":11},{"not_picked":["theMarked:EmpowerWeapon","theMarked:TwofoldDefense"],"picked":"theMarked:BindingBlade","floor":12},{"not_picked":["theMarked:Frustration","theMarked:TwofoldDefense"],"picked":"theMarked:EmpowerWeapon","floor":13},{"not_picked":["theMarked:Frustration","theMarked:Improvise"],"picked":"theMarked:GodGivenPower","floor":14},{"not_picked":["theMarked:SuspiciousRaven","theMarked:BindingBlade"],"picked":"theMarked:EternalStudent","floor":16},{"not_picked":["theMarked:Static","theMarked:GodGivenPower+1"],"picked":"theMarked:HeritageOfTheMarked+1","floor":18},{"not_picked":["theMarked:ResourceFulStrike","theMarked:DeterminationOfTheMarked"],"picked":"theMarked:RogueSparks","floor":20},{"not_picked":["theMarked:SwordAndMagic+1","theMarked:Improvise"],"picked":"theMarked:RepellingDischarge","floor":24},{"not_picked":["theMarked:TwofoldDefense","theMarked:Electrify+1"],"picked":"theMarked:Static","floor":27},{"not_picked":["theMarked:EmpowerWeapon","theMarked:Electrocute","theMarked:ElectricStrings"],"picked":"Singing Bowl","floor":28},{"not_picked":["theMarked:EmpowerWeapon+1","theMarked:Static"],"picked":"theMarked:Improvise+1","floor":30}],"player_experience":375442,"relics_obtained":[{"floor":12,"key":"PreservedInsect"},{"floor":26,"key":"Singing Bowl"}],"event_choices":[{"damage_healed":0,"gold_gain":0,"player_choice":"Trade","damage_taken":0,"relics_obtained":["NlothsMask"],"max_hp_gain":0,"max_hp_loss":0,"event_name":"FaceTrader","floor":3,"gold_loss":0},{"damage_healed":0,"gold_gain":0,"player_choice":"","damage_taken":6,"max_hp_gain":0,"max_hp_loss":0,"event_name":"Knowing Skull","floor":21,"potions_obtained":[],"gold_loss":0,"cards_obtained":[]},{"damage_healed":0,"gold_gain":0,"player_choice":"Ignored","damage_taken":0,"max_hp_gain":0,"max_hp_loss":0,"event_name":"betterNote:BetterNote","floor":22,"gold_loss":0,"cards_obtained":["TheCursedMod:Strike_TheCursed"]}],"is_beta":false,"boss_relics":[{"not_picked":["Runic Dome","ReplayTheSpireMod:DimensionalGlitch"],"picked":"hubris:Backtick"}],"items_purged_floors":[],"is_endless":false,"potions_floor_spawned":[1,7,12,14,16,20,24,27],"killed_by":"3 Cultists","ascension_level":0}}