{"host":"6azrrw3tf7wb0f4b","time":1609778984,"event":{"mods":["BaseMod","DeckTracker","Minty Spire (QoL Compilation)","SuperFastMode"],"gold_per_floor":[117,192,202,229,229,239,239,259,259,94,110,110,122,122,122,122,122],"floor_reached":16,"playtime":241,"items_purged":[],"score":170,"play_id":"fc634ee8-7f5e-4d0b-bf38-c95719b8493e","local_time":"20210105014944","is_ascension_mode":true,"campfire_choices":[{"data":"Dropkick","floor":7,"key":"SMITH"},{"data":"Perfected Strike","floor":12,"key":"SMITH"},{"data":"Juggernaut","floor":15,"key":"SMITH"}],"circlet_count":0,"master_deck":["AscendersBane","Strike_R","Strike_R","Strike_R","Strike_R","Strike_R","Defend_R","Defend_R","Defend_R","Defend_R","Bash+1","Dropkick+1","Clash","Power Through","Perfected Strike+1","Flame Barrier","Juggernaut+1","Shrug It Off","Dual Wield"],"relics":["Burning Blood","Anchor","Lantern","Art of War"],"acts_visited":["Exordium"],"potions_floor_usage":[16],"damage_taken":[{"damage":9,"enemies":"Jaw Worm","floor":1,"turns":5},{"damage":10,"enemies":"Small Slimes","floor":3,"turns":4},{"damage":1,"enemies":"Cultist","floor":6,"turns":3},{"damage":4,"enemies":"2 Fungi Beasts","floor":8,"turns":4},{"damage":6,"enemies":"Looter","floor":11,"turns":3},{"damage":8,"enemies":"Blue Slaver","floor":13,"turns":3},{"damage":65,"enemies":"Slime Boss","floor":16,"turns":9}],"seed_played":"-2879087736978697104","potions_obtained":[{"floor":1,"key":"ElixirPotion"},{"floor":6,"key":"BlessingOfTheForge"}],"is_trial":false,"path_per_floor":["M","?","M","T","?","M","R","M","T","$","M","R","M","?","R","B"],"character_chosen":"IRONCLAD","items_purchased":["Flame Barrier","Juggernaut"],"campfire_rested":0,"item_purchase_floors":[10,10],"current_hp_per_floor":[65,54,50,50,50,55,55,57,57,57,57,57,55,60,60,0,0],"gold":122,"neow_bonus":"RANDOM_COMMON_RELIC","is_daily":false,"chose_seed":false,"campfire_upgraded":3,"win_rate":0.0,"timestamp":1609778984,"path_taken":["M","?","M","?","?","?","R","M","T","$","M","R","M","?","R","BOSS"],"items_purchased_type":["Card","Card"],"build_version":"2020-12-22","purchased_purges":0,"victory":false,"max_hp_per_floor":[75,75,75,75,75,75,75,75,75,75,75,75,75,80,80,80,80],"card_choices":[{"not_picked":["Rage","Sword Boomerang"],"picked":"Dropkick","floor":1},{"not_picked":["Fire Breathing","Spot Weakness"],"picked":"Clash","floor":3},{"not_picked":["Hemokinesis","Body Slam"],"picked":"Power Through","floor":6},{"not_picked":["Iron Wave","True Grit"],"picked":"Perfected Strike","floor":8},{"not_picked":["Berserk","Combust"],"picked":"Shrug It Off","floor":11},{"not_picked":["Clothesline","Rampage"],"picked":"Dual Wield","floor":13}],"player_experience":670648,"relics_obtained":[{"floor":4,"key":"Lantern"},{"floor":9,"key":"Art of War"}],"event_choices":[{"damage_healed":0,"gold_gain":75,"player_choice":"Gather Gold","damage_taken":11,"max_hp_gain":0,"max_hp_loss":0,"event_name":"World of Goop","floor":2,"gold_loss":0},{"damage_healed":0,"gold_gain":0,"player_choice":"Upgraded","damage_taken":0,"max_hp_gain":0,"max_hp_loss":0,"event_name":"Upgrade Shrine","floor":5,"gold_loss":0,"cards_upgraded":["Bash"]},{"damage_healed":0,"gold_gain":0,"player_choice":"Donut","damage_taken":0,"max_hp_gain":5,"max_hp_loss":0,"event_name":"Big Fish","floor":14,"gold_loss":0}],"is_beta":false,"boss_relics":[],"items_purged_floors":[],"is_endless":false,"potions_floor_spawned":[1,6,11,13],"killed_by":"Slime Boss","ascension_level":17}}