{"host":"j45ucdvl5ntpx4kf","time":1609718438,"event":{"mods":["AchievementEnabler","BaseMod","Colored Map","Colored Powertips","Minty Spire (QoL Compilation)","StSLib"],"gold_per_floor":[118,129,146,106,31,62,62,72,97,52,52,52,52,64,64,161,161,171,171,171,35,52,79,79,79,79,106,122,122,173,173,173],"floor_reached":31,"playtime":1325,"items_purged":["Strike_R","Strike_R"],"score":339,"play_id":"766bb2b1-d9f6-4f00-ac15-126d56deefd9","local_time":"20210103190038","is_ascension_mode":true,"campfire_choices":[{"data":"Spot Weakness","floor":7,"key":"SMITH"},{"data":"Juggernaut","floor":12,"key":"SMITH"},{"data":"Bash","floor":15,"key":"SMITH"},{"data":"Inflame","floor":24,"key":"SMITH"}],"circlet_count":0,"master_deck":["Strike_R","Strike_R","Defend_R","Defend_R","Defend_R","Defend_R","Bash+1","Spot Weakness+1","Iron Wave","Juggernaut+1","Iron Wave","Shrug It Off","Pommel Strike","Reaper","Combust","Spot Weakness","Inflame+1","Decay"],"relics":["Burning Blood","Dream Catcher","Centennial Puzzle","Vajra","Velvet Choker","MutagenicStrength","Blood Vial","Akabeko","Torii","Lantern"],"acts_visited":["Exordium","TheCity"],"potions_floor_usage":[6,16,16,23,23,27,28,31],"damage_taken":[{"damage":7,"enemies":"2 Louse","floor":1,"turns":5},{"damage":1,"enemies":"Cultist","floor":2,"turns":3},{"damage":4,"enemies":"Jaw Worm","floor":3,"turns":4},{"damage":8,"enemies":"Lagavulin","floor":6,"turns":7},{"damage":11,"enemies":"Exordium Wildlife","floor":8,"turns":4},{"damage":16,"enemies":"Exordium Thugs","floor":14,"turns":6},{"damage":22,"enemies":"The Guardian","floor":16,"turns":10},{"damage":0,"enemies":"Chosen","floor":18,"turns":3},{"damage":20,"enemies":"2 Thieves","floor":22,"turns":4},{"damage":49,"enemies":"Gremlin Leader","floor":23,"turns":6},{"damage":51,"enemies":"Book of Stabbing","floor":27,"turns":6},{"damage":39,"enemies":"Shelled Parasite and Fungi","floor":28,"turns":6},{"damage":20,"enemies":"Snake Plant","floor":31,"turns":3}],"seed_played":"-3488439984301696429","potions_obtained":[{"floor":1,"key":"LiquidMemories"},{"floor":4,"key":"HeartOfIron"},{"floor":4,"key":"GamblersBrew"},{"floor":14,"key":"Block Potion"},{"floor":16,"key":"Dexterity Potion"},{"floor":22,"key":"ColorlessPotion"},{"floor":23,"key":"Swift Potion"},{"floor":27,"key":"BlessingOfTheForge"}],"is_trial":false,"path_per_floor":["M","M","M","?","$","E","R","M","T","$","?","R","T","M","R","B",null,"M","?","?","$","M","E","R","$","T","E","M","?","T","M"],"character_chosen":"IRONCLAD","items_purchased":["Shrug It Off","Inflame"],"campfire_rested":0,"item_purchase_floors":[10,21],"current_hp_per_floor":[79,80,80,80,80,78,78,73,73,73,78,78,78,68,68,52,77,85,85,85,85,71,50,50,50,50,23,18,18,18,0,0],"gold":173,"neow_bonus":"TRANSFORM_CARD","is_daily":false,"chose_seed":false,"campfire_upgraded":4,"win_rate":0.0,"timestamp":1609718438,"path_taken":["M","M","M","?","$","E","R","?","T","$","?","R","?","M","R","BOSS","M","?","?","$","M","E","R","$","T","E","M","?","?","M"],"items_purchased_type":["Card","Card"],"build_version":"2020-12-22","purchased_purges":2,"victory":false,"max_hp_per_floor":[80,80,80,80,80,80,80,80,80,80,85,85,85,85,85,85,85,85,85,85,85,85,85,85,85,85,85,85,85,85,85,85],"card_choices":[{"not_picked":["Flame Barrier","Havoc","Seeing Red"],"picked":"SKIP","floor":1},{"not_picked":["Heavy Blade","Evolve"],"picked":"Iron Wave","floor":2},{"not_picked":["Perfected Strike","Clothesline"],"picked":"Juggernaut","floor":3},{"not_picked":["Bludgeon","Searing Blow"],"picked":"Iron Wave","floor":6},{"not_picked":["Infernal Blade","Flame Barrier","Sword Boomerang"],"picked":"SKIP","floor":8},{"not_picked":["Twin Strike","Thunderclap","Pommel Strike"],"picked":"SKIP","floor":14},{"not_picked":["Twin Strike","Thunderclap"],"picked":"Pommel Strike","floor":14},{"not_picked":["Demon Form","Double Tap"],"picked":"Reaper","floor":16},{"not_picked":["Perfected Strike","Twin Strike"],"picked":"Combust","floor":18},{"not_picked":["Clothesline","Searing Blow","Warcry"],"picked":"SKIP","floor":22},{"not_picked":["Flame Barrier","Clothesline","Ghostly Armor"],"picked":"SKIP","floor":23},{"not_picked":["Cleave","Spot Weakness","Demon Form"],"picked":"SKIP","floor":27},{"not_picked":["Perfected Strike","Thunderclap","Dark Embrace"],"picked":"SKIP","floor":28}],"player_experience":122869,"relics_obtained":[{"floor":6,"key":"Dream Catcher"},{"floor":9,"key":"Centennial Puzzle"},{"floor":13,"key":"Vajra"},{"floor":23,"key":"Blood Vial"},{"floor":26,"key":"Akabeko"},{"floor":27,"key":"Torii"},{"floor":30,"key":"Lantern"}],"event_choices":[{"damage_healed":0,"gold_gain":0,"player_choice":"Bought 3 Potions","damage_taken":0,"max_hp_gain":0,"max_hp_loss":0,"event_name":"The Woman in Blue","floor":4,"gold_loss":0},{"damage_healed":0,"gold_gain":0,"player_choice":"Donut","damage_taken":0,"max_hp_gain":5,"max_hp_loss":0,"event_name":"Big Fish","floor":11,"gold_loss":0},{"damage_healed":0,"gold_gain":0,"player_choice":"Read","damage_taken":0,"max_hp_gain":0,"max_hp_loss":0,"event_name":"The Library","floor":19,"gold_loss":0,"cards_obtained":["Spot Weakness"]},{"damage_healed":0,"gold_gain":0,"player_choice":"Inject Mutagens","damage_taken":0,"relics_obtained":["MutagenicStrength"],"max_hp_gain":0,"max_hp_loss":0,"event_name":"Drug Dealer","floor":20,"gold_loss":0},{"damage_healed":0,"gold_gain":0,"player_choice":"Smashed Altar","damage_taken":0,"max_hp_gain":0,"max_hp_loss":0,"event_name":"Forgotten Altar","floor":29,"gold_loss":0,"cards_obtained":["Decay"]}],"is_beta":false,"boss_relics":[{"not_picked":["Cursed Key","Empty Cage"],"picked":"Velvet Choker"}],"items_purged_floors":[5,21],"is_endless":false,"potions_floor_spawned":[1,14,16,22,23,27],"killed_by":"Snake Plant","ascension_level":5}}