{"host":"svwqvw2il1zfkkg0","time":1609794007,"event":{"mods":["AchievementEnabler","BaseMod","BetterRewards","Colored Map","Colored Powertips","Custom Start","Downfall","GifTheSpireLib","Highlight Path","Hubris","Infinite Spire","Minty Spire (QoL Compilation)","Quick Restart","Replay The Spire","Shop Mod","StSLib","SuperFastMode"],"gold_per_floor":[364,383,95,106,4,30,30,30,30,42,329,356,368,380,392,503,515,547,559,486,517,43,43,76,76,76,76,109,128,128,147,147,252,302,313,313,326,341,359,359,53,65,65,65,97,113,51,66,66,66],"floor_reached":51,"playtime":1492,"items_purged":["Regret"],"score":820,"play_id":"fbe7c6b5-48ab-4784-b63a-f3ed935badc2","local_time":"20210104130007","is_ascension_mode":false,"campfire_choices":[{"data":"Tools of the Trade","floor":7,"key":"SMITH"},{"data":"ReplayTheSpireMod:Faulty Equipment","floor":13,"key":"SMITH"},{"data":"Prepared","floor":15,"key":"SMITH"},{"floor":23,"key":"REST"},{"data":"Dramatic Entrance","floor":25,"key":"SMITH"},{"data":"Atom Bomb","floor":27,"key":"SMITH"},{"floor":32,"key":"REST"},{"floor":40,"key":"REST"},{"floor":44,"key":"REST"},{"floor":49,"key":"REST"}],"circlet_count":0,"master_deck":["Strike_G","Strike_G","Strike_G","Strike_G","Strike_G","Defend_G","Defend_G","Defend_G","Defend_G","Defend_G","Survivor","Neutralize","Quick Slash","Poisoned Stab","Tools of the Trade+1","Prepared+1","Underhanded Strike","Dagger Spray","Endless Agony","Endless Agony","Sucker Punch+1","Venomology+1","Endless Agony+1","Atom Bomb+1","Sucker Punch+1","Bane","Dramatic Entrance+1","Deadly Poison","Bane","Replay:Poison Smokescreen+1","Poisoned Stab","Corpse Explosion","Blade Dance+1","Bane","Dagger Spray","Cloak And Dagger+1"],"relics":["Ring of the Snake","Chameleon Ring","MawBank","hubris:Backtick","Gremlin Horn","Kunai","Lantern","MerchantsRug","Bottled Flame","Replay:Bottled Snecko","Tiny House","Bronze Scales","hubris:EmptyBottle","hubris:SphereOfDissonance","Toxic Egg 2"],"acts_visited":["Exordium","TheCity","TheBeyond"],"potions_floor_usage":[6,16,16,18,24,24,33,33,35,38,38,38,38,39,39,42,45,45,45,45,45,46,46,50,50,50,50,50,50,50],"damage_taken":[{"damage":2,"enemies":"Small Slimes","floor":1,"turns":4},{"damage":0,"enemies":"2 Louse","floor":2,"turns":3},{"damage":0,"enemies":"Cultist","floor":4,"turns":3},{"damage":11,"enemies":"Replay:BlueRogue","floor":6,"turns":3},{"damage":0,"enemies":"Looter","floor":12,"turns":2},{"damage":0,"enemies":"Slime Boss","floor":16,"turns":3},{"damage":14,"enemies":"Shell Parasite","floor":18,"turns":6},{"damage":7,"enemies":"Chosen","floor":21,"turns":4},{"damage":13,"enemies":"Book of Stabbing","floor":24,"turns":3},{"damage":0,"enemies":"Snake Plant","floor":29,"turns":1},{"damage":4,"enemies":"3 Cultists","floor":31,"turns":2},{"damage":24,"enemies":"Collector","floor":33,"turns":5},{"damage":12,"enemies":"3 Darklings","floor":35,"turns":4},{"damage":3,"enemies":"3 Shapes","floor":37,"turns":1},{"damage":29,"enemies":"Maw","floor":38,"turns":6},{"damage":0,"enemies":"3 Darklings","floor":39,"turns":2},{"damage":31,"enemies":"Jaw Worm Horde","floor":42,"turns":4},{"damage":14,"enemies":"Giant Head","floor":45,"turns":5},{"damage":20,"enemies":"4 Shapes","floor":46,"turns":4},{"damage":40,"enemies":"Sphere and 2 Shapes","floor":48,"turns":3},{"damage":37,"enemies":"infinitespire:MassOfShapes","floor":50,"turns":6}],"seed_played":"2142779568583680333","potions_obtained":[{"floor":1,"key":"Block Potion"},{"floor":2,"key":"SpeedPotion"},{"floor":12,"key":"LifebloodPotion"},{"floor":24,"key":"SneckoOil"},{"floor":29,"key":"sneckomod:MuddlingPotion"},{"floor":33,"key":"ColorlessPotion"},{"floor":34,"key":"Fire Potion"},{"floor":39,"key":"BlessingOfTheForge"},{"floor":42,"key":"Explosive Potion"},{"floor":46,"key":"Languid Potion"},{"floor":48,"key":"LiquidBronze"}],"is_trial":false,"path_per_floor":["M","M","$","M","$","E","R","?","T","?","?","M","R","?","R","B",null,"M","?","?","M","$","R","E","R","T","R","$","M","?","M","R","B",null,"M","?","M","M","M","R","$","M","T","R","E","M","$","M","R","B",null],"character_chosen":"THE_SILENT","items_purchased":["Tools of the Trade","Prepared","Underhanded Strike","Fire Potion","Endless Agony","Sucker Punch","Lantern","Dramatic Entrance","Deadly Poison","MerchantsRug","Bronze Scales","hubris:EmptyBottle","CultistPotion"],"campfire_rested":5,"item_purchase_floors":[3,3,3,3,5,5,22,22,22,22,41,41,47],"current_hp_per_floor":[68,68,68,68,68,57,57,57,57,57,57,57,57,57,57,57,70,56,56,56,49,49,70,57,57,57,57,57,57,57,53,70,46,75,63,63,60,31,31,53,53,22,22,44,30,60,60,20,42,5],"gold":66,"neow_bonus":"TWO_FIFTY_GOLD","is_daily":false,"chose_seed":false,"campfire_upgraded":5,"win_rate":0.0,"timestamp":1609794007,"path_taken":["M","M","$","M","$","E","R","?","T","?","?","?","R","?","R","BOSS","M","?","?","M","$","R","E","R","T","R","$","M","?","M","R","BOSS","M","?","M","M","M","R","$","M","T","R","E","M","$","M","R","BOSS"],"items_purchased_type":["Card","Card","Card","Potion","Card","Card","Relic","Card","Card","Relic","Relic","Relic","Potion"],"build_version":"2020-12-22","purchased_purges":1,"victory":true,"max_hp_per_floor":[70,70,70,70,70,70,70,70,70,70,70,70,70,70,70,70,70,70,70,70,70,70,70,70,70,70,70,70,70,70,70,70,70,75,75,75,75,75,75,75,75,75,75,75,75,75,75,75,75,75],"card_choices":[{"not_picked":["Riddle With Holes","PiercingWail"],"picked":"Quick Slash","floor":1},{"not_picked":["Terror","Outmaneuver"],"picked":"Poisoned Stab","floor":2},{"not_picked":["Leg Sweep","Choke"],"picked":"Dagger Spray","floor":4},{"not_picked":["Blur","PiercingWail"],"picked":"Venomology","floor":6},{"not_picked":["Dodge and Roll","ReplayTheSpireMod:Exploit Weakness"],"picked":"Endless Agony","floor":12},{"not_picked":["Venomology","Wraith Form v2"],"picked":"Atom Bomb","floor":16},{"not_picked":["Deflect","hubris:TrickCloak"],"picked":"Sucker Punch+1","floor":18},{"not_picked":["Flechettes","hubris:Sniper"],"picked":"Bane","floor":21},{"not_picked":["Dagger Throw","Deadly Poison+1"],"picked":"Bane","floor":24},{"not_picked":["Backflip","Calculated Gamble"],"picked":"Replay:Poison Smokescreen+1","floor":29},{"not_picked":["Dodge and Roll+1","Quick Slash+1"],"picked":"Poisoned Stab","floor":31},{"not_picked":["Unload","Venomology"],"picked":"Corpse Explosion","floor":33},{"not_picked":["ReplayTheSpireMod:The Works","Cloak And Dagger","Sucker Punch"],"picked":"SKIP","floor":35},{"not_picked":["Prepared+1","Concentrate"],"picked":"Blade Dance+1","floor":37},{"not_picked":["Sucker Punch","Slice+1"],"picked":"Bane","floor":38},{"not_picked":["Toxin Wave","Underhanded Strike","ReplayTheSpireMod:Shiv Toss+1"],"picked":"SKIP","floor":39},{"not_picked":["Terror+1","Malaise","Acrobatics+1"],"picked":"SKIP","floor":42},{"not_picked":["Dodge and Roll+1","Sneak Up+1","Hidden Blade+1"],"picked":"SKIP","floor":45},{"not_picked":["Quick Slash","Dagger Throw"],"picked":"Dagger Spray","floor":46},{"not_picked":["Noxious Fumes","Setup+1"],"picked":"Cloak And Dagger+1","floor":48}],"player_experience":449793,"relics_obtained":[{"floor":6,"key":"Chameleon Ring"},{"floor":9,"key":"MawBank"},{"floor":24,"key":"Bottled Flame"},{"floor":26,"key":"Replay:Bottled Snecko"},{"floor":43,"key":"hubris:SphereOfDissonance"},{"floor":45,"key":"Toxic Egg 2"}],"event_choices":[{"damage_healed":0,"gold_gain":0,"player_choice":"Grow","damage_taken":0,"max_hp_gain":0,"max_hp_loss":0,"event_name":"Living Wall","floor":10,"gold_loss":0,"cards_upgraded":["Venomology"]},{"damage_healed":0,"gold_gain":275,"player_choice":"Desecrate","damage_taken":0,"max_hp_gain":0,"max_hp_loss":0,"event_name":"Golden Shrine","floor":11,"gold_loss":0,"cards_obtained":["Regret"]},{"damage_healed":0,"gold_gain":0,"player_choice":"Ignored","damage_taken":0,"max_hp_gain":0,"max_hp_loss":0,"event_name":"Ghosts","floor":19,"gold_loss":0},{"damage_healed":0,"gold_gain":0,"player_choice":"Obtained Relic","damage_taken":0,"relics_obtained":["Kunai"],"max_hp_gain":0,"max_hp_loss":0,"event_name":"Addict","floor":20,"gold_loss":85}],"is_beta":false,"boss_relics":[{"not_picked":["Philosopher\u0027s Stone","Replay:Drink Me"],"picked":"hubris:Backtick"},{"not_picked":["infinitespire:Cupcake","ReplayTheSpireMod:SealedPack"],"picked":"Tiny House"}],"items_purged_floors":[22],"is_endless":false,"potions_floor_spawned":[1,2,12,24,29,33,39,42,46,48],"ascension_level":0}}