{"host":"roto7j7840a50pxh","time":1609729375,"event":{"mods":["Act Like it!","BaseMod","Better Altar","Better Note","Better Sensory Stone","Better Skull","Better Third Choice","BetterRewards","Colored Map","Colored Powertips","Downfall","Hermit","Highlight Path","Hubris","Infinite Spire","Minty Spire (QoL Compilation)","Replay The Spire","Robot Space Explorer","Shade Mod","Spicy Shops","StSLib","The Cursed","The Dragon Tamer","The Hierophant","The Necromancer","The Runesmith","The Servant 0.9.4","TheVacant"],"gold_per_floor":[112,76,94,111,123,157,169,216,228,240,252,264,289,301,313,421,433,462,474,537,74,92,109,142,153,229,255,255,255,268,278,278,394,394,430,469,509,559,559,626,626,682,682,682,682,759,50,50,50,50],"floor_reached":51,"playtime":6048,"items_purged":["DTMod:TargetDefense"],"score":1616,"play_id":"012250ee-d4a1-4b31-80df-ad9d74c726eb","local_time":"20210103220255","is_ascension_mode":true,"campfire_choices":[{"data":"TheCursedMod:CircleOfWindfury","floor":7.0,"key":"SMITH"},{"data":"TheCursedMod:ParallelWorld","floor":10.0,"key":"SMITH"},{"data":"TheCursedMod:CircleOfCorruption","floor":15.0,"key":"SMITH"},{"floor":32.0,"key":"REST"},{"floor":41.0,"key":"REST"},{"data":"TheCursedMod:CircleOfFocus","floor":49,"key":"SMITH"},{"data":"TheCursedMod:CircleOfWindfury","floor":49,"key":"SMITH"}],"circlet_count":0,"master_deck":["TheCursedMod:CursedWand","TheCursedMod:CleanUpWorkshop","TheCursedMod:Wield","Finesse","TheCursedMod:Stretching","TheCursedMod:Stretching","TheCursedMod:CircleOfCorruption+1","TheCursedMod:CircleOfCorruption","TheCursedMod:CircleOfWindfury+1","TheCursedMod:CircleOfAbyss","TheCursedMod:ParallelWorld+1","TheCursedMod:SurpriseAttack","TheCursedMod:CursedMace+1","TheCursedMod:CursedBlade","TheCursedMod:CursedBoomerang","TheCursedMod:WearCloak","Pot Of Greed","Pot Of Greed","Sadistic Nature","ReplayTheSpireMod:Black Plague","TheCursedMod:DarkBarrier","Pot Of Greed","TheCursedMod:OutForBlood+1","TheCursedMod:CursedRelics+1","TheCursedMod:AntiAging+1","TheCursedMod:CursedAmulet+1","ReplayUltimateDefense+1","TheCursedMod:TroublousMinions","TheCursedMod:SurpriseAttack+1","TheCursedMod:Wield","TheCursedMod:CircleOfFocus+1","TheCursedMod:CursedBlade+1","TheCursedMod:SmokeScreen","TheCursedMod:CursedShiv","Pot Of Greed","TheCursedMod:CircleOfWindfury+1","TheCursedMod:CursedRelics","TheCursedMod:TroublousMinions+1","TheCursedMod:SurpriseAttack","TheCursedMod:VoidForm","CommonCold","CurseOfTheBell","hubris:Wrath","TheCursedMod:NeowsMight","TheCursedMod:CircleOfFlame+1","TheCursedMod:Stretching","TheCursedMod:RavingStaff+1","Pot Of Greed","TheCursedMod:SpitefulPray+1","TheCursedMod:SurpriseAttack+1","Writhe","TheCursedMod:CircleOfCorruption","TheCursedMod:CursedStaff+1","TheCursedMod:LuckyCharm","TheCursedMod:CircleOfWindfury","TheCursedMod:Obscuration"],"relics":["TheCursedMod:PinkPellets","MawBank","Grinning Jar","Runesmith:Nanobots","hubris:Icosahedron","Pondfish Scales","Astrolabe","HandDrill","infinitespire:Lucky Rock","Replay:Bottled Steam","Matryoshka","Sundial","infinitespire:EvilPickle","Replay:Ancient Bell","Art of War","Replay:Bottled Snecko","Shovel","hubris:Towel","Molten Egg 2","Vajra","Replay:Arrowhead","Eternal Feather","hubris:HerbalPaste","Strange Spoon","Happy Flower"],"acts_visited":["TheCity","TheBeyond"],"potions_floor_usage":[50,50],"damage_taken":[{"damage":0.0,"enemies":"Small Slimes","floor":1.0,"turns":3.0},{"damage":3.0,"enemies":"Jaw Worm","floor":3.0,"turns":3.0},{"damage":0.0,"enemies":"2 Louse","floor":4.0,"turns":2.0},{"damage":13.0,"enemies":"Exordium Wildlife","floor":5.0,"turns":3.0},{"damage":6.0,"enemies":"Lagavulin","floor":6.0,"turns":6.0},{"damage":0.0,"enemies":"Gremlin Nob","floor":8.0,"turns":3.0},{"damage":0.0,"enemies":"Gremlin Gang","floor":13.0,"turns":2.0},{"damage":0.0,"enemies":"Slime Boss","floor":16.0,"turns":5.0},{"damage":0.0,"enemies":"Spheric Guardian","floor":18.0,"turns":3.0},{"damage":4.0,"enemies":"Shell Parasite","floor":22.0,"turns":2.0},{"damage":20.0,"enemies":"Snake Plant","floor":23.0,"turns":3.0},{"damage":8.0,"enemies":"Book of Stabbing","floor":24.0,"turns":7.0},{"damage":0.0,"enemies":"Centurion and Healer","floor":25.0,"turns":4.0},{"damage":28.0,"enemies":"Gremlin Leader","floor":27.0,"turns":7.0},{"damage":4.0,"enemies":"3 Cultists","floor":30.0,"turns":5.0},{"damage":16.0,"enemies":"Shelled Parasite and Fungi","floor":31.0,"turns":2.0},{"damage":26.0,"enemies":"Pondfish","floor":33.0,"turns":13.0},{"damage":3.0,"enemies":"3 Shapes","floor":35.0,"turns":3.0},{"damage":0.0,"enemies":"Orb Walker","floor":36.0,"turns":3.0},{"damage":30.0,"enemies":"3 Darklings","floor":37.0,"turns":7.0},{"damage":16.0,"enemies":"2 Orb Walkers","floor":38.0,"turns":5.0},{"damage":34.0,"enemies":"Giant Head","floor":40.0,"turns":8.0},{"damage":0.0,"enemies":"Spire Growth","floor":42.0,"turns":6.0},{"damage":0,"enemies":"Nemesis","floor":46,"turns":3},{"damage":77,"enemies":"Awakened One","floor":50,"turns":11}],"seed_played":"-2537653008858684185","potions_obtained":[{"floor":1.0,"key":"Adrenaline Potion"},{"floor":4.0,"key":"Slimebound:ThreeZeroPotion"},{"floor":16.0,"key":"TheCursedMod:DregsPotion"},{"floor":18.0,"key":"champ:CounterPotion"},{"floor":24.0,"key":"SkillPotion"},{"floor":25.0,"key":"TheCursedMod:DregsPotion"},{"floor":27.0,"key":"Weak Potion"},{"floor":35.0,"key":"EssenceOfSteel"},{"floor":37.0,"key":"FearPotion"},{"floor":46,"key":"BlessingOfTheForge"}],"is_trial":false,"path_per_floor":["M","$","M","M","M","E","R","E","T","R","?","?","M","AVR","R","B",null,"M","?","T","$","M","M","E","M","T","E","?","?","M","M","R","B",null,"M","M","M","?","?","E","R","M","T","?","?","E","$","?","R","B",null],"character_chosen":"THE_CURSED","items_purchased":["TheCursedMod:CursedMace+1","HandDrill","infinitespire:Lucky Rock","TheCursedMod:TroublousMinions","TheCursedMod:SurpriseAttack+1","TheCursedMod:Wield","TheCursedMod:CircleOfFocus","hubris:HerbalPaste","Swift Potion","TheCursedMod:CursedStaff+1","Strange Spoon","TheCursedMod:LuckyCharm","TheCursedMod:CircleOfWindfury","TheCursedMod:Obscuration","Happy Flower"],"campfire_rested":2,"item_purchase_floors":[2,21,21,21,21,21,21,47,47,47,47,47,47,47,47],"current_hp_per_floor":[68,68,65,65,52,46,46,46,46,46,46,46,46,46,46,46,68,71,71,71,71,67,47,42,42,42,17,17,45,44,28,54,34,78,78,78,51,35,35,4,34,37,37,37,63,63,63,115,115,42],"gold":50,"neow_bonus":"THREE_RARE_CARDS","is_daily":false,"chose_seed":false,"campfire_upgraded":5,"win_rate":0.0,"timestamp":1609729375,"path_taken":["M","$","M","M","M","E","R","E","T","R","?","?","M","AVR","R","BOSS","M","?","?","$","M","M","E","M","T","E","?","?","?","M","R","BOSS","M","?","M","?","?","E","R","M","T","?","?","E","$","?","R","BOSS"],"items_purchased_type":["Card","Relic","Relic","Card","Card","Card","Card","Relic","Potion","Card","Relic","Card","Card","Card","Relic"],"build_version":"2020-12-22","purchased_purges":1,"victory":true,"max_hp_per_floor":[75,75,75,75,75,75,75,75,75,75,75,75,75,75,75,75,75,78,78,78,78,78,78,81,81,81,84,84,84,87,87,87,93,93,96,96,99,99,99,102,102,105,105,105,105,105,105,115,115,118],"card_choices":[{"not_picked":["TheCursedMod:Neurasthenia","TheCursedMod:DemonSword"],"picked":"TheCursedMod:ParallelWorld","floor":0.0},{"not_picked":["TheCursedMod:RavingStaff","TheCursedMod:FleshFromBone"],"picked":"TheCursedMod:SurpriseAttack","floor":1.0},{"not_picked":["TheCursedMod:Stigma","TheCursedMod:Torture"],"picked":"TheCursedMod:CursedBlade","floor":3.0},{"not_picked":["TheCursedMod:Mangle","TheCursedMod:RavingStaff"],"picked":"TheCursedMod:CursedBoomerang","floor":4.0},{"not_picked":["TheCursedMod:RavingStaff","TheCursedMod:VitalStrike"],"picked":"TheCursedMod:CursedMace","floor":5.0},{"not_picked":["TheCursedMod:ReleasedStrength","TheCursedMod:Mangle"],"picked":"TheCursedMod:WearCloak","floor":6.0},{"not_picked":["TheCursedMod:SaltUponWound","TheCursedMod:SoulReap"],"picked":"TheCursedMod:OutForBlood","floor":8.0},{"not_picked":["expansioncontent:SuperHexaguard","Blind"],"picked":"Sadistic Nature","floor":11.0},{"not_picked":["TheCursedMod:RapidMovement","TheCursedMod:CursedAmulet"],"picked":"TheCursedMod:Torture","floor":13.0},{"not_picked":["TheCursedMod:ShockAndAwe","TheCursedMod:VoidForm"],"picked":"TheCursedMod:DarkBarrier","floor":16.0},{"not_picked":["TheCursedMod:WearCloak","TheCursedMod:Torture"],"picked":"TheCursedMod:CursedAmulet+1","floor":18.0},{"not_picked":["TheCursedMod:Obscuration","TheCursedMod:ReleasedKnowledge"],"picked":"TheCursedMod:CursedBlade+1","floor":22.0},{"not_picked":["TheCursedMod:WearCloak","TheCursedMod:ManaBullet"],"picked":"TheCursedMod:SmokeScreen","floor":23.0},{"not_picked":["TheCursedMod:CursedMace","TheCursedMod:Wield+1"],"picked":"TheCursedMod:CursedShiv","floor":24.0},{"not_picked":["TheCursedMod:Obscuration","TheCursedMod:Mangle"],"picked":"TheCursedMod:CircleOfWindfury","floor":25.0},{"not_picked":["TheCursedMod:Grudge","TheCursedMod:SmokeScreen+1"],"picked":"TheCursedMod:CursedRelics","floor":27.0},{"not_picked":["TheCursedMod:SpreadPlague+1","TheCursedMod:CircleOfWindfury"],"picked":"TheCursedMod:TroublousMinions+1","floor":30.0},{"not_picked":["TheCursedMod:WearCloak","TheCursedMod:CircleOfFlame"],"picked":"TheCursedMod:SurpriseAttack","floor":31.0},{"not_picked":["TheCursedMod:ParallelWorld","TheCursedMod:CircleOfAbyss"],"picked":"TheCursedMod:VoidForm","floor":33.0},{"not_picked":["hubris:Sloth","hubris:Envy"],"picked":"CommonCold","floor":34.0},{"not_picked":["Normality","Pain"],"picked":"CurseOfTheBell","floor":34.0},{"not_picked":["Delirium","infinitespire:Pacifist"],"picked":"hubris:Wrath","floor":34.0},{"not_picked":["TheCursedMod:LuckyCharm","TheCursedMod:Torture"],"picked":"TheCursedMod:NeowsMight","floor":35.0},{"not_picked":["TheCursedMod:CursedSpellbook+1","TheCursedMod:BloodBarrier+1"],"picked":"TheCursedMod:CircleOfFlame+1","floor":36.0},{"not_picked":["TheCursedMod:VitalStrike+1","TheCursedMod:TroublousMinions+1"],"picked":"TheCursedMod:Stretching","floor":37.0},{"not_picked":["TheCursedMod:Stigma+1","TheCursedMod:Hemoplague+1"],"picked":"TheCursedMod:RavingStaff+1","floor":38.0},{"not_picked":["TheCursedMod:Stretching+1","TheCursedMod:CircleOfCorruption"],"picked":"TheCursedMod:SpitefulPray+1","floor":40.0},{"not_picked":["TheCursedMod:SpreadPlague+1","TheCursedMod:CursedShiv+1"],"picked":"TheCursedMod:SurpriseAttack+1","floor":42.0},{"not_picked":["TheCursedMod:CursedArmor","TheCursedMod:ParallelWorld"],"picked":"TheCursedMod:CircleOfCorruption","floor":46}],"player_experience":1413774,"relics_obtained":[{"floor":6.0,"key":"MawBank"},{"floor":8.0,"key":"Grinning Jar"},{"floor":9.0,"key":"Runesmith:Nanobots"},{"floor":24.0,"key":"Replay:Bottled Steam"},{"floor":26.0,"key":"Matryoshka"},{"floor":27.0,"key":"Sundial"},{"floor":40.0,"key":"Molten Egg 2"},{"floor":43.0,"key":"Vajra"},{"floor":43.0,"key":"Replay:Arrowhead"},{"floor":46,"key":"Eternal Feather"}],"event_choices":[{"damage_healed":0.0,"max_hp_gain":0.0,"max_hp_loss":0.0,"gold_gain":1.0,"event_name":"betterStone:BetterStone","player_choice":"1","floor":11.0,"gold_loss":0.0,"damage_taken":0.0},{"cards_removed":["Sadistic Nature"],"damage_healed":0.0,"max_hp_gain":0.0,"max_hp_loss":0.0,"gold_gain":0.0,"event_name":"betterNote:BetterNote","player_choice":"Take \u0026 Give","floor":19.0,"gold_loss":0.0,"damage_taken":0.0,"cards_obtained":["ReplayUltimateDefense"]},{"damage_healed":0.0,"max_hp_gain":0.0,"max_hp_loss":0.0,"gold_gain":0.0,"event_name":"Cursed Tome","player_choice":"Ignored","floor":28.0,"gold_loss":0.0,"damage_taken":0.0},{"damage_healed":28.0,"max_hp_gain":0.0,"max_hp_loss":0.0,"gold_gain":0.0,"event_name":"The Library","player_choice":"Heal","floor":29.0,"gold_loss":0.0,"damage_taken":0.0},{"damage_healed":0.0,"max_hp_gain":0.0,"max_hp_loss":0.0,"gold_gain":0.0,"event_name":"Mysterious Sphere","player_choice":"Fight","floor":38.0,"gold_loss":0.0,"damage_taken":0.0},{"damage_healed":26,"gold_gain":0,"player_choice":"Writhe","damage_taken":0,"max_hp_gain":0,"max_hp_loss":0,"event_name":"Winding Halls","floor":45,"gold_loss":0,"cards_obtained":["Writhe"]},{"cards_removed":["TheCursedMod:OutForBlood"],"damage_healed":42,"gold_gain":0,"player_choice":"Offered Rare","damage_taken":0,"max_hp_gain":10,"max_hp_loss":0,"event_name":"Bonfire Elementals","floor":48,"gold_loss":0}],"is_beta":false,"boss_relics":[{"not_picked":["SacredBark","Replay:Wanted Poster"],"picked":"Astrolabe"},{"not_picked":["Busted Crown","Abe\u0027s Treasure"],"picked":"Replay:Ancient Bell"},{"not_picked":["Replay:Wax Seal","Smiling Mask"],"picked":"Art of War"},{"not_picked":["Snack Pack","Quantum Egg"],"picked":"Replay:Bottled Snecko"},{"not_picked":["Old Coin","infinitespire:Golems Mask"],"picked":"Shovel"}],"items_purged_floors":[14],"is_endless":false,"potions_floor_spawned":[1,4,16,18,24,25,27,35,37,46],"ascension_level":7}}