{"host":"9d9dhukr2jywmy0f","time":1609776216,"event":{"mods":["2.2 Compatiblity","Alarm Clock","BaseMod","Bestiary","Block Reminder","Colored Map","Colored Powertips","Curses Come First","DeckTracker","Highlight Path","Infinite Spire","Key Reminder","Keyboard Shortcuts","Minty Spire (QoL Compilation)","MonsterHotkey","Quick Restart","Rare Cards Sparkle","Relic Sorter","Relic Stats","Spire Birthday Party","StSLib","SuperFastMode","Synergy Search","Unceasing Turn Reminder","Unknown Chances"],"gold_per_floor":[114,164,182,182,107,137,157,157,183,183,83,101,101,101,101,101,101],"floor_reached":16,"playtime":208,"items_purged":["Strike_R","Defend_R"],"score":246,"play_id":"b08fb5d5-32be-4783-95bf-db006040da76","local_time":"20210105000336","is_ascension_mode":true,"campfire_choices":[{"data":"Shockwave","floor":8,"key":"SMITH"},{"data":"Feel No Pain","floor":10,"key":"SMITH"},{"data":"Impervious","floor":15,"key":"SMITH"}],"circlet_count":0,"master_deck":["AscendersBane","Strike_R","Strike_R","Strike_R","Defend_R","Defend_R","Defend_R","Bash","Feel No Pain+1","Impervious+1","Shockwave+1"],"relics":["Burning Blood","NeowsBlessing","Dream Catcher","keyreminder:keyreminder","Regal Pillow"],"acts_visited":["Exordium"],"potions_floor_usage":[12],"damage_taken":[{"damage":0,"enemies":"Jaw Worm","floor":1,"turns":1},{"damage":0,"enemies":"Cultist","floor":3,"turns":1},{"damage":0,"enemies":"3 Sentries","floor":6,"turns":1},{"damage":1,"enemies":"2 Louse","floor":7,"turns":4},{"damage":30,"enemies":"Exordium Wildlife","floor":12,"turns":6},{"damage":0,"enemies":"Slime Boss","floor":16,"turns":1}],"seed_played":"6691786593694815317","potions_obtained":[{"floor":1,"key":"Weak Potion"},{"floor":3,"key":"SteroidPotion"}],"is_trial":false,"path_per_floor":["M","?","M","?","$","E","M","R","T","R","$","M","T","?","R","B"],"character_chosen":"IRONCLAD","items_purchased":[],"campfire_rested":0,"item_purchase_floors":[],"current_hp_per_floor":[74,74,75,68,68,74,75,75,75,75,75,51,51,51,51,51,51],"gold":101,"neow_bonus":"THREE_ENEMY_KILL","is_daily":false,"chose_seed":false,"campfire_upgraded":3,"win_rate":0.0,"timestamp":1609776216,"path_taken":["M","?","?","?","?","E","M","R","T","R","$","M","?","?","R","BOSS"],"items_purchased_type":[],"build_version":"2020-11-30","purchased_purges":2,"victory":false,"max_hp_per_floor":[75,75,75,75,75,75,75,75,75,75,75,75,75,75,75,75,75],"relic_stats":{"Dream Catcher":0,"Regal Pillow":0,"counters":[6,14],"obtain_stats":[{"keyreminder:keyreminder":9,"Dream Catcher":6,"Regal Pillow":13,"NeowsBlessing":0,"Burning Blood":0},{"keyreminder:keyreminder":4,"Dream Catcher":3,"Regal Pillow":5,"NeowsBlessing":0,"Burning Blood":0},{"keyreminder:keyreminder":7,"Dream Catcher":3,"Regal Pillow":13,"NeowsBlessing":0,"Burning Blood":0}],"Burning Blood":21},"card_choices":[{"not_picked":["Metallicize","Feel No Pain","Thunderclap"],"picked":"SKIP","floor":1},{"not_picked":["Metallicize","Thunderclap"],"picked":"Feel No Pain","floor":1},{"not_picked":["Iron Wave","Cleave","Heavy Blade"],"picked":"SKIP","floor":3},{"not_picked":["Fiend Fire","Flex"],"picked":"Impervious","floor":6},{"not_picked":["Havoc","Reckless Charge"],"picked":"Shockwave","floor":7},{"not_picked":["Heavy Blade","Shrug It Off","Entrench"],"picked":"SKIP","floor":12}],"player_experience":770983,"relics_obtained":[{"floor":6,"key":"Dream Catcher"},{"floor":13,"key":"Regal Pillow"}],"event_choices":[{"damage_healed":0,"gold_gain":50,"player_choice":"Pray","damage_taken":0,"max_hp_gain":0,"max_hp_loss":0,"event_name":"Golden Shrine","floor":2,"gold_loss":0},{"cards_removed":["Strike_R"],"damage_healed":0,"gold_gain":0,"player_choice":"Card Removal","damage_taken":7,"max_hp_gain":0,"max_hp_loss":0,"event_name":"Golden Wing","floor":4,"gold_loss":0},{"damage_healed":0,"gold_gain":0,"player_choice":"Ignored","damage_taken":0,"max_hp_gain":0,"max_hp_loss":0,"event_name":"Liars Game","floor":14,"gold_loss":0}],"is_beta":false,"boss_relics":[],"items_purged_floors":[5,11],"is_endless":false,"potions_floor_spawned":[1,3],"killed_by":"Slime Boss","ascension_level":20}}