{"host":"wha9hktbkslqvblg","time":1609764420,"event":{"mods":["BaseMod","Colored Map","Minty Spire (QoL Compilation)","Relic Stats","SuperFastMode","everything is the same but u backflip on backflip"],"gold_per_floor":[116,132,132,132,57,85,10,36,36,48,65,65,140,159,159,234,234,244,64,114,114,129,129,149,149,221,221,221,221],"floor_reached":28,"playtime":497,"items_purged":["Strike_B","Defend_B"],"score":502,"play_id":"fed9a5d2-950f-4975-89e9-f9bf4147b633","local_time":"20210104214700","is_ascension_mode":true,"campfire_choices":[{"data":"Chaos","floor":12.0,"key":"SMITH"},{"data":"Dualcast","floor":15.0,"key":"SMITH"},{"data":"Consume","floor":23.0,"key":"SMITH"},{"floor":25.0,"key":"REST"},{"data":"Turbo","floor":27.0,"key":"SMITH"}],"circlet_count":0,"master_deck":["AscendersBane","Strike_B+1","Defend_B","Defend_B","Defend_B","Zap","Dualcast+1","Doom and Gloom+1","Chaos+1","Turbo+1","Seek","Coolheaded","Defragment","Consume+1"],"relics":["Cracked Core","NeowsBlessing","Gambling Chip","Letter Opener","Gremlin Horn","Inserter","Frozen Egg 2"],"acts_visited":["Exordium","TheCity"],"potions_floor_usage":[28],"damage_taken":[{"damage":0.0,"enemies":"Jaw Worm","floor":1.0,"turns":1.0},{"damage":0.0,"enemies":"2 Louse","floor":2.0,"turns":1.0},{"damage":0.0,"enemies":"Lagavulin","floor":6.0,"turns":1.0},{"damage":10.0,"enemies":"3 Sentries","floor":8.0,"turns":3.0},{"damage":0.0,"enemies":"Small Slimes","floor":10.0,"turns":2.0},{"damage":0.0,"enemies":"2 Fungi Beasts","floor":11.0,"turns":2.0},{"damage":0.0,"enemies":"Lots of Slimes","floor":14.0,"turns":1.0},{"damage":14.0,"enemies":"The Guardian","floor":16.0,"turns":9.0},{"damage":2.0,"enemies":"Chosen","floor":18.0,"turns":3.0},{"damage":23.0,"enemies":"Shell Parasite","floor":22.0,"turns":3.0},{"damage":24.0,"enemies":"Chosen and Byrds","floor":24.0,"turns":7.0},{"damage":30,"enemies":"Book of Stabbing","floor":28,"turns":3}],"seed_played":"-8338049599205310522","potions_obtained":[{"floor":6.0,"key":"DuplicationPotion"},{"floor":10.0,"key":"Block Potion"},{"floor":11.0,"key":"PowerPotion"},{"floor":16.0,"key":"EssenceOfDarkness"},{"floor":22.0,"key":"Fruit Juice"},{"floor":24.0,"key":"CultistPotion"}],"is_trial":false,"path_per_floor":["M","M","?","?","?","E","$","E","T","M","M","R","?","M","R","B",null,"M","$","?","?","M","R","M","R","T","R","E"],"character_chosen":"DEFECT","items_purchased":["Defragment"],"campfire_rested":1,"item_purchase_floors":[19],"current_hp_per_floor":[64,64,57,36,36,36,36,26,26,26,26,26,15,15,15,1,54,52,52,52,52,29,29,5,32,32,32,2,2],"gold":221,"neow_bonus":"THREE_ENEMY_KILL","is_daily":false,"chose_seed":false,"campfire_upgraded":4,"win_rate":0.0,"timestamp":1609764420,"path_taken":["M","M","?","?","?","E","$","E","T","?","M","R","?","M","R","BOSS","M","$","?","?","?","R","M","R","T","R","E"],"items_purchased_type":["Card"],"build_version":"2020-12-22","purchased_purges":2,"victory":false,"max_hp_per_floor":[71,71,71,71,71,71,71,71,71,71,71,71,71,71,71,71,71,71,71,71,71,71,71,71,76,76,76,76,76],"relic_stats":{"Inserter":[8],"Gremlin Horn":[7,7],"counters":[12,36],"Gambling Chip":[27],"Letter Opener":[59],"obtain_stats":[{"Inserter":17,"NeowsBlessing":0,"Gremlin Horn":9,"Gambling Chip":6,"Letter Opener":8,"Frozen Egg 2":26,"Cracked Core":0},{"Inserter":8,"NeowsBlessing":0,"Gremlin Horn":4,"Gambling Chip":3,"Letter Opener":4,"Frozen Egg 2":11,"Cracked Core":0},{"Inserter":20,"NeowsBlessing":0,"Gremlin Horn":6,"Gambling Chip":3,"Letter Opener":6,"Frozen Egg 2":33,"Cracked Core":0}]},"card_choices":[{"not_picked":["Streamline","Leap"],"picked":"Doom and Gloom","floor":1.0},{"not_picked":["Beam Cell","Redo","Streamline"],"picked":"SKIP","floor":2.0},{"not_picked":["Steam Power","Scrape"],"picked":"Chaos","floor":6.0},{"not_picked":["Streamline","Sweeping Beam"],"picked":"Turbo","floor":8.0},{"not_picked":["Beam Cell","Rebound","White Noise"],"picked":"SKIP","floor":10.0},{"not_picked":["Ball Lightning","Rebound","Aggregate"],"picked":"SKIP","floor":11.0},{"not_picked":["Ball Lightning","Conserve Battery","Aggregate"],"picked":"SKIP","floor":14.0},{"not_picked":["Buffer","All For One"],"picked":"Seek","floor":16.0},{"not_picked":["Glacier","Recycle"],"picked":"Coolheaded","floor":18.0},{"not_picked":["Hologram","Blizzard"],"picked":"Consume","floor":22.0},{"not_picked":["Consume","Sweeping Beam+1","White Noise"],"picked":"SKIP","floor":24.0}],"player_experience":934665,"relics_obtained":[{"floor":6.0,"key":"Gambling Chip"},{"floor":8.0,"key":"Letter Opener"},{"floor":9.0,"key":"Gremlin Horn"},{"floor":26.0,"key":"Frozen Egg 2"}],"event_choices":[{"cards_removed":["Strike_B"],"damage_healed":0.0,"max_hp_gain":0.0,"max_hp_loss":0.0,"gold_gain":0.0,"event_name":"Golden Wing","player_choice":"Card Removal","floor":3.0,"gold_loss":0.0,"damage_taken":7.0},{"damage_healed":0.0,"max_hp_gain":0.0,"max_hp_loss":0.0,"gold_gain":0.0,"event_name":"Shining Light","player_choice":"Entered Light","floor":4.0,"gold_loss":0.0,"damage_taken":21.0,"cards_upgraded":["Doom and Gloom","Strike_B"]},{"cards_removed":["Strike_B"],"damage_healed":0.0,"max_hp_gain":0.0,"max_hp_loss":0.0,"gold_gain":0.0,"event_name":"The Cleric","player_choice":"Card Removal","floor":5.0,"gold_loss":75.0,"damage_taken":0.0},{"damage_healed":0.0,"max_hp_gain":0.0,"max_hp_loss":0.0,"gold_gain":75.0,"event_name":"World of Goop","player_choice":"Gather Gold","floor":13.0,"gold_loss":0.0,"damage_taken":11.0},{"damage_healed":0.0,"max_hp_gain":0.0,"max_hp_loss":0.0,"gold_gain":50.0,"event_name":"Nest","player_choice":"Stole From Cult","floor":20.0,"gold_loss":0.0,"damage_taken":0.0},{"damage_healed":0.0,"max_hp_gain":0.0,"max_hp_loss":0.0,"gold_gain":0.0,"event_name":"N\u0027loth","player_choice":"Ignored","floor":21.0,"gold_loss":0.0,"damage_taken":0.0}],"is_beta":false,"boss_relics":[{"not_picked":["Calling Bell","Black Star"],"picked":"Inserter"}],"items_purged_floors":[7,19],"is_endless":false,"potions_floor_spawned":[6,10,11,14,16,22,24],"killed_by":"Book of Stabbing","ascension_level":20}}