{"host":"ixqzyafodex1tsi5","time":1609765825,"event":{"mods":["ATMod(°¢èªMod)","AchievementEnabler","Act Like it!","BaseMod","Gensokyo","GifTheSpireLib","Luminous","Minty Spire (QoL Compilation)","Relic Stats","Replay The Spire","RumiaBox-Â¶Ã×æ«µÄÉñÃØºÐ×Ó","Shop Mod","Spicy Shops","StSLib","The Cursed","[IsaacMod]ÒÔÈö¼âËþ","¡¾¹¦ÄÜMod¡¿»ìãçÖ®»·ÐÞ¸´²¹¶¡","¡¾ÒÅÎï¿¨ÅÆ¡¿REMEMod"],"gold_per_floor":[114,164,183,200,272,305,320,320,367,392,66,66,76,111,111,208,208,219,94,106,34,34,34,61,61,61,81,81,81,93,107,32,131,131,141,160,160,175,193,222,234,234,234,266,266,566,28,39,39,39],"floor_reached":51,"playtime":1207,"items_purged":["Defend_G","Strike_G","Strike_G","Defend_G","Defend_G"],"score":1097,"play_id":"b004365d-749b-4493-9390-2fae39e27098","local_time":"20210104211025","is_ascension_mode":false,"campfire_choices":[{"floor":8.0,"key":"RECALL"},{"floor":15,"key":"REST"},{"data":"AT_EmpoweredMortalDraw","floor":23,"key":"SMITH"},{"data":"Grand Finale","floor":28,"key":"SMITH"},{"data":"Neutralize","floor":45,"key":"SMITH"},{"data":"Strike_G","floor":49,"key":"SMITH"}],"circlet_count":0,"master_deck":["Strike_G","Strike_G+1","Defend_G","Survivor","Neutralize+1","AT_OneInchPunch+1","Indignation","Grand Finale+1","AT_EmpoweredMortalDraw+1"],"relics":["Ring of the Snake","REME_ComplimentaryCards","HushsDoor","AT_ATBox","BookofShadows","Question Card","Ccalipers","DoctorsRemote","AT_DeathDance","BookOfRevelations","SSSystem","Bag of Marbles","Oddly Smooth Stone","AT_MortalBlade","Strange Spoon","TheBible","Gremlin Food","Painkiller Herb","AT_ArchangelStaff","ReplayTheSpireMod:TigerMarble","ReplayTheSpireMod:ShopPack","Orichalcum"],"acts_visited":["Exordium","TheCity","TheBeyond"],"potions_floor_usage":[24],"damage_taken":[{"damage":0.0,"enemies":"Jaw Worm","floor":1.0,"turns":1.0},{"damage":28.0,"enemies":"Hiden Room Battle","floor":2.0,"turns":7.0},{"damage":0.0,"enemies":"Cultist","floor":3.0,"turns":1.0},{"damage":0.0,"enemies":"Small Slimes","floor":4.0,"turns":1.0},{"damage":0.0,"enemies":"Gremlin Nob","floor":6.0,"turns":1.0},{"damage":0.0,"enemies":"Exordium Thugs","floor":7.0,"turns":2.0},{"damage":0.0,"enemies":"Lagavulin","floor":10.0,"turns":3.0},{"damage":2.0,"enemies":"Lots of Slimes","floor":13.0,"turns":2.0},{"damage":0,"enemies":"Gremlin Nob","floor":14,"turns":1},{"damage":23,"enemies":"Hexaghost","floor":16,"turns":8},{"damage":0,"enemies":"2 Thieves","floor":18,"turns":3},{"damage":0,"enemies":"3 Byrds","floor":20,"turns":2},{"damage":0,"enemies":"Gremlin Leader","floor":24,"turns":1},{"damage":0,"enemies":"Snecko","floor":27,"turns":1},{"damage":0,"enemies":"Snake Plant","floor":30,"turns":1},{"damage":0,"enemies":"Centurion and Healer","floor":31,"turns":2},{"damage":16,"enemies":"Automaton","floor":33,"turns":5},{"damage":0,"enemies":"3 Darklings","floor":35,"turns":1},{"damage":0,"enemies":"Orb Walker","floor":36,"turns":1},{"damage":0,"enemies":"Sphere and 2 Shapes","floor":38,"turns":1},{"damage":0,"enemies":"Jaw Worm Horde","floor":39,"turns":2},{"damage":0,"enemies":"Nemesis","floor":40,"turns":1},{"damage":0,"enemies":"3 Darklings","floor":41,"turns":2},{"damage":0,"enemies":"R_Hoarder","floor":44,"turns":2},{"damage":0,"enemies":"Spire Growth","floor":48,"turns":1},{"damage":0,"enemies":"Time Eater","floor":50,"turns":4}],"seed_played":"-7115805454647894206","potions_obtained":[{"floor":1.0,"key":"SkillPotion"},{"floor":2.0,"key":"FearPotion"},{"floor":3.0,"key":"Regen Potion"},{"floor":24,"key":"Fruit Juice"},{"floor":33,"key":"Energy Potion"}],"is_trial":false,"path_per_floor":["M","?","M","M","T","E","M","R","T","E","$","?","M","E","R","B",null,"M","$","M","$","?","R","E","$","T","M","R","$","M","M","R","B",null,"?","?","?","?","?","E","?","?","T","E","T","?","T","?","T","B",null],"character_chosen":"THE_SILENT","items_purchased":["Bag of Marbles","Strange Spoon","ReplayTheSpireMod:ShopPack","Orichalcum"],"campfire_rested":1,"item_purchase_floors":[11,21,47,47],"current_hp_per_floor":[70,42,42,42,42,42,42,42,42,42,42,47,45,45,67,44,75,75,75,75,75,75,75,80,80,80,80,80,80,80,80,80,64,80,80,80,80,80,80,80,80,80,80,80,80,80,80,80,80,80],"gold":39,"neow_bonus":"UPGRADE_CARD","is_daily":false,"chose_seed":false,"campfire_upgraded":4,"win_rate":0.0,"timestamp":1609765825,"path_taken":["M","?","?","M","?","E","M","R","T","E","$","?","?","E","R","BOSS","M","$","?","$","?","R","E","?","T","M","R","?","M","M","R","BOSS","?","?","?","?","?","E","?","?","T","E","T","?","?","?","T","BOSS"],"items_purchased_type":["Relic","Relic","Relic","Relic"],"build_version":"2020-12-22","purchased_purges":5,"victory":true,"max_hp_per_floor":[70,70,70,70,70,70,70,70,70,70,70,75,75,75,75,75,75,75,75,75,75,75,75,80,80,80,80,80,80,80,80,80,80,80,80,80,80,80,80,80,80,80,80,80,80,80,80,80,80,80],"relic_stats":{"Strange Spoon":[1],"counters":[26,57],"Orichalcum":[24],"Question Card":28,"obtain_stats":[{"KeepersGift":0,"Gremlin Food":26,"DoctorsRemote":5,"BookofShadows":0,"AT_ATBox":0,"BookOfRevelations":9,"SSSystem":10,"Oddly Smooth Stone":14,"AT_MortalBlade":17,"Painkiller Herb":34,"Orichalcum":47,"Question Card":2,"AT_ArchangelStaff":43,"Strange Spoon":21,"TheBible":24,"Ccalipers":2,"Bag of Marbles":11,"ReplayTheSpireMod:TigerMarble":44,"AT_DeathDance":6,"HushsDoor":0,"Ring of the Snake":0,"REME_ComplimentaryCards":0,"ReplayTheSpireMod:ShopPack":47},{"KeepersGift":0,"Gremlin Food":13,"DoctorsRemote":4,"BookofShadows":0,"AT_ATBox":0,"BookOfRevelations":6,"SSSystem":7,"Oddly Smooth Stone":9,"AT_MortalBlade":10,"Painkiller Herb":17,"Orichalcum":24,"Question Card":2,"AT_ArchangelStaff":23,"Strange Spoon":12,"TheBible":13,"Ccalipers":2,"Bag of Marbles":7,"ReplayTheSpireMod:TigerMarble":24,"AT_DeathDance":5,"HushsDoor":0,"Ring of the Snake":0,"REME_ComplimentaryCards":0,"ReplayTheSpireMod:ShopPack":24},{"KeepersGift":0,"Gremlin Food":33,"DoctorsRemote":10,"BookofShadows":0,"AT_ATBox":0,"BookOfRevelations":13,"SSSystem":16,"Oddly Smooth Stone":19,"AT_MortalBlade":27,"Painkiller Herb":42,"Orichalcum":52,"Question Card":8,"AT_ArchangelStaff":50,"Strange Spoon":32,"TheBible":33,"Ccalipers":8,"Bag of Marbles":16,"ReplayTheSpireMod:TigerMarble":52,"AT_DeathDance":11,"HushsDoor":0,"Ring of the Snake":0,"REME_ComplimentaryCards":0,"ReplayTheSpireMod:ShopPack":52}],"Ring of the Snake":[52]},"card_choices":[{"not_picked":[],"picked":"Bomb","floor":0.0},{"not_picked":["Replay:Poison Smokescreen","Calculated Gamble","Quick Slash"],"picked":"SKIP","floor":1.0},{"not_picked":["Quick Slash","AT_ShadowStep","Blade Dance"],"picked":"Bomb","floor":3.0},{"not_picked":["ReplayTheSpireMod:Exploit Weakness","AT_KneejerkReflex","AT_TwilightShroud","PiercingWail"],"picked":"SKIP","floor":4.0},{"not_picked":["Quick Slash","ReplayTheSpireMod:From All Sides","AT_ShadowStep","Acrobatics"],"picked":"SKIP","floor":6.0},{"not_picked":["AT_TinkerSharpsword","Catalyst","PiercingWail","Dagger Throw"],"picked":"SKIP","floor":7.0},{"not_picked":["PiercingWail","Malaise","Deadly Poison","Well Laid Plans"],"picked":"SKIP","floor":10.0},{"not_picked":["Poisoned Stab","Underhanded Strike","Backflip","Hidden Blade"],"picked":"SKIP","floor":13.0},{"not_picked":["Quick Slash","AT_WindFlip","Cloak And Dagger","Riddle With Holes"],"picked":"SKIP","floor":14},{"not_picked":["Replay:Bag of Tricks","Envenom","Adrenaline"],"picked":"Grand Finale","floor":16},{"not_picked":["Slice","Footwork","Quick Slash","Tactician"],"picked":"SKIP","floor":18},{"not_picked":["PiercingWail","Dagger Throw","Blade Dance","Deadly Poison+1"],"picked":"SKIP","floor":20},{"not_picked":["AT_KneejerkReflex","Phantasmal Killer","Hidden Blade","Dodge and Roll"],"picked":"SKIP","floor":24},{"not_picked":["Acrobatics","Deflect","Die Die Die","Prepared"],"picked":"SKIP","floor":27},{"not_picked":["Escape Plan+1","Deflect","Flying Knee+1","Heel Hook+1"],"picked":"SKIP","floor":30},{"not_picked":["Escape Plan","ReplayTheSpireMod:Exploit Weakness","Terror","Acrobatics"],"picked":"SKIP","floor":31},{"not_picked":["Blade Dance+1","Bane+1","AT_ShadowStep","Concentrate"],"picked":"SKIP","floor":35},{"not_picked":["All Out Attack+1","Backstab+1","Deflect","Flying Knee+1"],"picked":"SKIP","floor":36},{"not_picked":["Prepared+1","Deadly Poison","AT_WomanClash","Noxious Fumes"],"picked":"SKIP","floor":38},{"not_picked":["Acrobatics","Sneak Up","Bane+1","PiercingWail"],"picked":"SKIP","floor":39},{"not_picked":["Choke","AT_WomanClash","Adrenaline","Predator"],"picked":"SKIP","floor":40},{"not_picked":["Quick Slash+1","Hidden Blade","Acrobatics","Dagger Spray+1"],"picked":"SKIP","floor":41},{"not_picked":["Well Laid Plans+1","Deflect+1","ReplayTheSpireMod:Tripwire+1","ReplayTheSpireMod:Necrosis"],"picked":"SKIP","floor":44},{"not_picked":["Poisoned Stab","ReplayTheSpireMod:Tripwire+1","Backflip","Acrobatics+1"],"picked":"SKIP","floor":48}],"player_experience":176901,"relics_obtained":[{"floor":2.0,"key":"Question Card"},{"floor":2.0,"key":"Ccalipers"},{"floor":5.0,"key":"DoctorsRemote"},{"floor":6.0,"key":"AT_DeathDance"},{"floor":9.0,"key":"BookOfRevelations"},{"floor":10.0,"key":"SSSystem"},{"floor":14,"key":"Oddly Smooth Stone"},{"floor":24,"key":"TheBible"},{"floor":26,"key":"Gremlin Food"},{"floor":43,"key":"AT_ArchangelStaff"},{"floor":44,"key":"ReplayTheSpireMod:TigerMarble"}],"event_choices":[{"damage_healed":0.0,"max_hp_gain":0.0,"max_hp_loss":0.0,"gold_gain":0.0,"event_name":"HidenRoomEvent","player_choice":"Fight","floor":2.0,"gold_loss":0.0,"damage_taken":0.0},{"damage_healed":0.0,"max_hp_gain":5.0,"max_hp_loss":0.0,"gold_gain":0.0,"event_name":"Big Fish","player_choice":"Donut","floor":12.0,"gold_loss":0.0,"damage_taken":0.0},{"damage_healed":0,"gold_gain":0,"player_choice":"Ignored","damage_taken":0,"max_hp_gain":0,"max_hp_loss":0,"event_name":"N\u0027loth","floor":22,"gold_loss":0},{"cards_removed":["Strike_G"],"damage_healed":0,"gold_gain":0,"player_choice":"Gave Gold","damage_taken":0,"max_hp_gain":0,"max_hp_loss":0,"event_name":"Beggar","floor":32,"gold_loss":75},{"cards_removed":["Defend_G"],"damage_healed":0,"gold_gain":0,"player_choice":"Removed Skill","damage_taken":0,"max_hp_gain":0,"max_hp_loss":0,"event_name":"Falling","floor":42,"gold_loss":0}],"is_beta":false,"boss_relics":[{"not_picked":["Astrolabe","Replay:Wanted Poster"],"picked":"AT_MortalBlade"},{"not_picked":[]},{"not_picked":["Pandora\u0027s Box","ReplayTheSpireMod:DimensionalGlitch"],"picked":"Painkiller Herb"},{"not_picked":[]}],"items_purged_floors":[11,11,19,47,47],"is_endless":false,"potions_floor_spawned":[1,2,3,4,7,18,24,33,35,39,44],"ascension_level":0}}