{"host":"sum4dy402bbv9y4o","time":1609778148,"event":{"mods":["Aspiration","BaseMod","Conspire","Highlight Path","Minty Spire (QoL Compilation)","StSLib"],"gold_per_floor":[109,34,61,73,83,83,106,135,135,167,32,32,32,63,63,137,137,153,153,0,16,31,64,64,64,145,145,145,162,192,212,212,283,283,298,298,316,316,333,333,333,333],"floor_reached":41,"playtime":1264,"items_purged":["Strike_P","conspire:GhostlyStrike"],"score":1124,"play_id":"a91c45ee-a8cc-4555-9c2d-50f4a3caf472","local_time":"20210104193548","is_ascension_mode":true,"campfire_choices":[{"floor":6,"key":"REST"},{"data":"TalkToTheHand","floor":15,"key":"SMITH"},{"floor":24,"key":"REST"},{"floor":27,"key":"REST"},{"floor":32,"key":"REST"},{"data":"LessonLearned","floor":40,"key":"SMITH"}],"circlet_count":0,"master_deck":["AscendersBane","conspire:GhostlyStrike+1","conspire:GhostlyDefend","conspire:GhostlyDefend+1","Eruption+1","Vigilance+1","Tantrum+1","FollowUp","FollowUp","FlyingSleeves","Consecrate","Consecrate","TalkToTheHand+1","FlurryOfBlows","Perseverance","LessonLearned+1","Twin Strike","Cleave","Protect","Feed","FlurryOfBlows","Body Slam+1","Deflect","Venomology","Bane","Intimidate+1"],"relics":["PureWater","Whetstone","Juzu Bracelet","Odd Mushroom","Gambling Chip","Pantograph","CloakClasp","aspiration:IroncladSkillbook","Ornamental Fan","Sundial","Thread and Needle"],"acts_visited":["Exordium","TheCity","TheBeyond"],"potions_floor_usage":[3,16,18,23,30,35,41],"damage_taken":[{"damage":6,"enemies":"Small Slimes","floor":1,"turns":4},{"damage":33,"enemies":"conspire:MimicChest","floor":3,"turns":3},{"damage":2,"enemies":"Jaw Worm","floor":4,"turns":3},{"damage":0,"enemies":"Cultist","floor":5,"turns":3},{"damage":0,"enemies":"The Mushroom Lair","floor":8,"turns":2},{"damage":0,"enemies":"Gremlin Nob","floor":10,"turns":2},{"damage":2,"enemies":"3 Sentries","floor":14,"turns":3},{"damage":0,"enemies":"Slime Boss","floor":16,"turns":5},{"damage":24,"enemies":"2 Thieves","floor":18,"turns":3},{"damage":23,"enemies":"Shell Parasite","floor":21,"turns":3},{"damage":20,"enemies":"Sentry and Sphere","floor":22,"turns":3},{"damage":15,"enemies":"Gremlin Leader","floor":23,"turns":4},{"damage":0,"enemies":"Centurion and Healer","floor":29,"turns":4},{"damage":35,"enemies":"Book of Stabbing","floor":30,"turns":5},{"damage":14,"enemies":"Shelled Parasite and Fungi","floor":31,"turns":6},{"damage":0,"enemies":"Champ","floor":33,"turns":8},{"damage":9,"enemies":"3 Darklings","floor":35,"turns":3},{"damage":0,"enemies":"Orb Walker","floor":37,"turns":3},{"damage":27,"enemies":"Spire Growth","floor":39,"turns":5},{"damage":77,"enemies":"Nemesis","floor":41,"turns":6}],"seed_played":"8532030259344327892","potions_obtained":[{"floor":1,"key":"LiquidMemories"},{"floor":5,"key":"AttackPotion"},{"floor":8,"key":"StancePotion"},{"floor":12,"key":"Regen Potion"},{"floor":14,"key":"PowerPotion"},{"floor":18,"key":"Fruit Juice"},{"floor":29,"key":"BlessingOfTheForge"},{"floor":31,"key":"LiquidBronze"},{"floor":33,"key":"Explosive Potion"}],"is_trial":false,"path_per_floor":["M","$","?","M","M","R","T","?","T","E","$","?","?","E","R","B",null,"M","?","$","M","M","E","R","?","T","R","?","M","E","M","R","B",null,"M","?","M","?","M","R","E"],"character_chosen":"WATCHER","items_purchased":["TalkToTheHand","FlurryOfBlows","Cleave"],"campfire_rested":4,"item_purchase_floors":[11,11,20],"current_hp_per_floor":[55,55,22,20,20,40,40,40,40,40,40,40,40,38,38,63,67,52,52,52,33,17,6,27,27,27,48,48,55,24,17,40,69,77,72,72,76,76,53,53,0,0],"gold":333,"neow_bonus":"UPGRADE_CARD","is_daily":false,"chose_seed":false,"campfire_upgraded":2,"win_rate":0.0,"timestamp":1609778148,"path_taken":["M","$","?","M","M","R","?","?","T","E","$","?","?","E","R","BOSS","M","?","$","M","M","E","R","?","T","R","?","M","E","M","R","BOSS","M","?","M","?","M","R","E"],"items_purchased_type":["Card","Card","Card"],"build_version":"2020-12-22","purchased_purges":2,"victory":false,"max_hp_per_floor":[68,68,68,68,68,68,68,68,68,68,68,68,68,68,68,68,68,73,73,73,73,73,73,73,73,73,73,73,76,76,79,79,79,79,79,79,79,79,79,79,79,79],"card_choices":[{"not_picked":["Fasting2","CrushJoints"],"picked":"Tantrum","floor":1},{"not_picked":["Wireheading","Fasting2"],"picked":"FollowUp","floor":3},{"not_picked":["ThirdEye","Evaluate"],"picked":"FollowUp","floor":4},{"not_picked":["ThirdEye","JustLucky"],"picked":"FlyingSleeves","floor":5},{"not_picked":["JustLucky","EmptyBody"],"picked":"Consecrate","floor":8},{"not_picked":["WaveOfTheHand","Wireheading"],"picked":"Consecrate","floor":10},{"not_picked":["DeceiveReality","Meditate"],"picked":"Perseverance","floor":14},{"not_picked":["Vault","MasterReality"],"picked":"LessonLearned","floor":16},{"not_picked":["Halt+1","Flame Barrier+1","Flex+1"],"picked":"Twin Strike","floor":18},{"not_picked":["Shrug It Off","WreathOfFlame","Bloodletting","conspire:HitWhereItHurts"],"picked":"SKIP","floor":21},{"not_picked":["Shrug It Off","Shockwave","CutThroughFate"],"picked":"Protect","floor":22},{"not_picked":["Perfected Strike+1","Shrug It Off","Protect"],"picked":"Feed","floor":23},{"not_picked":["FollowUp","Headbutt","Flex"],"picked":"FlurryOfBlows","floor":29},{"not_picked":["Crescendo","Bludgeon","CutThroughFate"],"picked":"Body Slam","floor":30},{"not_picked":["Wild Strike+1","FlurryOfBlows","True Grit","Burning Pact"],"picked":"SKIP","floor":31},{"not_picked":["Crescendo","SashWhip","Clash","Pommel Strike"],"picked":"SKIP","floor":35},{"not_picked":["LikeWater","Cleave","ThirdEye","JustLucky+1"],"picked":"SKIP","floor":37},{"not_picked":["Pummel","Wild Strike","Evaluate+1"],"picked":"Intimidate+1","floor":39}],"player_experience":2903123,"relics_obtained":[{"floor":3,"key":"Whetstone"},{"floor":7,"key":"Juzu Bracelet"},{"floor":8,"key":"Odd Mushroom"},{"floor":9,"key":"Gambling Chip"},{"floor":10,"key":"Pantograph"},{"floor":14,"key":"CloakClasp"},{"floor":23,"key":"Ornamental Fan"},{"floor":26,"key":"Sundial"},{"floor":30,"key":"Thread and Needle"}],"event_choices":[{"damage_healed":0,"gold_gain":0,"player_choice":"Fought Mushrooms","damage_taken":0,"max_hp_gain":0,"max_hp_loss":0,"event_name":"Mushrooms","floor":8,"gold_loss":0},{"damage_healed":0,"gold_gain":0,"player_choice":"Got Potions","damage_taken":0,"max_hp_gain":0,"max_hp_loss":0,"event_name":"Lab","floor":12,"gold_loss":0},{"damage_healed":0,"gold_gain":0,"player_choice":"Agree","damage_taken":0,"max_hp_gain":0,"max_hp_loss":0,"event_name":"conspire:LoneGhost","floor":13,"gold_loss":0},{"damage_healed":0,"gold_gain":0,"player_choice":"0 cards matched","damage_taken":0,"max_hp_gain":0,"max_hp_loss":0,"event_name":"Match and Keep!","floor":19,"gold_loss":0,"cards_obtained":[]},{"damage_healed":0,"gold_gain":0,"player_choice":"Ignored","damage_taken":0,"max_hp_gain":0,"max_hp_loss":0,"event_name":"Vampires","floor":25,"gold_loss":0},{"damage_healed":0,"gold_gain":0,"player_choice":"Ignored","damage_taken":0,"max_hp_gain":0,"max_hp_loss":0,"event_name":"The Mausoleum","floor":28,"gold_loss":0},{"damage_healed":0,"gold_gain":0,"player_choice":"Ignored","damage_taken":0,"max_hp_gain":0,"max_hp_loss":0,"event_name":"Mysterious Sphere","floor":36,"gold_loss":0}],"is_beta":false,"boss_relics":[{"not_picked":["Pandora\u0027s Box","SacredBark"],"picked":"aspiration:IroncladSkillbook"},{"not_picked":["conspire:RunicOctahedron","Cursed Key","aspiration:PoetsPen"]}],"items_purged_floors":[2,20],"is_endless":false,"potions_floor_spawned":[1,5,8,14,18,29,31,33],"killed_by":"Nemesis","ascension_level":20}}