{"host":"j4g6ia6asvpyu2b0","time":1609769305,"event":{"mods":["BaseMod","Colored Map","Minty Spire (QoL Compilation)","Permanent Neow","Quick Restart","Relic Stats","StSLib","Unceasing Turn Reminder"],"gold_per_floor":[144,189,139,214,259,259,349,394,394,669,669,714,759,849,849,1149,1149,1194,738,783,828,389,479,479,479,554,644,196,196,196,241,241,541,841,895,949,505,505,514,613,658,658,692,188,188,272,272,326,326,326],"floor_reached":51,"playtime":2106,"items_purged":["Regret","Eruption","Pain","Zap","Pain"],"score":1000,"play_id":"24d03353-ad75-4d93-92a3-c0ddb99087b7","local_time":"20210104070825","daily_mods":["Chimera","Diverse","Midas"],"is_ascension_mode":false,"campfire_choices":[{"floor":6.0,"key":"REST"},{"floor":11.0,"key":"REST"},{"floor":15.0,"key":"REST"},{"floor":24,"key":"REST"},{"floor":32,"key":"REST"},{"floor":47,"key":"REST"},{"floor":49,"key":"REST"}],"circlet_count":0,"master_deck":["Survivor","Defend_R","Defend_G","Defend_P","Feel No Pain","Disarm","CutThroughFate","Dagger Throw","Evaluate","Ghostly Armor+1","Battle Trance+1","Hologram+1","DevaForm","Coolheaded+1","TalkToTheHand","Sweeping Beam","Steam Power+1","Madness+1","Metamorphosis+1","Sweeping Beam+1","Aggregate+1","Storm","Acrobatics+1","Bite","Bite","Bite","Bite","Bite","Night Terror+1","Acrobatics+1","Corpse Explosion+1","CurseOfTheBell","Cloak And Dagger+1","Escape Plan+1","Leg Sweep+1","Whirlwind","Chrysalis+1","Vault+1","Clumsy","Master of Strategy+1","Study","Shame","Capacitor"],"relics":["Cracked Core","Happy Flower","Toxic Egg 2","Thread and Needle","Cursed Key","Runic Capacitor","Strawberry","Membership Card","Oddly Smooth Stone","Darkstone Periapt","Dream Catcher","Ornamental Fan","Singing Bowl","Toolbox","Calling Bell","CeramicFish","Matryoshka","Old Coin","Ice Cream","Sling","WarpedTongs","Boot","Blue Candle","Akabeko","Letter Opener","Molten Egg 2","Pen Nib","InkBottle"],"acts_visited":["Exordium","TheCity","TheBeyond"],"potions_floor_usage":[23,23,35,38,50,50],"damage_taken":[{"damage":0.0,"enemies":"Cultist","floor":1.0,"turns":3.0},{"damage":2.0,"enemies":"Small Slimes","floor":2.0,"turns":4.0},{"damage":0.0,"enemies":"2 Louse","floor":5.0,"turns":3.0},{"damage":28.0,"enemies":"Gremlin Nob","floor":7.0,"turns":3.0},{"damage":2.0,"enemies":"2 Fungi Beasts","floor":8.0,"turns":3.0},{"damage":3.0,"enemies":"Blue Slaver","floor":12.0,"turns":4.0},{"damage":0.0,"enemies":"Red Slaver","floor":13.0,"turns":4.0},{"damage":0.0,"enemies":"Lagavulin","floor":14.0,"turns":4.0},{"damage":33.0,"enemies":"The Guardian","floor":16.0,"turns":10.0},{"damage":0.0,"enemies":"Spheric Guardian","floor":18.0,"turns":2.0},{"damage":0.0,"enemies":"2 Thieves","floor":20.0,"turns":4.0},{"damage":0.0,"enemies":"Snecko","floor":21.0,"turns":6.0},{"damage":0,"enemies":"Slavers","floor":23,"turns":4},{"damage":5,"enemies":"Book of Stabbing","floor":27,"turns":6},{"damage":0,"enemies":"Cultist and Chosen","floor":31,"turns":4},{"damage":30,"enemies":"Collector","floor":33,"turns":9},{"damage":20,"enemies":"3 Darklings","floor":35,"turns":3},{"damage":9,"enemies":"Orb Walker","floor":36,"turns":3},{"damage":0,"enemies":"3 Darklings","floor":38,"turns":1},{"damage":0,"enemies":"Nemesis","floor":40,"turns":7},{"damage":28,"enemies":"Sphere and 2 Shapes","floor":41,"turns":6},{"damage":1,"enemies":"Transient","floor":48,"turns":6},{"damage":29,"enemies":"Time Eater","floor":50,"turns":7}],"seed_played":"-6631355389535803282","potions_obtained":[{"floor":7.0,"key":"Energy Potion"},{"floor":8.0,"key":"BlessingOfTheForge"},{"floor":12.0,"key":"Energy Potion"},{"floor":21.0,"key":"AttackPotion"},{"floor":23,"key":"LiquidMemories"},{"floor":27,"key":"Block Potion"},{"floor":33,"key":"SmokeBomb"},{"floor":41,"key":"PowerPotion"}],"is_trial":false,"path_per_floor":["M","M","?","?","M","R","E","M","T","?","R","M","M","E","R","B",null,"M","$","M","M","$","E","R","?","T","E","$","?","?","M","R","B",null,"M","M","$","M","?","E","M","?","T","$","?","T","R","M","R","B",null],"character_chosen":"DEFECT","items_purchased":["Runic Capacitor","TalkToTheHand","Strawberry","Membership Card","Blood Vial","DistilledChaos","Madness+1","Metamorphosis+1","Ornamental Fan","Singing Bowl","Aggregate+1","Toolbox","Storm","Ice Cream","Sling","Leg Sweep+1","Whirlwind","Chrysalis+1","Letter Opener","Molten Egg 2","Master of Strategy+1","Study","CultistPotion"],"campfire_rested":7,"item_purchase_floors":[19,19,19,22,22,22,22,22,28,28,28,28,28,37,37,37,37,37,44,44,44,44,44],"current_hp_per_floor":[75,73,73,62,62,75,47,45,45,45,67,64,64,64,75,42,75,75,82,82,82,82,82,82,82,82,77,77,77,77,82,82,60,88,72,65,65,65,71,83,65,65,71,71,71,77,110,110,112,85],"gold":326,"neow_bonus":"","is_daily":true,"chose_seed":false,"campfire_upgraded":0,"win_rate":0.0,"timestamp":1609769305,"path_taken":["M","M","?","?","M","R","E","M","T","?","R","M","M","E","R","BOSS","M","$","M","?","$","E","R","?","T","E","$","?","?","M","R","BOSS","M","M","$","M","?","E","?","?","T","$","?","?","R","M","R","BOSS"],"items_purchased_type":["Relic","Card","Relic","Relic","Relic","Potion","Card","Card","Relic","Relic","Card","Relic","Card","Relic","Relic","Card","Card","Card","Relic","Relic","Card","Card","Potion"],"build_version":"2020-12-22","purchased_purges":5,"victory":true,"max_hp_per_floor":[75,75,75,75,75,75,75,75,75,75,75,75,75,75,75,75,75,75,82,82,82,82,82,82,82,82,82,82,82,82,82,82,82,88,88,88,88,88,94,94,96,96,102,102,102,108,110,110,112,112],"relic_stats":{"Darkstone Periapt":24,"Happy Flower":[31],"Singing Bowl":6,"counters":[23,106],"CeramicFish":108,"Blue Candle":[2],"Pen Nib":[3],"Letter Opener":[50],"Cursed Key":3,"Boot":[2],"WarpedTongs":[21],"Dream Catcher":3,"Ornamental Fan":[120],"obtain_stats":[{"Darkstone Periapt":26,"Ice Cream":37,"Singing Bowl":28,"CeramicFish":34,"Runic Capacitor":19,"Cursed Key":17,"Sling":37,"Boot":40,"Old Coin":34,"Blood Vial":22,"Dream Catcher":27,"Matryoshka":34,"Strawberry":19,"Toolbox":28,"Toxic Egg 2":9,"Cracked Core":0,"InkBottle":46,"Happy Flower":7,"Blue Candle":43,"Oddly Smooth Stone":23,"Thread and Needle":14,"Pen Nib":46,"Letter Opener":44,"Akabeko":43,"WarpedTongs":39,"Calling Bell":34,"Ornamental Fan":28,"Molten Egg 2":44,"Membership Card":22},{"Darkstone Periapt":13,"Ice Cream":18,"Singing Bowl":14,"CeramicFish":16,"Runic Capacitor":10,"Cursed Key":9,"Sling":18,"Boot":20,"Old Coin":16,"Blood Vial":12,"Dream Catcher":14,"Matryoshka":16,"Strawberry":10,"Toolbox":14,"Toxic Egg 2":5,"Cracked Core":0,"InkBottle":21,"Happy Flower":4,"Blue Candle":21,"Oddly Smooth Stone":13,"Thread and Needle":8,"Pen Nib":21,"Letter Opener":21,"Akabeko":21,"WarpedTongs":19,"Calling Bell":16,"Ornamental Fan":14,"Molten Egg 2":21,"Membership Card":12},{"Darkstone Periapt":54,"Ice Cream":79,"Singing Bowl":60,"CeramicFish":73,"Runic Capacitor":40,"Cursed Key":38,"Sling":79,"Boot":87,"Old Coin":73,"Blood Vial":50,"Dream Catcher":60,"Matryoshka":73,"Strawberry":40,"Toolbox":60,"Toxic Egg 2":16,"Cracked Core":0,"InkBottle":93,"Happy Flower":13,"Blue Candle":93,"Oddly Smooth Stone":54,"Thread and Needle":28,"Pen Nib":93,"Letter Opener":93,"Akabeko":93,"WarpedTongs":80,"Calling Bell":73,"Ornamental Fan":60,"Molten Egg 2":93,"Membership Card":50}],"InkBottle":[9]},"card_choices":[{"not_picked":["Halt","EmptyFist"],"picked":"Feel No Pain","floor":1.0},{"not_picked":["Cloak And Dagger","Flying Knee"],"picked":"Disarm","floor":2.0},{"not_picked":["Rupture","PathToVictory"],"picked":"CutThroughFate","floor":5.0},{"not_picked":["Acrobatics","Iron Wave"],"picked":"Dagger Throw","floor":7.0},{"not_picked":["Steam","Consecrate"],"picked":"Evaluate","floor":8.0},{"not_picked":["SandsOfTime","Flying Knee"],"picked":"Ghostly Armor+1","floor":12.0},{"not_picked":["Pommel Strike","Rampage"],"picked":"Battle Trance+1","floor":13.0},{"not_picked":["Bouncing Flask+1","Dual Wield+1"],"picked":"Hologram+1","floor":14.0},{"not_picked":["Impervious+1","Meteor Strike"],"picked":"DevaForm","floor":16.0},{"not_picked":["Rupture","Metallicize"],"picked":"Coolheaded+1","floor":18.0},{"not_picked":["Pray+1","Cleave"],"picked":"Sweeping Beam","floor":20.0},{"not_picked":["Capacitor+1","Fusion+1"],"picked":"Steam Power+1","floor":21.0},{"not_picked":["Glass Knife","MentalFortress"],"picked":"Sweeping Beam+1","floor":23},{"not_picked":["Havoc+1","Barrage"],"picked":"Predator","floor":27},{"not_picked":["JustLucky","Tactician+1"],"picked":"Night Terror+1","floor":31},{"not_picked":["Halt+1","Barrage"],"picked":"Acrobatics+1","floor":32},{"not_picked":["Feed","Electrodynamics"],"picked":"Corpse Explosion+1","floor":33},{"not_picked":["ConjureBlade+1","Defragment"],"picked":"Cloak And Dagger+1","floor":35},{"not_picked":["Perfected Strike","Twin Strike+1"],"picked":"Escape Plan+1","floor":36},{"not_picked":["Reprogram+1","Leg Sweep+1"],"picked":"Vault+1","floor":40},{"not_picked":["Tactician+1","SashWhip","SandsOfTime+1"],"picked":"Singing Bowl","floor":41},{"not_picked":["Deadly Poison+1","Crescendo+1","Ball Lightning+1"],"picked":"Singing Bowl","floor":47},{"not_picked":["Genetic Algorithm+1","Shockwave+1"],"picked":"Capacitor","floor":48},{"not_picked":["EmptyFist+1","Steam+1","FollowUp+1"],"picked":"Singing Bowl","floor":49}],"player_experience":694928,"relics_obtained":[{"floor":7.0,"key":"Happy Flower"},{"floor":9.0,"key":"Toxic Egg 2"},{"floor":14.0,"key":"Thread and Needle"},{"floor":23,"key":"Oddly Smooth Stone"},{"floor":26,"key":"Darkstone Periapt"},{"floor":27,"key":"Dream Catcher"},{"floor":34,"key":"CeramicFish"},{"floor":34,"key":"Matryoshka"},{"floor":34,"key":"Old Coin"},{"floor":40,"key":"Boot"},{"floor":43,"key":"Blue Candle"},{"floor":43,"key":"Akabeko"},{"floor":46,"key":"Pen Nib"},{"floor":46,"key":"InkBottle"}],"event_choices":[{"cards_removed":["Bash"],"damage_healed":0.0,"max_hp_gain":0.0,"max_hp_loss":0.0,"gold_gain":0.0,"event_name":"The Cleric","player_choice":"Card Removal","floor":3.0,"gold_loss":50.0,"damage_taken":0.0},{"damage_healed":0.0,"max_hp_gain":0.0,"max_hp_loss":0.0,"gold_gain":75.0,"event_name":"World of Goop","player_choice":"Gather Gold","floor":4.0,"gold_loss":0.0,"damage_taken":11.0},{"damage_healed":0.0,"max_hp_gain":0.0,"max_hp_loss":0.0,"gold_gain":275.0,"event_name":"Golden Shrine","player_choice":"Desecrate","floor":10.0,"gold_loss":0.0,"damage_taken":0.0,"cards_obtained":["Regret"]},{"damage_healed":0,"gold_gain":0,"player_choice":"Ignored","damage_taken":0,"max_hp_gain":0,"max_hp_loss":0,"event_name":"Ghosts","floor":25,"gold_loss":0},{"damage_healed":0,"gold_gain":0,"player_choice":"Read","damage_taken":0,"max_hp_gain":0,"max_hp_loss":0,"event_name":"The Library","floor":29,"gold_loss":0,"cards_obtained":["Acrobatics"]},{"damage_healed":0,"gold_gain":0,"player_choice":"Became a vampire (Vial)","damage_taken":0,"max_hp_gain":0,"max_hp_loss":0,"event_name":"Vampires","floor":30,"relics_lost":["Blood Vial"],"gold_loss":0,"cards_obtained":["Bite","Bite","Bite","Bite","Bite"]},{"damage_healed":0,"gold_gain":0,"player_choice":"Rummage","damage_taken":0,"relics_obtained":["WarpedTongs"],"max_hp_gain":0,"max_hp_loss":0,"event_name":"Accursed Blacksmith","floor":39,"gold_loss":0,"cards_obtained":["Pain"]},{"damage_healed":0,"gold_gain":0,"player_choice":"Ignored","damage_taken":0,"max_hp_gain":0,"max_hp_loss":0,"event_name":"Tomb of Lord Red Mask","floor":42,"gold_loss":0},{"cards_removed":["Predator"],"damage_healed":0,"gold_gain":0,"player_choice":"Removed Attack","damage_taken":0,"max_hp_gain":0,"max_hp_loss":0,"event_name":"Falling","floor":45,"gold_loss":0}],"is_beta":false,"boss_relics":[{"not_picked":["Black Star","Inserter"],"picked":"Cursed Key"},{"not_picked":["Tiny House","Velvet Choker"],"picked":"Calling Bell"}],"items_purged_floors":[19,22,28,37,44],"is_endless":false,"potions_floor_spawned":[7,8,12,13,21,23,27,33,41,48],"ascension_level":0}}