{"host":"8lgo2trwv2o0qyml","time":1609740477,"event":{"mods":["BaseMod","Colored Map","Colored Powertips","DeckTracker","Highlight Path","Hubris","Infinite Spire","Minty Spire (QoL Compilation)","Quick Restart","Random Character Button","Relic Sorter","Replay The Spire","StSLib","SuperFastMode","Synergy Search","The Jungle"],"gold_per_floor":[99,99,114,131,141,141,166,166,191,221,241,241,253,268,268,364,364,383,383,114,114,114,114,147,163,186,206,206,232,172,192,192,192,192],"floor_reached":33,"playtime":1527,"items_purged":["Strike_R"],"score":370,"play_id":"ada70948-d639-498c-8a00-766d5012aee0","local_time":"20210104010757","daily_mods":["Specialized","Heirloom"],"is_ascension_mode":false,"campfire_choices":[{"data":"Eruption","floor":6,"key":"SMITH"},{"data":"Infernal Blade","floor":8,"key":"SMITH"},{"floor":12,"key":"REST"},{"data":"Juggernaut","floor":23,"key":"SMITH"},{"floor":28,"key":"REST"},{"floor":32,"key":"REST"}],"circlet_count":0,"master_deck":["Defend_R","Defend_R","Defend_R","Defend_R","Run Through","Run Through","Run Through","Run Through","Run Through","Eruption+1","Infernal Blade+1","Reckless Charge","Juggernaut+1","Anger","Flex","Hemogenesis","Juggernaut","Anger","Bite","Bite","Bite","Bite","Bite","Flex","Evolve","Body Slam"],"relics":["Pondfish Scales","Replay:M_SmolderingBlood","Du-Vu Doll","Bronze Scales","infinitespire:ShieldingShard","Runic Pyramid","Sling","Bag of Preparation","Nunchaku","Bird Faced Urn"],"acts_visited":["Exordium","TheCity"],"potions_floor_usage":[7,7,27,27,31,33],"damage_taken":[{"damage":7,"enemies":"2 Louse","floor":3,"turns":2},{"damage":6,"enemies":"Cultist","floor":4,"turns":3},{"damage":5,"enemies":"Small Slimes","floor":5,"turns":3},{"damage":30,"enemies":"Lagavulin","floor":7,"turns":4},{"damage":0,"enemies":"Gremlin Nob","floor":10,"turns":2},{"damage":7,"enemies":"Looter","floor":11,"turns":1},{"damage":0,"enemies":"2 Fungi Beasts","floor":13,"turns":2},{"damage":0,"enemies":"Large Slime","floor":14,"turns":1},{"damage":43,"enemies":"The Guardian","floor":16,"turns":9},{"damage":15,"enemies":"2 Thieves","floor":18,"turns":3},{"damage":36,"enemies":"Book of Stabbing","floor":24,"turns":4},{"damage":17,"enemies":"3 Byrds","floor":25,"turns":3},{"damage":4,"enemies":"Centurion and Healer","floor":27,"turns":4},{"damage":7,"enemies":"Gremlin Leader","floor":29,"turns":4},{"damage":41,"enemies":"Snecko","floor":31,"turns":7},{"damage":59,"enemies":"Pondfish","floor":33,"turns":5}],"seed_played":"-1293233276560700989","potions_obtained":[{"floor":3,"key":"DuplicationPotion"},{"floor":5,"key":"PowerPotion"},{"floor":16,"key":"Strength Potion"},{"floor":18,"key":"ColorlessPotion"},{"floor":24,"key":"Doom Potion"},{"floor":27,"key":"Elixir"}],"is_trial":true,"path_per_floor":["?","?","M","M","M","R","E","R","T","E","M","R","M","M","R_BF","B",null,"M","?","$","?","?","R","E","M","T","M","R","E","?","M","R","B"],"character_chosen":"IRONCLAD","items_purchased":["Anger","Sling"],"campfire_rested":3,"item_purchase_floors":[20,20],"current_hp_per_floor":[80,80,73,67,62,62,32,32,32,32,25,49,49,49,49,11,80,65,65,65,65,56,56,26,15,15,22,38,37,37,17,33,0,0],"gold":192,"neow_bonus":"","is_daily":false,"chose_seed":false,"campfire_upgraded":3,"win_rate":0.0,"timestamp":1609740477,"path_taken":["?","?","M","?","M","R","E","R","T","E","M","R","M","?","R_BF","BOSS","M","?","$","?","?","R","E","M","T","M","R","E","?","M","R","BOSS"],"items_purchased_type":["Card","Relic"],"build_version":"2020-12-22","purchased_purges":1,"victory":false,"max_hp_per_floor":[80,80,80,80,80,80,80,80,80,80,80,80,80,80,80,80,80,80,80,80,80,56,56,56,56,56,56,56,56,56,56,56,56,56],"card_choices":[{"not_picked":["Shockwave","Headbutt"],"picked":"Infernal Blade","floor":3},{"not_picked":["ReplayTheSpireMod:Strike From Hell","hubris:ReadiedAction","Wild Strike"],"picked":"SKIP","floor":4},{"not_picked":["Pommel Strike","Berserk","Headbutt"],"picked":"SKIP","floor":5},{"not_picked":["Spot Weakness","hubris:ReadiedAction"],"picked":"Reckless Charge","floor":7},{"not_picked":["Headbutt","Offering"],"picked":"Juggernaut","floor":10},{"not_picked":["ReplayTheSpireMod:Muscle Training","hubris:ReadiedAction"],"picked":"Anger","floor":11},{"not_picked":["Tantrum","CrushJoints"],"picked":"Flex","floor":13},{"not_picked":["Thunderclap","Perfected Strike","Burning Pact"],"picked":"SKIP","floor":14},{"not_picked":["Immolate","Fiend Fire"],"picked":"Juggernaut","floor":16},{"not_picked":["hubris:ReadiedAction+1","Seeing Red","Ghostly Armor"],"picked":"SKIP","floor":18},{"not_picked":["Replay:Many Hands","Clothesline"],"picked":"Flex","floor":24},{"not_picked":["Dual Wield+1","Combust","Shockwave"],"picked":"SKIP","floor":25},{"not_picked":["Cleave","Carnage","Fire Breathing"],"picked":"SKIP","floor":27},{"not_picked":["Intimidate","Havoc"],"picked":"Evolve","floor":29},{"not_picked":["ReplayTheSpireMod:Muscle Training+1","ReplayTheSpireMod:Corrosion Curse"],"picked":"Body Slam","floor":31}],"player_experience":20844,"relics_obtained":[{"floor":7,"key":"Du-Vu Doll"},{"floor":9,"key":"Bronze Scales"},{"floor":10,"key":"infinitespire:ShieldingShard"},{"floor":24,"key":"Bag of Preparation"},{"floor":26,"key":"Nunchaku"},{"floor":29,"key":"Bird Faced Urn"}],"event_choices":[{"damage_healed":0,"gold_gain":0,"player_choice":"Bought 0 Potions","damage_taken":0,"max_hp_gain":0,"max_hp_loss":0,"event_name":"The Woman in Blue","floor":2,"gold_loss":0},{"damage_healed":0,"gold_gain":0,"player_choice":"Ignored","damage_taken":0,"max_hp_gain":0,"max_hp_loss":0,"event_name":"Ghosts","floor":19,"gold_loss":0},{"damage_healed":0,"gold_gain":0,"player_choice":"Became a vampire","damage_taken":0,"max_hp_gain":0,"max_hp_loss":24,"event_name":"Vampires","floor":22,"gold_loss":0,"cards_obtained":["Bite","Bite","Bite","Bite","Bite"]}],"is_beta":false,"boss_relics":[{"not_picked":["Velvet Choker","Snecko Eye"],"picked":"Runic Pyramid"}],"items_purged_floors":[20],"is_endless":false,"potions_floor_spawned":[3,5,16,18,24,27],"killed_by":"Pondfish","ascension_level":0}}