{"host":"a3oe3gstxz77c7qu","time":1609772601,"event":{"mods":["2.2 Compatiblity","Act Like it!","BaseMod","Bestiary","Better Altar","Better Match","Better Note","Better Skull","Better Third Choice","Block Reminder","Curses Come First","Custom Start","Friendly Minions","GifTheSpireLib","Infinite Spire","Lobotomy","LobotomyExtend","Minty Spire (QoL Compilation)","Permanent Neow","Puzzle Mod","Quick Restart","Relic Stats","Replay The Spire","StSLib","Uncapped","Wandering Minibosses"],"gold_per_floor":[120,120,133,133,153,153,178,108,108,108,108,108,141,141,141,242,242,256,111,311,325,325,325,325,325,350,350,377,397,436,466,466,616,616,660,685,724,517,561,586,586,666,691,754,808,808,839,867,867,867],"floor_reached":51,"playtime":4398,"items_purged":["FourthMatchFlame"],"score":1448,"play_id":"b0d01d97-b9c5-4387-b192-834d0367f88a","local_time":"20210104150321","is_ascension_mode":true,"campfire_choices":[{"floor":46,"key":"DIG"},{"floor":49,"key":"DIG"}],"circlet_count":1,"master_deck":["SpecialBullet","SpecialBullet","SpecialBullet","SpecialBullet","SpecialBullet","SpecialBullet","SpecialBullet","SpecialBullet","InformationCode","CentralCode","ExtractionCode","FourthMatchFlame","SpiderBud","ReplayTheSpireMod:Black Plague+1","FourthMatchFlame","DisciplinaryCode","Adoration","DaCapo+1","FrostShard+1","FourthMatchFlame","BodiesMountain","Justitia+1","GoldRush+1","Variant","BodiesMountain","Regret_ego+1","RapturousDream+1","SecurityCode","GreenStem+1","SolemnVow+1","Adoration+1"],"relics":["CogitoBucket","RabbitCall","Replay:Wax Seal","LetterFromLob","Mango","Bird Faced Urn","Unceasing Top","Circlet","Calling Bell","Tiny Chest","Pantograph","Thread and Needle","FleshIdol","Strange Spoon","Iron Hammer","Oddly Smooth Stone","infinitespire:PuzzleCube","WingedGreaves","Cursed Key","Frozen Eye","infinitespire:Beetle Shell","Shovel","War Paint","Replay:Baseball","Akabeko","ReplayTheSpireMod:TigerMarble","Pen Nib","infinitespire:EvilPickle"],"acts_visited":["Exordium","TheCity","TheBeyond"],"potions_floor_usage":[],"damage_taken":[{"damage":6.0,"enemies":"Small Slimes","floor":1.0,"turns":3.0},{"damage":12.0,"enemies":"Jaw Worm","floor":3.0,"turns":3.0},{"damage":13.0,"enemies":"2 Louse","floor":5.0,"turns":2.0},{"damage":2.0,"enemies":"Lagavulin","floor":7.0,"turns":5.0},{"damage":0.0,"enemies":"Large Slime","floor":11.0,"turns":6.0},{"damage":0.0,"enemies":"Gremlin Nob","floor":13.0,"turns":2.0},{"damage":20.0,"enemies":"Slime Boss","floor":16.0,"turns":8.0},{"damage":0.0,"enemies":"Chosen","floor":18.0,"turns":2.0},{"damage":9,"enemies":"2 Thieves","floor":21,"turns":3},{"damage":0,"enemies":"3 Cultists","floor":29,"turns":1},{"damage":4,"enemies":"Centurion and Healer","floor":30,"turns":2},{"damage":55,"enemies":"Book of Stabbing","floor":31,"turns":12},{"damage":21,"enemies":"Pondfish","floor":33,"turns":8},{"damage":8,"enemies":"Orb Walker","floor":35,"turns":4},{"damage":0,"enemies":"3 Darklings","floor":37,"turns":2},{"damage":4,"enemies":"Maw","floor":39,"turns":3},{"damage":18,"enemies":"Nemesis","floor":42,"turns":7},{"damage":7,"enemies":"4 Shapes","floor":44,"turns":2},{"damage":2,"enemies":"R_Hoarder","floor":45,"turns":3},{"damage":0,"enemies":"Reptomancer","floor":47,"turns":2},{"damage":3,"enemies":"Nightmare","floor":48,"turns":3},{"damage":0,"enemies":"infinitespire:MassOfShapes","floor":50,"turns":2},{"damage":19,"enemies":"Malkuth","floor":51,"turns":3}],"seed_played":"-5388464213338207088","potions_obtained":[{"floor":30,"key":"Languid Potion"},{"floor":37,"key":"EssenceOfSteel"},{"floor":44,"key":"BlessingOfTheForge"}],"is_trial":false,"path_per_floor":["M","?","M","?","M","R","E","$","T","$","M","R","E","T","R","B",null,"M","$","?","M","?","R","AVR","R","T","R","T","M","M","E","R","B",null,"M","?","M","$","M","R","R","E","T","M","E","R","E","NM","R","B",null],"character_chosen":"Angela","items_purchased":["FrostShard","Strange Spoon","Frozen Eye"],"campfire_rested":0,"item_purchase_floors":[8,19,38],"current_hp_per_floor":[57,39,27,27,14,14,26,26,26,26,26,26,26,26,26,21,68,68,68,68,59,59,59,59,59,59,59,59,59,59,32,32,52,79,80,84,95,95,94,94,94,83,83,96,96,96,96,96,96,96],"gold":867,"neow_bonus":"RANDOM_COMMON_RELIC","is_daily":false,"chose_seed":false,"campfire_upgraded":0,"win_rate":0.0,"timestamp":1609772601,"path_taken":["M","?","M","?","M","R","E","$","T","$","M","R","E","?","R","BOSS","M","$","?","?","?","R","AVR","R","T","R","?","M","M","E","R","BOSS","M","?","M","$","M","R","R","E","T","M","E","R","E","NM","R","BOSS"],"items_purchased_type":["Card","Relic","Relic"],"build_version":"2020-12-22","purchased_purges":1,"victory":true,"max_hp_per_floor":[70,70,70,70,70,70,84,84,84,84,84,84,84,84,84,84,84,84,84,84,84,84,84,84,84,84,84,84,84,88,88,88,88,88,92,96,96,96,96,96,96,96,96,96,96,96,96,96,96,96],"relic_stats":{"Strange Spoon":[24],"Shovel":2,"counters":[26,91],"Bird Faced Urn":[10],"Pantograph":25,"Tiny Chest":1,"Pen Nib":[1],"War Paint":["FrostShard","DaCapo"],"Cursed Key":1,"obtain_stats":[{"RabbitCall":0,"Mango":7,"FleshIdol":18,"Cursed Key":34,"BranchBurnRelic":15,"Frozen Eye":38,"CogitoBucket":0,"Shovel":43,"Pantograph":17,"Tiny Chest":17,"Iron Hammer":24,"WingedGreaves":31,"Replay:Wax Seal":0,"Dead Branch":14,"Circlet":0,"Oddly Smooth Stone":26,"Thread and Needle":17,"infinitespire:Beetle Shell":42,"Pen Nib":49,"War Paint":45,"Akabeko":47,"Calling Bell":17,"infinitespire:EvilPickle":50,"Strange Spoon":19,"Replay:Baseball":46,"Bird Faced Urn":9,"LetterFromLob":1,"ReplayTheSpireMod:TigerMarble":48,"Unceasing Top":13,"infinitespire:PuzzleCube":28},{"RabbitCall":0,"Mango":4,"FleshIdol":9,"Cursed Key":14,"BranchBurnRelic":6,"Frozen Eye":17,"CogitoBucket":0,"Shovel":19,"Pantograph":7,"Tiny Chest":7,"Iron Hammer":10,"WingedGreaves":13,"Replay:Wax Seal":0,"Dead Branch":6,"Circlet":0,"Oddly Smooth Stone":10,"Thread and Needle":7,"infinitespire:Beetle Shell":19,"Pen Nib":23,"War Paint":21,"Akabeko":22,"Calling Bell":7,"infinitespire:EvilPickle":24,"Strange Spoon":9,"Replay:Baseball":21,"Bird Faced Urn":4,"LetterFromLob":1,"ReplayTheSpireMod:TigerMarble":23,"Unceasing Top":6,"infinitespire:PuzzleCube":10},{"RabbitCall":0,"Mango":13,"FleshIdol":32,"Cursed Key":58,"BranchBurnRelic":21,"Frozen Eye":65,"CogitoBucket":0,"Shovel":75,"Pantograph":29,"Tiny Chest":29,"Iron Hammer":35,"WingedGreaves":50,"Replay:Wax Seal":0,"Dead Branch":21,"Circlet":0,"Oddly Smooth Stone":35,"Thread and Needle":29,"infinitespire:Beetle Shell":75,"Pen Nib":85,"War Paint":80,"Akabeko":82,"Calling Bell":29,"infinitespire:EvilPickle":87,"Strange Spoon":32,"Replay:Baseball":80,"Bird Faced Urn":13,"LetterFromLob":3,"ReplayTheSpireMod:TigerMarble":85,"Unceasing Top":21,"infinitespire:PuzzleCube":35}],"Unceasing Top":[10]},"card_choices":[{"not_picked":["RapturousDream"],"picked":"FourthMatchFlame","floor":1.0},{"not_picked":["TodaysExpression"],"picked":"FourthMatchFlame","floor":1.0},{"not_picked":["BeautyBeast","OSAHOGD"],"picked":"SpiderBud","floor":1.0},{"not_picked":["infinitespire:FutureSight","infinitespire:FinalStrike"],"picked":"ReplayTheSpireMod:Black Plague","floor":2.0},{"not_picked":["BloodyDesire"],"picked":"FourthMatchFlame","floor":3.0},{"not_picked":["Horn","SomewhereSpear"],"picked":"SKIP","floor":5.0},{"not_picked":["RedEyes","RapturousDream"],"picked":"SKIP","floor":5.0},{"not_picked":["Regret_ego"],"picked":"Adoration","floor":7.0},{"not_picked":["Beak"],"picked":"DaCapo","floor":7.0},{"not_picked":["WristCuter","BlueScar"],"picked":"SKIP","floor":13.0},{"not_picked":["Pleasure+1","Noise","Horn"],"picked":"SKIP","floor":18.0},{"not_picked":["DaCapo","Tough+1"],"picked":"FourthMatchFlame","floor":21},{"not_picked":["Scarecrow","LongBird","LittleHelper"],"picked":"Singing Bowl","floor":21},{"not_picked":["CherryBlossom+1","CUTE","Hypocrisy+1"],"picked":"SKIP","floor":21},{"not_picked":["Porccubus","Murderer","GalaxyChild"],"picked":"Singing Bowl","floor":29},{"not_picked":["CUTE+1","Beak+1","Noise+1"],"picked":"SKIP","floor":29},{"not_picked":["Beak+1","TodaysExpression+1","ScreamingWedge+1"],"picked":"SKIP","floor":29},{"not_picked":["MeatLantern","WhitesApple"],"picked":"BodiesMountain","floor":30},{"not_picked":["BlueScar+1","SomewhereSpear+1","MagicBullet+1"],"picked":"SKIP","floor":30},{"not_picked":["FairyFestival","HeroicMonk","BlueStar"],"picked":"Singing Bowl","floor":31},{"not_picked":["CUTE+1","RedEyes+1","Wingbeat+1"],"picked":"SKIP","floor":31},{"not_picked":["TodaysExpression+1","Diffraction+1","Gaze+1"],"picked":"SKIP","floor":31},{"not_picked":["GoldRush+1","ParadiseLost+1"],"picked":"Justitia+1","floor":33},{"not_picked":["DaCapo+1","Mimicry+1"],"picked":"GoldRush+1","floor":33},{"not_picked":["VoidDream","DespairKnight","Mercenary"],"picked":"Singing Bowl","floor":33},{"not_picked":["UniverseFragment","ShyLook"],"picked":"Variant","floor":35},{"not_picked":["Loneliness+1","Discord+1","BlueScar+1"],"picked":"SKIP","floor":35},{"not_picked":["Beak+1","Moonlight+1","Wingbeat+1"],"picked":"SKIP","floor":35},{"not_picked":["Loneliness+1","Amita+1"],"picked":"Regret_ego+1","floor":37},{"not_picked":["BlackArmy","HappyTeddy","BigBird"],"picked":"Singing Bowl","floor":37},{"not_picked":["Justitia+1","TodaysExpression+1"],"picked":"RapturousDream+1","floor":39},{"not_picked":["HappyTeddy","Funeral","UniverseFragment"],"picked":"Singing Bowl","floor":39},{"not_picked":["Loneliness+1","WristCuter+1","CherryBlossom+1"],"picked":"SKIP","floor":39},{"not_picked":["MeatLantern","GreedKing","Scarecrow"],"picked":"Singing Bowl","floor":42},{"not_picked":["ScreamingWedge+1","Beak+1"],"picked":"GreenStem+1","floor":42},{"not_picked":["Spore+1","RapturousDream+1"],"picked":"SolemnVow+1","floor":42},{"not_picked":["Harvest+1","Heaven+1","Mimicry+1"],"picked":"SKIP","floor":42},{"not_picked":["Loneliness+1","CherryBlossom+1","Mimicry+1"],"picked":"SKIP","floor":42},{"not_picked":["Noise+1","RedEyes+1"],"picked":"Adoration+1","floor":44},{"not_picked":["WhitesApple","MHz","LittleHelper"],"picked":"Singing Bowl","floor":44},{"not_picked":["SilentOrchestra","GreedKing","SnowQueen"],"picked":"Singing Bowl","floor":45},{"not_picked":["TodaysExpression+1","Reverberation+1","Horn+1"],"picked":"SKIP","floor":45},{"not_picked":["NakedNest","HappyTeddy","SnowQueen"],"picked":"Singing Bowl","floor":47},{"not_picked":["ScreamingWedge+1","Galaxy+1","Loneliness+1"],"picked":"SKIP","floor":47},{"not_picked":["Beak+1","Lantern+1","LifeForTheDareDevil+1"],"picked":"SKIP","floor":47},{"not_picked":["LittlePrince","BigBird","OSAHOGD"],"picked":"Singing Bowl","floor":48},{"not_picked":["BlueScar+1","Justitia+1","CUTE+1"],"picked":"SKIP","floor":48}],"player_experience":706107,"relics_obtained":[{"floor":1.0,"key":"LetterFromLob"},{"floor":7.0,"key":"Mango"},{"floor":9.0,"key":"Bird Faced Urn"},{"floor":13.0,"key":"Unceasing Top"},{"floor":14.0,"key":"Dead Branch"},{"floor":17.0,"key":"Tiny Chest"},{"floor":17.0,"key":"Pantograph"},{"floor":17.0,"key":"Thread and Needle"},{"floor":26,"key":"Oddly Smooth Stone"},{"floor":28,"key":"infinitespire:PuzzleCube"},{"floor":31,"key":"WingedGreaves"},{"floor":42,"key":"infinitespire:Beetle Shell"},{"floor":43,"key":"Shovel"},{"floor":45,"key":"War Paint"},{"floor":46,"key":"Replay:Baseball"},{"floor":47,"key":"Akabeko"},{"floor":48,"key":"ReplayTheSpireMod:TigerMarble"},{"floor":49,"key":"Pen Nib"}],"event_choices":[{"damage_healed":0.0,"max_hp_gain":0.0,"max_hp_loss":0.0,"gold_gain":0.0,"event_name":"Living Wall","player_choice":"Grow","floor":4.0,"gold_loss":0.0,"damage_taken":0.0,"cards_upgraded":["ReplayTheSpireMod:Black Plague"]},{"damage_healed":0,"gold_gain":0,"player_choice":"Ignored","damage_taken":0,"max_hp_gain":0,"max_hp_loss":0,"event_name":"Vampires","floor":22,"gold_loss":0},{"damage_healed":0,"gold_gain":0,"player_choice":"Copied","damage_taken":0,"max_hp_gain":0,"max_hp_loss":0,"event_name":"Duplicator","floor":36,"gold_loss":0,"cards_obtained":["BodiesMountain"]}],"is_beta":false,"boss_relics":[{"not_picked":["Abe\u0027s Treasure","ReplayTheSpireMod:DimensionalGlitch"],"picked":"Calling Bell"},{"not_picked":["Busted Crown","Black Star"],"picked":"Cursed Key"}],"items_purged_floors":[38],"is_endless":false,"potions_floor_spawned":[30,37,44],"ascension_level":6}}