{"host":"313mh4uoe5sucao3","time":1609765562,"event":{"mods":["BaseMod","Dota2Spire","Minty Spire (QoL Compilation)","Quick Restart","Shop Mod","StSLib","The Bladedancer","UnlockEverythingMod","[IsaacMod]ÒÔÈö¼âËþ"],"gold_per_floor":[114,114,64,84,101,101,114,114,114,114,13,44,44,57,57,159,159,177,177,88,88,88,117,117,135,216,232,259,272,272,291,291,392,392,406,128,128,128,147,173,173,207,207,62,62,121,143,176,176,176,176,176,27,69,3,3],"floor_reached":55,"playtime":7042,"items_purged":["blademaster:Defend"],"score":926,"play_id":"edd56ee8-6bc5-4db9-91a9-8a55a8652caa","local_time":"20210104210602","is_ascension_mode":false,"campfire_choices":[{"floor":6.0,"key":"RECALL"},{"floor":8.0,"key":"REST"},{"data":"blademaster:FuriousStrike","floor":10.0,"key":"SMITH"},{"data":"blademaster:DragonStrike","floor":13.0,"key":"SMITH"},{"data":"blademaster:RagingBlow","floor":15.0,"key":"SMITH"},{"floor":24.0,"key":"REST"},{"data":"blademaster:FlockOfBlades","floor":30.0,"key":"SMITH"},{"floor":32.0,"key":"REST"},{"floor":41.0,"key":"REST"},{"data":"blademaster:BladeDance","floor":49.0,"key":"SMITH"},{"data":"Discovery","floor":52.0,"key":"SMITH"}],"circlet_count":0,"master_deck":["blademaster:RagingBlow+1","blademaster:HighVoltage","blademaster:Stability","blademaster:DragonStrike+1","blademaster:Breeze","blademaster:BladeDance+1","blademaster:ThunderSlash","blademaster:RagingBlow","blademaster:Bloodbath","blademaster:AirSlash","blademaster:FuryOfTheElements","blademaster:CombatPrep+1","blademaster:Havoc","blademaster:FuryOfTheElements","blademaster:WindSlash","blademaster:Safeguard","Finesse","RitualDagger","blademaster:FlockOfBlades+1","blademaster:Havoc","blademaster:CombatPrep+1","blademaster:Cut","blademaster:FuriousStrike+1","blademaster:Quickstep+1","blademaster:EnchantedCuirass","blademaster:AwakeningDefend+1","blademaster:Flurry","BettingIsNotGood","Discovery+1","Enlightenment+1","blademaster:AwakeningDefend+1","blademaster:AspectOfLightning","blademaster:Cut+1","blademaster:Stability","blademaster:Havoc","blademaster:Safeguard+1"],"relics":["blademaster:DancersAmulet","HushsDoor","TuHaoJin","Meat on the Bone","Dota2Spire:MonkeyKingBar","Pantograph","Calipers","Dota2Spire:BattleFury","Dota2Spire:OctarineCore","Dota2Spire:Bloodstone","MerchantsRug","Mercury Hourglass","Dota2Spire:PhaseBoots","CeramicFish","Strawberry","War Paint","Dota2Spire:BladeMail","Pen Nib","Gremlin Horn"],"acts_visited":["Exordium","TheCity","TheBeyond","TheEnding"],"potions_floor_usage":[55],"damage_taken":[{"damage":0.0,"enemies":"Small Slimes","floor":1.0,"turns":5.0},{"damage":6.0,"enemies":"Jaw Worm","floor":4.0,"turns":5.0},{"damage":0.0,"enemies":"2 Louse","floor":5.0,"turns":3.0},{"damage":34.0,"enemies":"Lagavulin","floor":7.0,"turns":17.0},{"damage":2.0,"enemies":"Gremlin Nob","floor":12.0,"turns":3.0},{"damage":0.0,"enemies":"Exordium Wildlife","floor":14.0,"turns":2.0},{"damage":43.0,"enemies":"The Guardian","floor":16.0,"turns":9.0},{"damage":10.0,"enemies":"Chosen","floor":18.0,"turns":3.0},{"damage":28.0,"enemies":"Book of Stabbing","floor":23.0,"turns":4.0},{"damage":14.0,"enemies":"2 Thieves","floor":25.0,"turns":2.0},{"damage":21.0,"enemies":"Chosen and Byrds","floor":27.0,"turns":5.0},{"damage":0.0,"enemies":"Gremlin Leader","floor":28.0,"turns":2.0},{"damage":7.0,"enemies":"Sentry and Sphere","floor":29.0,"turns":3.0},{"damage":12.0,"enemies":"Snake Plant","floor":31.0,"turns":2.0},{"damage":43.0,"enemies":"Champ","floor":33.0,"turns":5.0},{"damage":15.0,"enemies":"3 Shapes","floor":35.0,"turns":2.0},{"damage":9.0,"enemies":"Orb Walker","floor":39.0,"turns":2.0},{"damage":33.0,"enemies":"Nemesis","floor":40.0,"turns":5.0},{"damage":17.0,"enemies":"Maw","floor":42.0,"turns":3.0},{"damage":0.0,"enemies":"Giant Head","floor":46.0,"turns":5.0},{"damage":0.0,"enemies":"Spire Growth","floor":47.0,"turns":3.0},{"damage":0.0,"enemies":"Reptomancer","floor":48.0,"turns":3.0},{"damage":33.0,"enemies":"Awakened One","floor":50.0,"turns":6.0},{"damage":22,"enemies":"Shield and Spear","floor":54,"turns":3},{"damage":151,"enemies":"Delirium","floor":55,"turns":6}],"seed_played":"-2434057268983332882","potions_obtained":[{"floor":1.0,"key":"Dota2Spire:Clarity"},{"floor":5.0,"key":"LiquidMemories"},{"floor":7.0,"key":"Fruit Juice"},{"floor":12.0,"key":"PowerPotion"},{"floor":23.0,"key":"DuplicationPotion"},{"floor":35.0,"key":"FairyPotion"},{"floor":54,"key":"Weak Potion"}],"is_trial":false,"path_per_floor":["M","?","?","M","M","R","E","R","T","R","$","E","R","M","R","B",null,"M","?","$","?","$","E","R","M","T","M","E","M","R","M","R","B",null,"M","$","?","?","M","E","R","M","T","$","$","E","M","E","R","B",null,"R","$","E","B"],"character_chosen":"THE_BLADEMASTER","items_purchased":["blademaster:Cut","Finesse","blademaster:Flurry","MerchantsRug","Mercury Hourglass","Strawberry","Pen Nib"],"campfire_rested":4,"item_purchase_floors":[11,20,36,36,36,44,53],"current_hp_per_floor":[82,82,82,76,76,76,42,66,66,66,66,69,69,69,69,44,87,77,77,77,71,71,55,81,67,67,46,46,51,51,51,77,44,87,72,72,72,62,53,34,58,53,53,60,60,60,70,75,75,57,90,90,90,68,0,0],"gold":3,"neow_bonus":"TEN_PERCENT_HP_BONUS","is_daily":false,"chose_seed":false,"campfire_upgraded":6,"win_rate":0.0,"timestamp":1609765562,"path_taken":["M","?","?","M","M","R","E","R","T","R","$","E","R","M","R","BOSS","M","?","$","?","?","E","R","?","T","M","E","M","R","M","R","BOSS","M","$","?","?","M","E","R","M","T","?","$","E","M","E","R","BOSS","R","$","E","BOSS"],"items_purchased_type":["Card","Card","Card","Relic","Relic","Relic","Relic"],"build_version":"2020-12-22","purchased_purges":1,"victory":false,"max_hp_per_floor":[82,82,82,82,82,82,82,82,82,82,82,87,87,87,87,87,87,87,87,87,87,87,87,87,87,87,87,87,87,87,87,87,87,87,87,87,83,83,83,83,83,83,83,90,90,90,90,90,90,90,90,90,90,90,90,90],"card_choices":[{"not_picked":[],"picked":"ChaosCard","floor":0.0},{"not_picked":["blademaster:Flash","blademaster:ThunderSlash"],"picked":"blademaster:Stability","floor":1.0},{"not_picked":["blademaster:OneTrickPony","blademaster:Meditate"],"picked":"blademaster:FuriousStrike","floor":4.0},{"not_picked":["blademaster:Breeze","blademaster:EyeOfTheTornado","blademaster:Bloodbath"],"picked":"SKIP","floor":5.0},{"not_picked":["blademaster:Sunder","blademaster:DeadlyDance","blademaster:Breeze"],"picked":"SKIP","floor":7.0},{"not_picked":["blademaster:AirSlash","blademaster:ThunderSlash"],"picked":"blademaster:DragonStrike","floor":12.0},{"not_picked":["blademaster:Momentum","blademaster:DancingEdge"],"picked":"blademaster:Breeze","floor":14.0},{"not_picked":["blademaster:Flash","blademaster:FuryOfTheElements"],"picked":"blademaster:BladeDance","floor":16.0},{"not_picked":["blademaster:ChargingUp","blademaster:Frontflip"],"picked":"blademaster:Safeguard","floor":18.0},{"not_picked":["blademaster:BrainBloom+1","blademaster:Breeze"],"picked":"blademaster:FlockOfBlades","floor":23.0},{"not_picked":["blademaster:ParryingStrike","blademaster:DragonStrike+1"],"picked":"blademaster:Havoc","floor":25.0},{"not_picked":["blademaster:BloodyBlow","blademaster:Quickness"],"picked":"blademaster:CombatPrep+1","floor":27.0},{"not_picked":["blademaster:DancingEdge","blademaster:KiBarrier+1"],"picked":"blademaster:Cut","floor":28.0},{"not_picked":["blademaster:Overcharge","blademaster:ChargingUp"],"picked":"blademaster:FuriousStrike+1","floor":29.0},{"not_picked":["blademaster:AwakeningStrike+1","blademaster:SlyStabs+1"],"picked":"blademaster:Quickstep+1","floor":31.0},{"not_picked":["blademaster:RollingTyphoon","blademaster:FlockOfBlades"],"picked":"blademaster:EnchantedCuirass","floor":33.0},{"not_picked":["blademaster:BloodyBlow+1","blademaster:ParryingStrike"],"picked":"blademaster:AwakeningDefend+1","floor":35.0},{"not_picked":["Dark Shackles","Flash of Steel"],"picked":"BettingIsNotGood","floor":38.0},{"not_picked":["Finesse","Purity"],"picked":"Discovery","floor":38.0},{"not_picked":["Transmutation","Finesse"],"picked":"Enlightenment","floor":38.0},{"not_picked":["blademaster:DaggerAndCloak+1","blademaster:Frontflip+1"],"picked":"blademaster:AwakeningDefend+1","floor":39.0},{"not_picked":["blademaster:Flash","blademaster:DancingEdge+1"],"picked":"blademaster:AspectOfLightning","floor":40.0},{"not_picked":["blademaster:Gust","blademaster:LightningCrash+1"],"picked":"blademaster:Cut+1","floor":42.0},{"not_picked":["blademaster:Gust+1","blademaster:Frontflip"],"picked":"blademaster:Stability","floor":46.0},{"not_picked":["blademaster:FuriousStrike","blademaster:ThunderingOpener+1"],"picked":"blademaster:Havoc","floor":47.0},{"not_picked":["blademaster:Quickstep+1","blademaster:RollingTyphoon","blademaster:BladeCross"],"picked":"SKIP","floor":48.0},{"not_picked":["blademaster:AwakeningStrike","blademaster:Overcharge"],"picked":"blademaster:Safeguard+1","floor":54}],"player_experience":30,"relics_obtained":[{"floor":7.0,"key":"Dota2Spire:MonkeyKingBar"},{"floor":7.0,"key":"blademaster:ComboEveryTurnPerk"},{"floor":12.0,"key":"Pantograph"},{"floor":12.0,"key":"blademaster:BonusFuryPerk"},{"floor":23.0,"key":"Calipers"},{"floor":23.0,"key":"blademaster:DextrousPerk"},{"floor":26.0,"key":"Dota2Spire:BattleFury"},{"floor":28.0,"key":"blademaster:FuryEveryTurnPerk"},{"floor":28.0,"key":"Dota2Spire:OctarineCore"},{"floor":40.0,"key":"Dota2Spire:PhaseBoots"},{"floor":40.0,"key":"blademaster:LightningChargePerk"},{"floor":43.0,"key":"CeramicFish"},{"floor":46.0,"key":"War Paint"},{"floor":46.0,"key":"blademaster:BonusComboPerk"},{"floor":48.0,"key":"Dota2Spire:BladeMail"},{"floor":48.0,"key":"blademaster:BleedingMoreDamagePerk"},{"floor":54,"key":"Gremlin Horn"},{"floor":54,"key":"blademaster:RandomBladePerk"}],"event_choices":[{"damage_healed":0.0,"max_hp_gain":0.0,"max_hp_loss":0.0,"gold_gain":0.0,"event_name":"Big Fish","player_choice":"Box","floor":2.0,"gold_loss":0.0,"damage_taken":0.0,"relics_obtained":["Meat on the Bone"],"cards_obtained":["Regret"]},{"cards_removed":["Regret"],"damage_healed":0.0,"max_hp_gain":0.0,"max_hp_loss":0.0,"gold_gain":0.0,"event_name":"The Cleric","player_choice":"Card Removal","floor":3.0,"gold_loss":50.0,"damage_taken":0.0},{"damage_healed":0.0,"max_hp_gain":0.0,"max_hp_loss":0.0,"gold_gain":0.0,"event_name":"Vampires","player_choice":"Ignored","floor":19.0,"gold_loss":0.0,"damage_taken":0.0},{"damage_healed":0.0,"max_hp_gain":0.0,"max_hp_loss":0.0,"gold_gain":0.0,"event_name":"Nest","player_choice":"Joined the Cult","floor":21.0,"gold_loss":0.0,"damage_taken":6.0,"cards_obtained":["RitualDagger"]},{"damage_healed":0.0,"max_hp_gain":0.0,"max_hp_loss":4.0,"gold_gain":0.0,"event_name":"Winding Halls","player_choice":"Max HP","floor":37.0,"gold_loss":0.0,"damage_taken":0.0},{"damage_healed":0.0,"max_hp_gain":0.0,"max_hp_loss":0.0,"gold_gain":0.0,"event_name":"SensoryStone","player_choice":"Memory 3","floor":38.0,"gold_loss":0.0,"damage_taken":10.0}],"is_beta":false,"boss_relics":[{"not_picked":["Empty Cage","Snecko Eye"],"picked":"Pandora\u0027s Box"},{"not_picked":[]},{"not_picked":["Cursed Key","Coffee Dripper"],"picked":"Dota2Spire:Bloodstone"},{"not_picked":[]}],"items_purged_floors":[11],"is_endless":false,"potions_floor_spawned":[1,5,7,12,23,27,28,29,35,54],"killed_by":"Delirium","ascension_level":0}}