{"host":"sav7uxregyirlf69","time":1609770723,"event":{"mods":["AchievementEnabler","BaseMod","Colored Map","DeckTracker","Keyboard Shortcuts","Minty Spire (QoL Compilation)","READ ME - Guardian Mod","StSLib","SuperFastMode"],"gold_per_floor":[117,42,42,53,53,85,85,104,131,143,159,172,191,191,191,264,264,274,274,286,286,305,305,318,348,348,348,177,277,132,142,142,214,214,228,248,248,273,288,288,288],"floor_reached":40,"playtime":775,"items_purged":["Decay","Bane","Bane"],"score":830,"play_id":"5af55aaa-ad13-4287-966a-a10cfa55b486","local_time":"20210104233203","is_ascension_mode":true,"campfire_choices":[{"data":"Bouncing Flask","floor":7.0,"key":"SMITH"},{"data":"Corpse Explosion","floor":15.0,"key":"SMITH"},{"data":"Adrenaline","floor":23.0,"key":"SMITH"},{"data":"Catalyst","floor":27.0,"key":"SMITH"},{"floor":32.0,"key":"REST"}],"circlet_count":0,"master_deck":["AscendersBane","Defend_G","Defend_G","Defend_G","Defend_G","Defend_G","Survivor","Neutralize","Corpse Explosion+1","Escape Plan","Flying Knee","Bouncing Flask+1","Dagger Spray","Deflect","Crippling Poison","Reflex","Crippling Poison","Adrenaline+1","Setup+1","Prepared","Catalyst+1","Tactician","Catalyst","Leg Sweep","Concentrate","After Image"],"relics":["Ring of the Snake","Snake Skull","Boot","Runic Pyramid","Red Mask","The Courier","Shovel","Question Card","Cursed Key","WingedGreaves"],"acts_visited":["Exordium","TheCity","TheBeyond"],"potions_floor_usage":[40],"damage_taken":[{"damage":7.0,"enemies":"2 Louse","floor":1.0,"turns":3.0},{"damage":4.0,"enemies":"Cultist","floor":4.0,"turns":4.0},{"damage":14.0,"enemies":"3 Sentries","floor":6.0,"turns":4.0},{"damage":7.0,"enemies":"Jaw Worm","floor":8.0,"turns":2.0},{"damage":0.0,"enemies":"Exordium Wildlife","floor":10.0,"turns":2.0},{"damage":0.0,"enemies":"Lots of Slimes","floor":11.0,"turns":1.0},{"damage":3.0,"enemies":"Looter","floor":12.0,"turns":3.0},{"damage":0.0,"enemies":"2 Fungi Beasts","floor":13.0,"turns":2.0},{"damage":4.0,"enemies":"Hexaghost","floor":16.0,"turns":7.0},{"damage":0.0,"enemies":"3 Byrds","floor":18.0,"turns":2.0},{"damage":0.0,"enemies":"Spheric Guardian","floor":20.0,"turns":3.0},{"damage":0.0,"enemies":"3 Cultists","floor":22.0,"turns":2.0},{"damage":12.0,"enemies":"Chosen and Byrds","floor":24.0,"turns":4.0},{"damage":8.0,"enemies":"Masked Bandits","floor":25.0,"turns":3.0},{"damage":11.0,"enemies":"Colosseum Slavers","floor":29.0,"turns":2.0},{"damage":14.0,"enemies":"Colosseum Nobs","floor":29.0,"turns":3.0},{"damage":2.0,"enemies":"Snake Plant","floor":31.0,"turns":3.0},{"damage":12.0,"enemies":"Champ","floor":33.0,"turns":5.0},{"damage":10.0,"enemies":"3 Shapes","floor":35.0,"turns":4.0},{"damage":0.0,"enemies":"Orb Walker","floor":36.0,"turns":3.0},{"damage":0.0,"enemies":"Mind Bloom Boss Battle","floor":38.0,"turns":2.0},{"damage":13.0,"enemies":"Jaw Worm Horde","floor":39.0,"turns":4.0},{"damage":35,"enemies":"Reptomancer","floor":40,"turns":2}],"seed_played":"5806638831464635894","potions_obtained":[{"floor":4.0,"key":"Swift Potion"},{"floor":12.0,"key":"DuplicationPotion"},{"floor":13.0,"key":"SteroidPotion"},{"floor":16.0,"key":"AttackPotion"},{"floor":29.0,"key":"DuplicationPotion"},{"floor":33.0,"key":"Strength Potion"},{"floor":38.0,"key":"SpeedPotion"}],"is_trial":false,"path_per_floor":["M","$","?","M","$","E","R","M","T","M","M","M","M","?","R","B",null,"M","?","M","?","M","R","M","?","T","R","$","?","$","M","R","B",null,"M","M","?","?","M","E"],"character_chosen":"THE_SILENT","items_purchased":["Tactician","Catalyst","Dexterity Potion"],"campfire_rested":1,"item_purchase_floors":[28,28,30],"current_hp_per_floor":[52,52,52,48,48,34,34,27,27,27,27,24,24,24,24,20,55,55,55,55,55,55,55,43,35,35,35,35,10,10,8,27,15,53,43,43,43,43,30,0,0],"gold":288,"neow_bonus":"THREE_RARE_CARDS","is_daily":false,"chose_seed":false,"campfire_upgraded":4,"win_rate":0.0,"timestamp":1609770723,"path_taken":["M","$","?","?","$","E","R","M","T","M","M","M","M","?","R","BOSS","M","?","?","?","M","R","M","?","T","R","$","?","?","?","R","BOSS","M","M","?","?","M","E"],"items_purchased_type":["Card","Card","Potion"],"build_version":"2020-12-22","purchased_purges":3,"victory":false,"max_hp_per_floor":[66,66,66,66,66,66,66,66,66,66,66,66,66,66,66,66,66,66,66,66,66,66,66,66,66,66,66,66,66,66,66,66,66,66,66,66,66,66,66,66,66],"card_choices":[{"not_picked":["After Image","Glass Knife"],"picked":"Corpse Explosion","floor":0.0},{"not_picked":["Prepared","Footwork"],"picked":"Escape Plan","floor":1.0},{"not_picked":["Acrobatics","Distraction"],"picked":"Flying Knee","floor":4.0},{"not_picked":["Phantasmal Killer","Slice"],"picked":"Bouncing Flask","floor":6.0},{"not_picked":["Quick Slash","Prepared"],"picked":"Dagger Spray","floor":8.0},{"not_picked":["All Out Attack","Predator"],"picked":"Deflect","floor":10.0},{"not_picked":["Concentrate","Deadly Poison"],"picked":"Crippling Poison","floor":11.0},{"not_picked":["Flying Knee","Dagger Throw"],"picked":"Reflex","floor":12.0},{"not_picked":["Infinite Blades","Accuracy","Crippling Poison"],"picked":"SKIP","floor":13.0},{"not_picked":["Tools of the Trade","After Image"],"picked":"Adrenaline","floor":16.0},{"not_picked":["Underhanded Strike","Footwork"],"picked":"Setup+1","floor":18.0},{"not_picked":["Bane","Acrobatics+1","Sucker Punch"],"picked":"SKIP","floor":20.0},{"not_picked":["Blade Dance","Cloak And Dagger"],"picked":"Prepared","floor":22.0},{"not_picked":["Underhanded Strike+1","Bane","Prepared+1"],"picked":"SKIP","floor":24.0},{"not_picked":["Underhanded Strike","Finisher"],"picked":"Catalyst","floor":25.0},{"not_picked":["Poisoned Stab","Reflex"],"picked":"Leg Sweep","floor":29.0},{"not_picked":["Underhanded Strike","Distraction","Leg Sweep"],"picked":"Concentrate","floor":31.0},{"not_picked":["Corpse Explosion","Glass Knife","Bullet Time"],"picked":"After Image","floor":33.0},{"not_picked":["Quick Slash","Flying Knee+1","Blade Dance","Catalyst"],"picked":"SKIP","floor":35.0},{"not_picked":["Bane","Cloak And Dagger","Skewer","Sucker Punch+1"],"picked":"SKIP","floor":36.0},{"not_picked":["Terror","Outmaneuver","Well Laid Plans","Crippling Poison"],"picked":"SKIP","floor":39.0}],"player_experience":1137931,"relics_obtained":[{"floor":6.0,"key":"Snake Skull"},{"floor":9.0,"key":"Boot"},{"floor":25.0,"key":"Red Mask"},{"floor":26.0,"key":"The Courier"},{"floor":29.0,"key":"Shovel"},{"floor":29.0,"key":"Question Card"},{"floor":38.0,"key":"WingedGreaves"}],"event_choices":[{"cards_removed":["Strike_G"],"damage_healed":0.0,"max_hp_gain":0.0,"max_hp_loss":0.0,"gold_gain":0.0,"event_name":"Bonfire Elementals","player_choice":"Offered Basic","floor":3.0,"gold_loss":0.0,"damage_taken":0.0},{"damage_healed":0.0,"max_hp_gain":0.0,"max_hp_loss":0.0,"gold_gain":0.0,"cards_transformed":["Strike_G"],"event_name":"Living Wall","player_choice":"Change","floor":14.0,"gold_loss":0.0,"damage_taken":0.0,"cards_obtained":["Crippling Poison"]},{"cards_removed":["Strike_G"],"damage_healed":0.0,"max_hp_gain":0.0,"max_hp_loss":0.0,"gold_gain":0.0,"event_name":"Purifier","player_choice":"Purged","floor":19.0,"gold_loss":0.0,"damage_taken":0.0},{"damage_healed":0.0,"max_hp_gain":0.0,"max_hp_loss":0.0,"gold_gain":0.0,"cards_transformed":["Strike_G","Strike_G"],"event_name":"Drug Dealer","player_choice":"Became Test Subject","floor":21.0,"gold_loss":0.0,"damage_taken":0.0,"cards_obtained":["Bane","Bane"]},{"damage_healed":0.0,"max_hp_gain":0.0,"max_hp_loss":0.0,"gold_gain":0.0,"event_name":"Masked Bandits","player_choice":"Fought Bandits","floor":25.0,"gold_loss":0.0,"damage_taken":0.0},{"damage_healed":0.0,"max_hp_gain":0.0,"max_hp_loss":0.0,"gold_gain":0.0,"event_name":"Colosseum","player_choice":"Fight","floor":29.0,"gold_loss":0.0,"damage_taken":0.0},{"damage_healed":0.0,"max_hp_gain":0.0,"max_hp_loss":0.0,"gold_gain":0.0,"event_name":"Colosseum","player_choice":"Fought Nobs","floor":29.0,"gold_loss":0.0,"damage_taken":0.0},{"damage_healed":0.0,"max_hp_gain":0.0,"max_hp_loss":0.0,"gold_gain":0.0,"event_name":"Mysterious Sphere","player_choice":"Ignored","floor":37.0,"gold_loss":0.0,"damage_taken":0.0},{"damage_healed":0.0,"max_hp_gain":0.0,"max_hp_loss":0.0,"gold_gain":0.0,"event_name":"MindBloom","player_choice":"Fight","floor":38.0,"gold_loss":0.0,"damage_taken":0.0}],"is_beta":false,"boss_relics":[{"not_picked":["Ectoplasm","Ring of the Serpent"],"picked":"Runic Pyramid"},{"not_picked":["SlaversCollar","Astrolabe"],"picked":"Cursed Key"}],"items_purged_floors":[2,28,30],"is_endless":false,"potions_floor_spawned":[4,12,13,16,20,25,29,29,33,38],"killed_by":"Reptomancer","ascension_level":20}}