{"host":"11728qvdvolffudn","time":1609780322,"event":{"mods":["BaseMod","Block Reminder","Colored Powertips","Custom Start","Displayed Cursed Tome","Highlight Path","Minty Spire (QoL Compilation)","Permanent Neow","Quick Restart","Rare Cards Sparkle","Relic Stats"],"gold_per_floor":[109,184,184,202,217,217,230,244,268,268,268,268,268,281,281,384,434,453,471,285,285,285],"floor_reached":21,"playtime":1483,"items_purged":["Regret"],"score":171,"play_id":"f82fdf63-380b-4945-bb55-292a468b29ac","local_time":"20210104171202","is_ascension_mode":false,"campfire_choices":[{"data":"Zap","floor":6,"key":"SMITH"},{"floor":11,"key":"REST"},{"data":"Loop","floor":13,"key":"SMITH"},{"data":"Fusion","floor":15,"key":"SMITH"}],"circlet_count":0,"master_deck":["Strike_B+1","Strike_B","Strike_B","Defend_B","Defend_B","Defend_B+1","Defend_B","Zap+1","Dualcast","Aggregate","Capacitor+1","Coolheaded","Lockon","Loop+1","Fusion+1","Multi-Cast","Darkness","Capacitor","Barrage+1"],"relics":["Cracked Core","NlothsMask","Oddly Smooth Stone","Tiny House","Membership Card"],"acts_visited":["Exordium","TheCity"],"potions_floor_usage":[16,16],"damage_taken":[{"damage":2,"enemies":"2 Louse","floor":1,"turns":2},{"damage":2,"enemies":"Small Slimes","floor":4,"turns":4},{"damage":3,"enemies":"Cultist","floor":5,"turns":4},{"damage":5,"enemies":"2 Fungi Beasts","floor":7,"turns":4},{"damage":12,"enemies":"3 Louse","floor":8,"turns":3},{"damage":2,"enemies":"Blue Slaver","floor":14,"turns":4},{"damage":17,"enemies":"The Guardian","floor":16,"turns":10},{"damage":56,"enemies":"3 Byrds","floor":18,"turns":7},{"damage":18,"enemies":"Shell Parasite","floor":19,"turns":6},{"damage":8,"enemies":"Centurion and Healer","floor":21,"turns":3}],"seed_played":"4879254160698340278","potions_obtained":[{"floor":1,"key":"DistilledChaos"},{"floor":4,"key":"FocusPotion"},{"floor":5,"key":"FearPotion"},{"floor":17,"key":"Energy Potion"}],"is_trial":false,"path_per_floor":["M","?","?","M","M","R","M","M","T","?","R","?","R","M","R","B",null,"M","M","$","M"],"character_chosen":"DEFECT","items_purchased":["Membership Card"],"campfire_rested":1,"item_purchase_floors":[20],"current_hp_per_floor":[73,62,62,60,57,57,52,40,40,25,47,47,47,45,45,28,80,24,6,6,0,0],"gold":285,"neow_bonus":"TRANSFORM_CARD","is_daily":false,"chose_seed":false,"campfire_upgraded":3,"win_rate":0.0,"timestamp":1609780322,"path_taken":["M","?","?","M","?","R","M","M","T","?","R","?","R","M","R","BOSS","M","M","$","M"],"items_purchased_type":["Relic"],"build_version":"2020-12-22","purchased_purges":1,"victory":false,"max_hp_per_floor":[75,75,75,75,75,75,75,75,75,75,75,75,75,75,75,75,80,80,80,80,80,80],"relic_stats":{"counters":[10,47],"obtain_stats":[{"Tiny House":17,"Oddly Smooth Stone":12,"Membership Card":20,"Cracked Core":0,"NlothsMask":3},{"Tiny House":7,"Oddly Smooth Stone":5,"Membership Card":9,"Cracked Core":0,"NlothsMask":1},{"Tiny House":31,"Oddly Smooth Stone":17,"Membership Card":44,"Cracked Core":0,"NlothsMask":2}]},"card_choices":[{"not_picked":["Reprogram","Storm"],"picked":"Capacitor","floor":1},{"not_picked":["Sweeping Beam","Barrage"],"picked":"Coolheaded","floor":4},{"not_picked":["Hologram","Loop","Stack"],"picked":"SKIP","floor":5},{"not_picked":["Stack","Double Energy"],"picked":"Lockon","floor":7},{"not_picked":["Heatsinks","Hologram"],"picked":"Loop","floor":8},{"not_picked":["Reinforced Body","Streamline"],"picked":"Fusion","floor":14},{"not_picked":["Machine Learning","All For One"],"picked":"Multi-Cast","floor":16},{"not_picked":["Self Repair","Storm"],"picked":"Darkness","floor":17},{"not_picked":["Cold Snap","Redo"],"picked":"Capacitor","floor":18},{"not_picked":["Stack+1","Go for the Eyes"],"picked":"Barrage+1","floor":19}],"player_experience":68251,"relics_obtained":[],"event_choices":[{"damage_healed":0,"gold_gain":75,"player_choice":"Gather Gold","damage_taken":11,"max_hp_gain":0,"max_hp_loss":0,"event_name":"World of Goop","floor":2,"gold_loss":0},{"damage_healed":0,"gold_gain":0,"player_choice":"Trade","damage_taken":0,"relics_obtained":["NlothsMask"],"max_hp_gain":0,"max_hp_loss":0,"event_name":"FaceTrader","floor":3,"gold_loss":0},{"damage_healed":0,"gold_gain":0,"player_choice":"Entered Light","damage_taken":15,"max_hp_gain":0,"max_hp_loss":0,"event_name":"Shining Light","floor":10,"gold_loss":0,"cards_upgraded":["Strike_B","Defend_B"]},{"damage_healed":0,"gold_gain":0,"player_choice":"Box","damage_taken":0,"relics_obtained":["Oddly Smooth Stone"],"max_hp_gain":0,"max_hp_loss":0,"event_name":"Big Fish","floor":12,"gold_loss":0,"cards_obtained":["Regret"]}],"is_beta":false,"boss_relics":[{"not_picked":["Empty Cage","Philosopher\u0027s Stone"],"picked":"Tiny House"}],"items_purged_floors":[20],"is_endless":false,"potions_floor_spawned":[1,4,5,14,18],"killed_by":"Centurion and Healer","ascension_level":0}}