{"host":"v4tuy5ykrbdcm9o9","time":1609797668,"event":{"mods":["BaseMod","Duelist Mod","Minty Spire (QoL Compilation)","Replay The Spire","StSLib"],"gold_per_floor":[112,62,62,78,287,287,314,314,314,314,332,361,375,443,443,547,547,564,575,28,41,60,91,103,147,159,171,183,213,245,217,229,337,399,428,459,486,498,510,522,561,573,585,610,40,40,65,0,0,0,0],"floor_reached":50,"playtime":4677,"items_purged":["Writhe"],"score":760,"play_id":"5b0fdcea-990c-4efc-ac4e-39a4b9fb38c6","local_time":"20210104170108","is_ascension_mode":true,"campfire_choices":[{"data":"ReplayTheSpireMod:Limb From Limb","floor":6,"key":"SMITH"},{"floor":8,"key":"REST"},{"floor":15,"key":"REST"},{"floor":24,"key":"REST"},{"data":"Seeing Red","floor":32,"key":"SMITH"},{"floor":40,"key":"REST"},{"data":"Feed","floor":42,"key":"SMITH"},{"floor":46,"key":"REST"},{"floor":49,"key":"REST"}],"circlet_count":0,"master_deck":["Strike_R","Strike_R","Strike_R","Strike_R","Defend_R","Defend_R","Defend_R","Bash","Flex","ReplayTheSpireMod:Limb From Limb+1","Pommel Strike","Cleave","ReplayTheSpireMod:Limb From Limb+1","Run Through","Bloodletting","Flex","Brutality","Seeing Red+1","Heavy Blade","Thunderclap","Warcry+1","Sword Boomerang","Iron Wave+1","Pummel","Feed+1","Clash+1","Reaper+1","Heavy Blade","Armaments","Anger","Rage+1","Replay:Bootleg Shield Generator","Flex+1","Shrug It Off+1","ReplayReversal","Uppercut+1"],"relics":["Burning Blood","ReplayTheSpireMod:Ring of Exchange","Garlic","Torii","Replay:Towering Pillar of Hats","Replay:Bronze Core","Lantern","StrikeDummy","MawBank","Question Card","Red Skull","Tiny House","Replay:Kaleidoscope","Bottled Lightning","Juzu Bracelet","Onion Ring","MealTicket","Red Mask"],"acts_visited":["Exordium","TheCity","TheBeyond"],"potions_floor_usage":[12,13,16,21,22,29,30,33,41,44,47,47],"damage_taken":[{"damage":0,"enemies":"2 Louse","floor":1,"turns":3},{"damage":3,"enemies":"Small Slimes","floor":4,"turns":3},{"damage":40,"enemies":"3 Sentries","floor":7,"turns":7},{"damage":0,"enemies":"Cultist","floor":11,"turns":2},{"damage":19,"enemies":"Replay:BlueRogue","floor":12,"turns":5},{"damage":0,"enemies":"3 Louse","floor":13,"turns":2},{"damage":17,"enemies":"Fading Forest","floor":16,"turns":11},{"damage":13,"enemies":"Shell Parasite","floor":18,"turns":3},{"damage":19,"enemies":"Chosen","floor":19,"turns":5},{"damage":2,"enemies":"Shelled Parasite and Fungi","floor":21,"turns":3},{"damage":2,"enemies":"Chosen and Byrds","floor":22,"turns":3},{"damage":23,"enemies":"Book of Stabbing","floor":23,"turns":4},{"damage":4,"enemies":"theDuelist:KaibaA2","floor":25,"turns":2},{"damage":0,"enemies":"Cultist and Chosen","floor":29,"turns":4},{"damage":21,"enemies":"Sentry and Sphere","floor":30,"turns":4},{"damage":94,"enemies":"Collector","floor":33,"turns":8},{"damage":8,"enemies":"Orb Walker","floor":35,"turns":3},{"damage":39,"enemies":"3 Darklings","floor":36,"turns":6},{"damage":57,"enemies":"4 Shapes","floor":37,"turns":6},{"damage":17,"enemies":"R_Hoarder","floor":41,"turns":6},{"damage":50,"enemies":"Maw","floor":44,"turns":7},{"damage":54,"enemies":"Reptomancer","floor":47,"turns":4},{"damage":125,"enemies":"Donu and Deca","floor":50,"turns":7}],"seed_played":"6159476203484008002","potions_obtained":[{"floor":7,"key":"EssenceOfSteel"},{"floor":12,"key":"ColorlessPotion"},{"floor":13,"key":"AttackPotion"},{"floor":18,"key":"BloodPotion"},{"floor":23,"key":"Energy Potion"},{"floor":25,"key":"Fire Potion"},{"floor":34,"key":"Ancient Potion"},{"floor":41,"key":"ColorlessPotion"},{"floor":44,"key":"Adrenaline Potion"}],"is_trial":false,"path_per_floor":["M","?","?","M","?","R","E","R","T","?","M","E","M","?","R","B",null,"M","M","$","M","M","E","R","E","T","?","?","M","M","?","R","B",null,"M","M","M","?","?","R","E","R","T","M","$","R","E","?","R","B"],"character_chosen":"IRONCLAD","items_purchased":["Lantern","Thunderclap","FearPotion","PowerPotion","StrikeDummy","Juzu Bracelet","PowerPotion","ReplayReversal","Onion Ring"],"campfire_rested":6,"item_purchase_floors":[20,20,20,20,20,45,45,45,45],"current_hp_per_floor":[78,78,78,81,43,43,9,37,37,37,43,30,36,36,64,75,91,84,71,71,75,79,62,90,92,92,92,92,96,81,81,81,12,80,92,68,20,20,46,77,88,88,88,60,60,91,56,56,87,0,0],"gold":0,"neow_bonus":"TWENTY_PERCENT_HP_BONUS","is_daily":false,"chose_seed":false,"campfire_upgraded":3,"win_rate":0.0,"timestamp":1609797668,"path_taken":["M","?","?","M","?","R","E","R","T","?","M","E","?","?","R","BOSS","M","M","$","M","M","E","R","E","T","?","?","M","M","?","R","BOSS","M","M","?","?","?","R","E","R","T","M","$","R","E","?","R","BOSS"],"items_purchased_type":["Relic","Card","Potion","Potion","Relic","Relic","Potion","Card","Relic"],"build_version":"2020-12-22","purchased_purges":1,"victory":false,"max_hp_per_floor":[96,96,96,96,96,96,96,96,96,96,96,96,96,96,96,96,96,96,96,96,96,96,96,96,96,96,96,96,96,96,96,96,96,101,101,101,104,104,104,104,104,104,104,104,104,104,104,104,104,104,104],"card_choices":[{"not_picked":["Perfected Strike","Shrug It Off"],"picked":"Flex","floor":1},{"not_picked":["Pummel","Wild Strike"],"picked":"ReplayTheSpireMod:Limb From Limb","floor":4},{"not_picked":["Wild Strike","Armaments"],"picked":"Pommel Strike","floor":5},{"not_picked":["Feel No Pain","Bludgeon"],"picked":"Cleave","floor":7},{"not_picked":["Armaments","Flame Barrier"],"picked":"Run Through","floor":11},{"not_picked":["Replay:Undeath\u0027s Touch","Iron Wave"],"picked":"Bloodletting","floor":12},{"not_picked":["Run Through","ReplayTheSpireMod:LeadingStrike"],"picked":"Flex","floor":13},{"not_picked":["Juggernaut","Offering"],"picked":"Brutality","floor":16},{"not_picked":["Armaments","Run Through"],"picked":"Seeing Red","floor":18},{"not_picked":["Dark Embrace","Ghostly Armor"],"picked":"Heavy Blade","floor":19},{"not_picked":["Thunderclap","Flame Barrier"],"picked":"Warcry+1","floor":21},{"not_picked":["Replay:Undeath\u0027s Touch","Pommel Strike"],"picked":"Sword Boomerang","floor":22},{"not_picked":["Perfected Strike","ReplayTheSpireMod:LeadingStrike"],"picked":"Iron Wave+1","floor":23},{"not_picked":["True Grit","Massacre"],"picked":"Pummel","floor":25},{"not_picked":["Body Slam","Pummel+1","Run Through+1"],"picked":"Feed","floor":29},{"not_picked":["Searing Blow+1","Flex","Shrug It Off"],"picked":"Clash+1","floor":30},{"not_picked":["Demonic Infusion","Bludgeon","Feed"],"picked":"Reaper","floor":33},{"not_picked":["Cleave","Clash","Defy Death"],"picked":"Heavy Blade","floor":34},{"not_picked":["Body Slam","Replay:Undeath\u0027s Touch+1","Havoc+1"],"picked":"Armaments","floor":35},{"not_picked":["ReplayTheSpireMod:Strike From Hell+1","Heavy Blade","Warcry"],"picked":"Anger","floor":36},{"not_picked":["Pommel Strike","Disarm+1","Double Tap"],"picked":"Rage+1","floor":37},{"not_picked":["Replay:Sssssssssshield","Replay:BasicMightCard","Purity"],"picked":"Replay:Bootleg Shield Generator","floor":38},{"not_picked":["Evolve","Abandon","Warcry"],"picked":"Flex+1","floor":41},{"not_picked":["Havoc","Replay:Undeath\u0027s Touch","Second Wind+1"],"picked":"Shrug It Off+1","floor":44},{"not_picked":["Run Through+1","Defy Death","Berserk"],"picked":"Uppercut+1","floor":47}],"player_experience":551212,"relics_obtained":[{"floor":3,"key":"ReplayTheSpireMod:Ring of Exchange"},{"floor":7,"key":"Garlic"},{"floor":9,"key":"Torii"},{"floor":12,"key":"Replay:Towering Pillar of Hats"},{"floor":23,"key":"MawBank"},{"floor":25,"key":"Question Card"},{"floor":26,"key":"Red Skull"},{"floor":41,"key":"Replay:Kaleidoscope"},{"floor":43,"key":"Bottled Lightning"},{"floor":47,"key":"MealTicket"}],"event_choices":[{"cards_removed":["Defend_R"],"damage_healed":0,"gold_gain":0,"player_choice":"Card Removal","damage_taken":0,"max_hp_gain":0,"max_hp_loss":0,"event_name":"The Cleric","floor":2,"gold_loss":50},{"damage_healed":0,"gold_gain":0,"cards_transformed":["Strike_R"],"player_choice":"Transformed","damage_taken":0,"max_hp_gain":0,"max_hp_loss":0,"event_name":"Transmorgrifier","floor":10,"gold_loss":0,"cards_obtained":["ReplayTheSpireMod:Limb From Limb"]},{"damage_healed":0,"gold_gain":68,"player_choice":"Gained Gold","damage_taken":0,"max_hp_gain":0,"max_hp_loss":0,"event_name":"Golden Wing","floor":14,"gold_loss":0},{"damage_healed":0,"gold_gain":0,"player_choice":"Ignored","damage_taken":0,"max_hp_gain":0,"max_hp_loss":0,"event_name":"Vampires","floor":27,"gold_loss":0},{"damage_healed":0,"gold_gain":0,"player_choice":"Ignored","damage_taken":0,"max_hp_gain":0,"max_hp_loss":0,"event_name":"Ghosts","floor":28,"gold_loss":0},{"damage_healed":0,"gold_gain":0,"player_choice":"Upgrade","damage_taken":0,"max_hp_gain":0,"max_hp_loss":0,"event_name":"Designer","floor":31,"gold_loss":40,"cards_upgraded":["ReplayTheSpireMod:Limb From Limb"]},{"damage_healed":0,"gold_gain":0,"player_choice":"Memory 1","damage_taken":0,"max_hp_gain":0,"max_hp_loss":0,"event_name":"SensoryStone","floor":38,"gold_loss":0},{"damage_healed":26,"gold_gain":0,"player_choice":"Writhe","damage_taken":0,"max_hp_gain":0,"max_hp_loss":0,"event_name":"Winding Halls","floor":39,"gold_loss":0,"cards_obtained":["Writhe"]},{"damage_healed":0,"gold_gain":0,"player_choice":"Paid","damage_taken":0,"relics_obtained":["Red Mask"],"max_hp_gain":0,"max_hp_loss":0,"event_name":"Tomb of Lord Red Mask","floor":48,"gold_loss":65}],"is_beta":false,"boss_relics":[{"not_picked":["Ring of Chaos","Kintsugi"],"picked":"Replay:Bronze Core"},{"not_picked":["Electric Blood","Replay:Ancient Bell"],"picked":"Tiny House"}],"items_purged_floors":[45],"is_endless":false,"potions_floor_spawned":[7,12,13,18,23,25,41,44],"killed_by":"Donu and Deca","ascension_level":5}}