{"host":"ryuep8ewa00k39z9","time":1609779981,"event":{"mods":["AchievementEnabler","BaseMod","Best Route Mod","Colored Map","Colored Powertips","Displayed Cursed Tome","Highlight Path","Minty Spire (QoL Compilation)","Quick Restart","SuperFastMode"],"gold_per_floor":[10,10,85,85,103,103,28,28,73,73,90,124,124,140,140,244,244,256,0,18,32,0,13,13,13,13,13,13,13,25,55,55,154,154,171,171,189,189,239,239,249,262,262,262,262,162,162,177,177,177],"floor_reached":51,"playtime":1783,"items_purged":["Strike_B","Defend_B"],"score":911,"play_id":"022fa4f5-2d78-431f-9079-000ce7a8a2a2","local_time":"20210104110621","is_ascension_mode":true,"campfire_choices":[{"data":"Dualcast","floor":6.0,"key":"SMITH"},{"data":"Zap","floor":10.0,"key":"SMITH"},{"data":"Electrodynamics","floor":13.0,"key":"SMITH"},{"data":"Redo","floor":15.0,"key":"SMITH"},{"floor":24,"key":"REST"},{"floor":27,"key":"REST"},{"data":"Echo Form","floor":29,"key":"SMITH"},{"floor":32,"key":"REST"},{"floor":40,"key":"REST"},{"floor":44,"key":"REST"},{"data":"Defragment","floor":47,"key":"SMITH"},{"floor":49,"key":"REST"}],"circlet_count":0,"master_deck":["Defend_B","Defend_B","Defend_B","Dualcast+1","All For One+1","Ball Lightning+1","Ball Lightning","Ball Lightning","Electrodynamics+1","Redo+1","Echo Form+1","Leap","Melter","Conserve Battery","Go for the Eyes+1","All For One+1","Static Discharge+1","Thunder Strike","Capacitor+1","Defragment+1","Static Discharge+1","Defragment"],"relics":["Cracked Core","Whetstone","Blue Candle","Philosopher\u0027s Stone","Bag of Marbles","Happy Flower","Juzu Bracelet","Runic Pyramid","Thread and Needle","Singing Bowl"],"acts_visited":["Exordium","TheCity","TheBeyond"],"potions_floor_usage":[16,16,20,20,33,33,35,39,39,42,50],"damage_taken":[{"damage":1.0,"enemies":"Cultist","floor":1.0,"turns":4.0},{"damage":0.0,"enemies":"Small Slimes","floor":5.0,"turns":2.0},{"damage":0.0,"enemies":"Jaw Worm","floor":11.0,"turns":1.0},{"damage":0.0,"enemies":"Gremlin Nob","floor":12.0,"turns":2.0},{"damage":0.0,"enemies":"3 Louse","floor":14.0,"turns":1.0},{"damage":25,"enemies":"The Guardian","floor":16,"turns":6},{"damage":28,"enemies":"Shell Parasite","floor":18,"turns":4},{"damage":2,"enemies":"3 Byrds","floor":20,"turns":2},{"damage":17,"enemies":"Snake Plant","floor":21,"turns":3},{"damage":4,"enemies":"Shelled Parasite and Fungi","floor":23,"turns":3},{"damage":2,"enemies":"Cultist and Chosen","floor":30,"turns":4},{"damage":11,"enemies":"Gremlin Leader","floor":31,"turns":5},{"damage":49,"enemies":"Champ","floor":33,"turns":8},{"damage":22,"enemies":"3 Darklings","floor":35,"turns":3},{"damage":7,"enemies":"3 Shapes","floor":37,"turns":3},{"damage":9,"enemies":"Mind Bloom Boss Battle","floor":39,"turns":4},{"damage":15,"enemies":"Transient","floor":41,"turns":5},{"damage":8,"enemies":"4 Shapes","floor":42,"turns":3},{"damage":35,"enemies":"Sphere and 2 Shapes","floor":48,"turns":3},{"damage":64,"enemies":"Donu and Deca","floor":50,"turns":4}],"seed_played":"-4291823131646929893","potions_obtained":[{"floor":5.0,"key":"DuplicationPotion"},{"floor":12.0,"key":"DuplicationPotion"},{"floor":14.0,"key":"FocusPotion"},{"floor":20,"key":"Strength Potion"},{"floor":31,"key":"Ancient Potion"},{"floor":35,"key":"Fruit Juice"},{"floor":38,"key":"BlessingOfTheForge"},{"floor":38,"key":"FairyPotion"},{"floor":38,"key":"LiquidBronze"},{"floor":39,"key":"SkillPotion"},{"floor":48,"key":"GamblersBrew"}],"is_trial":false,"path_per_floor":["M","?","?","?","M","R","$","?","T","R","M","E","R","M","R","B",null,"M","$","M","M","?","M","R","?","T","R","$","R","M","E","R","B",null,"M","?","M","?","?","R","M","M","T","R","?","$","R","M","R","B",null],"character_chosen":"DEFECT","items_purchased":["Melter","Bag of Marbles","LiquidMemories"],"campfire_rested":6,"item_purchase_floors":[19,19,19],"current_hp_per_floor":[67,67,56,49,49,49,49,49,49,49,49,49,49,49,49,24,62,34,34,32,15,15,11,33,33,33,55,55,55,53,42,64,15,60,43,43,36,36,27,51,36,28,28,52,52,52,52,17,41,8],"gold":177,"neow_bonus":"THREE_RARE_CARDS","is_daily":false,"chose_seed":false,"campfire_upgraded":6,"win_rate":0.0,"timestamp":1609779981,"path_taken":["M","?","?","?","M","R","$","?","T","R","M","E","R","M","R","BOSS","M","$","M","?","?","M","R","?","T","R","$","R","?","E","R","BOSS","M","?","M","?","?","R","M","M","T","R","?","$","R","M","R","BOSS"],"items_purchased_type":["Card","Relic","Potion"],"build_version":"2020-12-22","purchased_purges":2,"victory":true,"max_hp_per_floor":[75,75,75,75,75,75,75,75,75,75,75,75,75,75,75,75,75,75,75,75,75,75,75,75,75,75,75,75,75,75,75,75,75,75,80,80,80,80,80,80,80,80,80,80,80,80,80,80,80,80],"card_choices":[{"not_picked":["Multi-Cast","Meteor Strike"],"picked":"All For One","floor":0.0},{"not_picked":["Compile Driver","Leap"],"picked":"Ball Lightning","floor":1.0},{"not_picked":["Coolheaded","Redo"],"picked":"Ball Lightning","floor":5.0},{"not_picked":["Static Discharge","Compile Driver"],"picked":"Ball Lightning","floor":11.0},{"not_picked":["Compile Driver","Cold Snap"],"picked":"Electrodynamics","floor":12.0},{"not_picked":["Coolheaded","Streamline"],"picked":"Redo","floor":14.0},{"not_picked":["Buffer","Hyperbeam"],"picked":"Echo Form","floor":16},{"not_picked":["Reprogram","Barrage"],"picked":"Leap","floor":18},{"not_picked":["Hologram","Rebound"],"picked":"Conserve Battery","floor":20},{"not_picked":["Redo","White Noise","Stack"],"picked":"SKIP","floor":21},{"not_picked":["Stack+1","Beam Cell"],"picked":"Go for the Eyes+1","floor":23},{"not_picked":["Barrage","Compile Driver","Static Discharge"],"picked":"SKIP","floor":30},{"not_picked":["Go for the Eyes+1","Chill+1"],"picked":"Static Discharge+1","floor":31},{"not_picked":["Echo Form","All For One"],"picked":"Thunder Strike","floor":33},{"not_picked":["Go for the Eyes","Sweeping Beam+1","Barrage"],"picked":"SKIP","floor":35},{"not_picked":["Streamline+1","Hologram","Ball Lightning+1"],"picked":"SKIP","floor":37},{"not_picked":["Coolheaded","White Noise"],"picked":"Capacitor+1","floor":39},{"not_picked":["Darkness","Conserve Battery+1"],"picked":"Defragment","floor":41},{"not_picked":["Skim","Redo"],"picked":"Static Discharge+1","floor":42},{"not_picked":["Gash","Go for the Eyes"],"picked":"Defragment","floor":48}],"player_experience":3891432,"relics_obtained":[{"floor":9.0,"key":"Whetstone"},{"floor":12.0,"key":"Blue Candle"},{"floor":26,"key":"Happy Flower"},{"floor":31,"key":"Juzu Bracelet"},{"floor":39,"key":"Thread and Needle"},{"floor":43,"key":"Singing Bowl"}],"event_choices":[{"cards_removed":["Strike_B"],"damage_healed":0.0,"max_hp_gain":0.0,"max_hp_loss":0.0,"gold_gain":0.0,"event_name":"Living Wall","player_choice":"Forget","floor":2.0,"gold_loss":0.0,"damage_taken":0.0},{"damage_healed":0.0,"max_hp_gain":0.0,"max_hp_loss":0.0,"gold_gain":75.0,"event_name":"World of Goop","player_choice":"Gather Gold","floor":3.0,"gold_loss":0.0,"damage_taken":11.0},{"cards_removed":["Strike_B"],"damage_healed":0.0,"max_hp_gain":0.0,"max_hp_loss":0.0,"gold_gain":0.0,"event_name":"Golden Wing","player_choice":"Card Removal","floor":4.0,"gold_loss":0.0,"damage_taken":7.0},{"cards_removed":["Strike_B"],"damage_healed":0.0,"max_hp_gain":0.0,"max_hp_loss":0.0,"gold_gain":0.0,"event_name":"Bonfire Elementals","player_choice":"Offered Basic","floor":8.0,"gold_loss":0.0,"damage_taken":0.0},{"damage_healed":0,"gold_gain":0,"player_choice":"Paid Fearfully","damage_taken":0,"max_hp_gain":0,"max_hp_loss":0,"event_name":"Masked Bandits","floor":22,"gold_loss":32},{"damage_healed":0,"gold_gain":0,"player_choice":"Copied","damage_taken":0,"max_hp_gain":0,"max_hp_loss":0,"event_name":"Duplicator","floor":25,"gold_loss":0,"cards_obtained":["All For One"]},{"damage_healed":0,"gold_gain":0,"player_choice":"Memory 1","damage_taken":0,"max_hp_gain":0,"max_hp_loss":0,"event_name":"SensoryStone","floor":36,"gold_loss":0},{"damage_healed":0,"gold_gain":0,"player_choice":"Got Potions","damage_taken":0,"max_hp_gain":0,"max_hp_loss":0,"event_name":"Lab","floor":38,"gold_loss":0},{"damage_healed":0,"gold_gain":0,"player_choice":"Fight","damage_taken":0,"max_hp_gain":0,"max_hp_loss":0,"event_name":"MindBloom","floor":39,"gold_loss":0},{"cards_removed":["Zap"],"damage_healed":0,"gold_gain":0,"player_choice":"Removed Skill","damage_taken":0,"max_hp_gain":0,"max_hp_loss":0,"event_name":"Falling","floor":45,"gold_loss":0}],"is_beta":false,"boss_relics":[{"not_picked":["Runic Dome","Coffee Dripper"],"picked":"Philosopher\u0027s Stone"},{"not_picked":["SlaversCollar","SacredBark"],"picked":"Runic Pyramid"}],"items_purged_floors":[7,46],"is_endless":false,"potions_floor_spawned":[5,12,14,20,31,35,39,48],"ascension_level":7}}