{"host":"a1eatafr7pisesky","time":1609775726,"event":{"mods":["BaseMod","Colored Map","DeckTracker","Highlight Path","Keyboard Shortcuts","Minty Spire (QoL Compilation)","Permanent Neow","Random Character Button","StSLib","SuperFastMode","everything is the same but u backflip on backflip"],"gold_per_floor":[17,27,44,64,82,82,116,116,116,138,150,175,187,229,241,349,361,387,498,274,294,294,326,339,339,417,417,81,114,114,146,146,242,292,304,304,128,173,173,199,212,212,235,270,289,289,339,359,359,359,359,359,0,28,28],"floor_reached":56,"playtime":2018,"items_purged":["Strike_G","Strike_G","Strike_G","Strike_G"],"score":1691,"play_id":"d828aefc-3a18-45a1-a4ce-20878a1c63dc","local_time":"20210105005526","is_ascension_mode":true,"campfire_choices":[{"data":"Adrenaline","floor":6.0,"key":"SMITH"},{"floor":8.0,"key":"REST"},{"data":"Blade Dance","floor":11.0,"key":"SMITH"},{"floor":15.0,"key":"REST"},{"floor":27.0,"key":"REST"},{"data":"Finisher","floor":30.0,"key":"SMITH"},{"data":"Blade Dance","floor":32.0,"key":"SMITH"},{"floor":42.0,"key":"REST"},{"data":"Footwork","floor":46.0,"key":"SMITH"},{"floor":49.0,"key":"RECALL"},{"data":"Survivor","floor":52.0,"key":"SMITH"}],"circlet_count":0,"master_deck":["Defend_G+1","Defend_G","Defend_G","Defend_G+1","Defend_G","Survivor+1","Neutralize+1","Adrenaline+1","Blade Dance+1","Blade Dance+1","PiercingWail","Dagger Spray","Backflip","Infinite Blades","Finisher+1","Infinite Blades","Backstab","Adrenaline+1","PiercingWail+1","Adrenaline+1","PiercingWail+1","Cloak And Dagger+1","Footwork+1","Cloak And Dagger+1","Terror+1","Accuracy+1"],"relics":["Ring of the Snake","Art of War","MawBank","Smiling Mask","WristBlade","DollysMirror","Shuriken","Toxic Egg 2","PreservedInsect","Darkstone Periapt","Question Card","Tiny House","The Specimen","Omamori","Mango","Bird Faced Urn","Cauldron","InkBottle"],"acts_visited":["Exordium","TheCity","TheBeyond","TheEnding"],"potions_floor_usage":[55,55,55,55,55],"damage_taken":[{"damage":1.0,"enemies":"Cultist","floor":1.0,"turns":4.0},{"damage":0.0,"enemies":"2 Louse","floor":2.0,"turns":2.0},{"damage":1.0,"enemies":"Jaw Worm","floor":3.0,"turns":2.0},{"damage":2.0,"enemies":"2 Fungi Beasts","floor":4.0,"turns":3.0},{"damage":3.0,"enemies":"Looter","floor":5.0,"turns":3.0},{"damage":46.0,"enemies":"Lagavulin","floor":7.0,"turns":8.0},{"damage":3.0,"enemies":"3 Louse","floor":10.0,"turns":2.0},{"damage":15.0,"enemies":"Exordium Thugs","floor":12.0,"turns":4.0},{"damage":0.0,"enemies":"3 Sentries","floor":14.0,"turns":4.0},{"damage":16.0,"enemies":"Slime Boss","floor":16.0,"turns":8.0},{"damage":0.0,"enemies":"Shell Parasite","floor":18.0,"turns":3.0},{"damage":6.0,"enemies":"2 Thieves","floor":21.0,"turns":2.0},{"damage":15.0,"enemies":"Slavers","floor":23.0,"turns":4.0},{"damage":9.0,"enemies":"Shelled Parasite and Fungi","floor":24.0,"turns":3.0},{"damage":0.0,"enemies":"Book of Stabbing","floor":29.0,"turns":2.0},{"damage":0.0,"enemies":"Gremlin Leader","floor":31.0,"turns":3.0},{"damage":17.0,"enemies":"Champ","floor":33.0,"turns":6.0},{"damage":0.0,"enemies":"Orb Walker","floor":35.0,"turns":2.0},{"damage":15.0,"enemies":"2 Orb Walkers","floor":38.0,"turns":4.0},{"damage":0.0,"enemies":"Nemesis","floor":40.0,"turns":1.0},{"damage":12.0,"enemies":"3 Darklings","floor":41.0,"turns":3.0},{"damage":0.0,"enemies":"Giant Head","floor":44.0,"turns":4.0},{"damage":0.0,"enemies":"Jaw Worm Horde","floor":45.0,"turns":4.0},{"damage":0.0,"enemies":"Mind Bloom Boss Battle","floor":47.0,"turns":4.0},{"damage":0.0,"enemies":"Transient","floor":48.0,"turns":5.0},{"damage":67.0,"enemies":"Time Eater","floor":50.0,"turns":11.0},{"damage":29.0,"enemies":"Shield and Spear","floor":54.0,"turns":4.0},{"damage":33,"enemies":"The Heart","floor":55,"turns":7}],"seed_played":"2780007838963340219","potions_obtained":[{"floor":2.0,"key":"CultistPotion"},{"floor":7.0,"key":"EntropicBrew"},{"floor":12.0,"key":"SneckoOil"},{"floor":23.0,"key":"Dexterity Potion"},{"floor":24.0,"key":"Ancient Potion"},{"floor":29.0,"key":"Poison Potion"},{"floor":34.0,"key":"Weak Potion"},{"floor":38.0,"key":"DuplicationPotion"},{"floor":53.0,"key":"GhostInAJar"}],"is_trial":false,"path_per_floor":["M","M","M","M","M","R","E","R","T","M","R","M","?","E","R","B",null,"M","?","$","M","?","E","M","?","T","R","$","E","R","E","R","B",null,"M","?","$","?","?","E","M","R","T","E","M","R","?","M","R","B",null,"R","$","E","B",null],"character_chosen":"THE_SILENT","items_purchased":["Backstab","DollysMirror","Adrenaline+1","PreservedInsect","Cloak And Dagger+1","Footwork","EntropicBrew","Energy Potion","Cauldron"],"campfire_rested":4,"item_purchase_floors":[20,20,28,28,37,37,53,53,53],"current_hp_per_floor":[69,69,68,66,63,63,17,38,38,35,35,20,6,6,27,11,55,55,55,55,49,49,34,25,25,25,46,46,46,46,46,46,29,65,65,65,65,50,50,50,38,60,60,74,74,74,74,80,80,23,73,73,73,48,21],"gold":28,"neow_bonus":"THREE_RARE_CARDS","is_daily":false,"chose_seed":false,"campfire_upgraded":6,"win_rate":0.0,"timestamp":1609775726,"path_taken":["M","M","M","M","M","R","E","R","T","?","R","M","?","E","R","BOSS","M","?","$","M","?","E","M","?","T","R","$","E","R","E","R","BOSS","M","?","$","?","?","E","M","R","T","E","?","R","?","M","R","BOSS","R","$","E","BOSS"],"items_purchased_type":["Card","Relic","Card","Relic","Card","Card","Potion","Potion","Relic"],"build_version":"2020-12-22","purchased_purges":4,"victory":true,"max_hp_per_floor":[70,70,70,70,70,70,70,70,70,70,70,70,70,70,70,70,70,70,70,70,70,70,70,70,70,70,70,70,70,70,70,70,70,75,75,75,75,75,75,75,75,75,75,89,89,89,89,89,89,89,89,89,89,89,89],"card_choices":[{"not_picked":["A Thousand Cuts","Wraith Form v2"],"picked":"Adrenaline","floor":0.0},{"not_picked":["Underhanded Strike","Flying Knee"],"picked":"Blade Dance","floor":1.0},{"not_picked":["Acrobatics","Dodge and Roll"],"picked":"Blade Dance","floor":2.0},{"not_picked":["Footwork","Reflex"],"picked":"PiercingWail","floor":3.0},{"not_picked":["Acrobatics","Underhanded Strike"],"picked":"Dagger Spray","floor":4.0},{"not_picked":["Setup","Slice","Outmaneuver"],"picked":"SKIP","floor":5.0},{"not_picked":["Catalyst","Dagger Throw","Expertise"],"picked":"SKIP","floor":7.0},{"not_picked":["Caltrops","Bane"],"picked":"Backflip","floor":10.0},{"not_picked":["Acrobatics","Concentrate"],"picked":"Infinite Blades","floor":12.0},{"not_picked":["Flechettes","Deflect"],"picked":"Finisher","floor":14.0},{"not_picked":["Crippling Poison","Bane+1"],"picked":"Infinite Blades","floor":18.0},{"not_picked":["Dodge and Roll","Backflip+1"],"picked":"PiercingWail+1","floor":21.0},{"not_picked":["Deadly Poison","Backflip","Bane"],"picked":"SKIP","floor":23.0},{"not_picked":["Endless Agony","Blur","Blade Dance"],"picked":"SKIP","floor":24.0},{"not_picked":["Outmaneuver+1","Eviscerate","Backstab"],"picked":"SKIP","floor":29.0},{"not_picked":["Predator+1","Tools of the Trade","Leg Sweep+1"],"picked":"SKIP","floor":31.0},{"not_picked":["Flying Knee","Sucker Punch","Deadly Poison+1"],"picked":"PiercingWail+1","floor":34.0},{"not_picked":["Endless Agony+1","Dodge and Roll+1","Underhanded Strike","Escape Plan+1"],"picked":"SKIP","floor":35.0},{"not_picked":["Eviscerate","Escape Plan+1","Dagger Throw","Deadly Poison+1"],"picked":"SKIP","floor":40.0},{"not_picked":["Die Die Die","Finisher+1","Dash+1"],"picked":"Cloak And Dagger+1","floor":41.0},{"not_picked":["Acrobatics+1","Footwork","Sucker Punch+1","Dodge and Roll+1"],"picked":"SKIP","floor":44.0},{"not_picked":["PiercingWail+1","Reflex+1","Sucker Punch+1"],"picked":"Terror+1","floor":45.0},{"not_picked":["Underhanded Strike+1","Backflip+1","Deflect+1"],"picked":"Accuracy+1","floor":47.0},{"not_picked":["Masterful Stab","Blade Dance+1","Dagger Spray","Bane"],"picked":"SKIP","floor":48.0},{"not_picked":["Crippling Poison+1","Sucker Punch+1","Blade Dance+1","Skewer+1"],"picked":"SKIP","floor":54.0}],"player_experience":285986,"relics_obtained":[{"floor":7.0,"key":"Art of War"},{"floor":9.0,"key":"MawBank"},{"floor":14.0,"key":"Smiling Mask"},{"floor":23.0,"key":"Shuriken"},{"floor":26.0,"key":"Toxic Egg 2"},{"floor":29.0,"key":"Darkstone Periapt"},{"floor":31.0,"key":"Question Card"},{"floor":38.0,"key":"The Specimen"},{"floor":40.0,"key":"Omamori"},{"floor":44.0,"key":"Mango"},{"floor":47.0,"key":"Bird Faced Urn"},{"floor":54.0,"key":"InkBottle"}],"event_choices":[{"damage_healed":0.0,"max_hp_gain":0.0,"max_hp_loss":0.0,"gold_gain":0.0,"event_name":"Shining Light","player_choice":"Entered Light","floor":13.0,"gold_loss":0.0,"damage_taken":14.0,"cards_upgraded":["Neutralize","Defend_G"]},{"damage_healed":0.0,"max_hp_gain":0.0,"max_hp_loss":0.0,"gold_gain":99.0,"event_name":"Nest","player_choice":"Stole From Cult","floor":19.0,"gold_loss":0.0,"damage_taken":0.0},{"damage_healed":0.0,"max_hp_gain":0.0,"max_hp_loss":0.0,"gold_gain":0.0,"event_name":"The Mausoleum","player_choice":"Ignored","floor":22.0,"gold_loss":0.0,"damage_taken":0.0},{"damage_healed":0.0,"max_hp_gain":0.0,"max_hp_loss":0.0,"gold_gain":0.0,"event_name":"Vampires","player_choice":"Ignored","floor":25.0,"gold_loss":0.0,"damage_taken":0.0},{"damage_healed":0.0,"max_hp_gain":0.0,"max_hp_loss":0.0,"gold_gain":0.0,"event_name":"SensoryStone","player_choice":"Memory 1","floor":36.0,"gold_loss":0.0,"damage_taken":0.0},{"damage_healed":0.0,"max_hp_gain":0.0,"max_hp_loss":0.0,"gold_gain":0.0,"event_name":"Mysterious Sphere","player_choice":"Fight","floor":38.0,"gold_loss":0.0,"damage_taken":0.0},{"cards_removed":["Strike_G"],"damage_healed":0.0,"max_hp_gain":0.0,"max_hp_loss":0.0,"gold_gain":0.0,"event_name":"Falling","player_choice":"Removed Attack","floor":39.0,"gold_loss":0.0,"damage_taken":0.0},{"damage_healed":0.0,"max_hp_gain":0.0,"max_hp_loss":0.0,"gold_gain":0.0,"event_name":"MindBloom","player_choice":"Fight","floor":47.0,"gold_loss":0.0,"damage_taken":0.0}],"is_beta":false,"boss_relics":[{"not_picked":["SlaversCollar","Philosopher\u0027s Stone"],"picked":"WristBlade"},{"not_picked":["Snecko Eye","Fusion Hammer"],"picked":"Tiny House"}],"items_purged_floors":[20,28,37,53],"is_endless":false,"potions_floor_spawned":[2,7,12,23,24,29,31,35,38,44,47],"ascension_level":5}}