{"host":"x1qj4d8ympd5jdqh","time":1609746718,"event":{"mods":["AchievementEnabler","AlwaysNeverKeys","BaseMod","Colored Map","Custom Start","DeckTracker","Highlight Path","Minty Spire (QoL Compilation)","StSLib","SuperFastMode"],"gold_per_floor":[112,58,68,143,166,166,193,207,207,207,234,70,82,92,92,170,170,189,189,36,56,68,98,98,98,98],"floor_reached":25,"playtime":470,"items_purged":["Strike_R","Decay"],"score":562,"play_id":"7cb19e40-6f30-42ad-b092-c830f894eb51","local_time":"20210104165158","is_ascension_mode":true,"campfire_choices":[{"data":"Carnage","floor":6,"key":"SMITH"},{"data":"Infernal Blade","floor":10,"key":"SMITH"},{"data":"Demon Form","floor":15,"key":"SMITH"},{"floor":24,"key":"REST"}],"circlet_count":0,"master_deck":["AscendersBane","Strike_R","Strike_R","Strike_R","Strike_R","Defend_R+1","Defend_R","Defend_R","Defend_R","Bash","Infernal Blade+1","Carnage+1","Evolve","Bloodletting+1","Anger","Second Wind","Dropkick","Demon Form+1","Reaper","Whirlwind","Battle Trance"],"relics":["Burning Blood","NeowsBlessing","Bag of Preparation","Red Skull","Matryoshka","War Paint","Velvet Choker","Sundial"],"acts_visited":["Exordium","TheCity"],"potions_floor_usage":[16,16,22,22,25],"damage_taken":[{"damage":0,"enemies":"Cultist","floor":1,"turns":1},{"damage":0,"enemies":"2 Louse","floor":3,"turns":1},{"damage":0,"enemies":"Lagavulin","floor":7,"turns":1},{"damage":12,"enemies":"Jaw Worm","floor":8,"turns":2},{"damage":3,"enemies":"Gremlin Nob","floor":11,"turns":2},{"damage":3,"enemies":"Looter","floor":13,"turns":2},{"damage":6,"enemies":"Red Slaver","floor":14,"turns":3},{"damage":12,"enemies":"Slime Boss","floor":16,"turns":6},{"damage":48,"enemies":"3 Byrds","floor":18,"turns":6},{"damage":23,"enemies":"Spheric Guardian","floor":21,"turns":4},{"damage":11,"enemies":"Snake Plant","floor":22,"turns":3},{"damage":31,"enemies":"Gremlin Leader","floor":23,"turns":4},{"damage":21,"enemies":"Book of Stabbing","floor":25,"turns":3}],"seed_played":"-4037669443131830936","potions_obtained":[{"floor":1,"key":"Weak Potion"},{"floor":3,"key":"SkillPotion"},{"floor":21,"key":"Regen Potion"},{"floor":23,"key":"Energy Potion"}],"is_trial":false,"path_per_floor":["M","$","M","?","T","R","E","M","T","R","E","$","M","M","R","B",null,"M","?","$","M","M","E","R","E"],"character_chosen":"IRONCLAD","items_purchased":["Fire Potion","Second Wind","Block Potion"],"campfire_rested":1,"item_purchase_floors":[2,12,20],"current_hp_per_floor":[74,74,75,64,64,64,70,64,64,64,67,67,70,70,70,64,72,46,46,46,29,42,17,39,18,18],"gold":98,"neow_bonus":"THREE_ENEMY_KILL","is_daily":false,"chose_seed":false,"campfire_upgraded":3,"win_rate":0.0,"timestamp":1609746718,"path_taken":["M","?","M","?","?","R","E","M","T","R","E","$","M","M","R","BOSS","M","?","$","M","M","E","R","E"],"items_purchased_type":["Potion","Card","Potion"],"build_version":"2020-12-22","purchased_purges":2,"victory":false,"max_hp_per_floor":[75,75,75,75,75,75,75,75,75,75,75,75,75,75,75,75,75,75,75,75,75,75,75,75,75,75],"card_choices":[{"not_picked":["Intimidate","Rupture"],"picked":"Infernal Blade","floor":1},{"not_picked":["Wild Strike","Battle Trance"],"picked":"Carnage","floor":3},{"not_picked":["Rupture","True Grit"],"picked":"Evolve","floor":7},{"not_picked":["Twin Strike","Carnage"],"picked":"Bloodletting","floor":8},{"not_picked":["Twin Strike","Heavy Blade"],"picked":"Anger","floor":11},{"not_picked":["Heavy Blade","Clash"],"picked":"Dropkick","floor":13},{"not_picked":["Cleave","Power Through"],"picked":"Demon Form","floor":14},{"not_picked":["Feed","Limit Break"],"picked":"Reaper","floor":16},{"not_picked":["Iron Wave","Searing Blow","Cleave"],"picked":"SKIP","floor":18},{"not_picked":["Wild Strike","True Grit"],"picked":"Whirlwind","floor":21},{"not_picked":["Flex","Infernal Blade"],"picked":"Battle Trance","floor":22},{"not_picked":["Fire Breathing","Perfected Strike","Armaments"],"picked":"SKIP","floor":23}],"player_experience":1315954,"relics_obtained":[{"floor":5,"key":"Bag of Preparation"},{"floor":7,"key":"Red Skull"},{"floor":9,"key":"Matryoshka"},{"floor":11,"key":"War Paint"},{"floor":23,"key":"Sundial"}],"event_choices":[{"damage_healed":0,"gold_gain":75,"player_choice":"Gather Gold","damage_taken":11,"max_hp_gain":0,"max_hp_loss":0,"event_name":"World of Goop","floor":4,"gold_loss":0},{"damage_healed":0,"gold_gain":0,"player_choice":"Cursed","damage_taken":0,"max_hp_gain":0,"max_hp_loss":0,"event_name":"Wheel of Change","floor":19,"gold_loss":0,"cards_obtained":["Decay"]}],"is_beta":false,"boss_relics":[{"not_picked":["Sozu","Philosopher\u0027s Stone"],"picked":"Velvet Choker"}],"items_purged_floors":[12,20],"is_endless":false,"potions_floor_spawned":[1,3,7,13,21,23],"killed_by":"Book of Stabbing","ascension_level":20}}