{"host":"uclt3t1usqzz4m5p","time":1609787908,"event":{"mods":["100% Spire Juice","AchievementEnabler","BaseMod","Better Altar","Better Match","Better Sensory Stone","Better Skull","Better Third Choice","Booster Modes","Card Forge","Colored Powertips","Displayed Cursed Tome","Evolution","GifTheSpireLib","Gremlin Skip","Minty Spire (QoL Compilation)","Permanent Neow","Quick Restart","StSLib","SuperFastMode","The Caster","The Mystic"],"gold_per_floor":[91,91,108,125,139,139,159,234,234,250,285,3,3,13,13,117,167,183,183,203,55,55,55,70,0,23,23,34,69,69,69,69,174,174,193,211,211,211,325,325,325,344,396,396,396,396,396,413,53,53],"floor_reached":51,"playtime":3733,"items_purged":["Pain"],"score":690,"play_id":"3cd6db12-23ed-4eed-880e-fd5dd8b4a7ff","local_time":"20210104111828","is_ascension_mode":false,"campfire_choices":[{"data":"Moonworks:MeltingMemories","floor":6.0,"key":"SMITH"},{"data":"Moonworks:x16BigRocket","floor":13.0,"key":"SMITH"},{"data":"Moonworks:x16BigRocket+1","floor":15.0,"key":"SMITH"},{"data":"Moonworks:AnotherUltimateWeapon","floor":23.0,"key":"SMITH"},{"data":"Moonworks:x16BigRocket+2","floor":27.0,"key":"SMITH"},{"data":"Moonworks:x16BigRocket+3","floor":30.0,"key":"SMITH"},{"data":"Moonworks:x16BigRocket+4","floor":32.0,"key":"SMITH"},{"data":"Moonworks:MeltingMemories","floor":40.0,"key":"SMITH"},{"data":"Moonworks:UnpaidWork","floor":45.0,"key":"SMITH"},{"data":"Moonworks:x16BigRocket+5","floor":49,"key":"SMITH"}],"circlet_count":0,"master_deck":["Moonworks:Strike","Moonworks:Strike","Moonworks:Strike","Moonworks:Defend","Moonworks:Defend","Moonworks:Defend","Moonworks:Ambush","Moonworks:LongDistanceShot","Moonworks:LuckyCharm+1","Moonworks:x16BigRocket+6","Moonworks:MeltingMemories+1","Moonworks:RedAndBlue","Moonworks:WindyEnchantment","Moonworks:EvilSpyWorkPreparation","Moonworks:RocketCannon","Moonworks:AnotherUltimateWeapon+1","Moonworks:CrystalBarrier","Moonworks:WindyEnchantment","Moonworks:CrystalBarrier","Moonworks:IntelligenceOfficer+1","Moonworks:Dash","Moonworks:UnpaidWork+1","Moonworks:TacticalRetreat","Moonworks:MeltingMemories+1","Moonworks:StiffCrystal+1","Moonworks:MixPhenomenon","Moonworks:WindyEnchantment"],"relics":["Moonworks:BrokenBomb","Moonworks:Homemark","Hammer of Thor","Seething Fire","Anvil of the Gods","EVO:Axolotl","Pear","Moonworks:LittleGull","Tiny House","Lantern","WarpedTongs","Potion Belt","The Courier","Sozu","Juzu Bracelet","Omamori"],"acts_visited":["Exordium","TheCity","TheBeyond"],"potions_floor_usage":[50,50],"damage_taken":[{"damage":0.0,"enemies":"Small Slimes","floor":1.0,"turns":4.0},{"damage":0.0,"enemies":"2 Louse","floor":3.0,"turns":2.0},{"damage":0.0,"enemies":"Cultist","floor":4.0,"turns":3.0},{"damage":6.0,"enemies":"Blue Slaver","floor":5.0,"turns":4.0},{"damage":10.0,"enemies":"Exordium Thugs","floor":7.0,"turns":2.0},{"damage":9.0,"enemies":"Red Slaver","floor":10.0,"turns":3.0},{"damage":14.0,"enemies":"Gremlin Nob","floor":11.0,"turns":3.0},{"damage":0.0,"enemies":"Large Slime","floor":14.0,"turns":3.0},{"damage":0.0,"enemies":"Slime Boss","floor":16.0,"turns":6.0},{"damage":0.0,"enemies":"Chosen","floor":18.0,"turns":4.0},{"damage":0.0,"enemies":"Spheric Guardian","floor":20.0,"turns":5.0},{"damage":4.0,"enemies":"3 Cultists","floor":24.0,"turns":3.0},{"damage":0.0,"enemies":"Centurion and Healer","floor":28.0,"turns":3.0},{"damage":0.0,"enemies":"Gremlin Leader","floor":29.0,"turns":6.0},{"damage":6.0,"enemies":"Collector","floor":33.0,"turns":6.0},{"damage":7.0,"enemies":"3 Shapes","floor":35.0,"turns":2.0},{"damage":0.0,"enemies":"Orb Walker","floor":36.0,"turns":3.0},{"damage":0.0,"enemies":"Writhing Mass","floor":42.0,"turns":6.0},{"damage":0,"enemies":"3 Darklings","floor":48,"turns":3},{"damage":17,"enemies":"Donu and Deca","floor":50,"turns":9}],"seed_played":"-4209011797011691912","potions_obtained":[{"floor":1.0,"key":"EssenceOfSteel"},{"floor":3.0,"key":"ColorlessPotion"},{"floor":4.0,"key":"Weak Potion"},{"floor":7.0,"key":"Block Potion"},{"floor":17.0,"key":"CultistPotion"},{"floor":24.0,"key":"LiquidMemories"},{"floor":29.0,"key":"EntropicBrew"},{"floor":33.0,"key":"BlessingOfTheForge"}],"is_trial":false,"path_per_floor":["M","?","M","M","M","R","M","?","T","M","E","$","R","M","R","B",null,"M","?","M","$","?","R","M","$","T","R","M","E","R","$","R","B",null,"M","M","?","?","?","R","$","M","T","?","R","?","?","M","R","B",null],"character_chosen":"THE_STARBREAKER","items_purchased":["Moonworks:RocketCannon","Lantern"],"campfire_rested":0,"item_purchase_floors":[12,21],"current_hp_per_floor":[60,60,60,60,54,54,44,33,43,34,30,30,30,50,50,60,75,75,75,75,75,75,75,71,71,71,71,71,71,71,71,71,65,75,68,68,68,68,61,61,61,61,61,61,61,61,61,61,61,57],"gold":53,"neow_bonus":"HUNDRED_GOLD","is_daily":false,"chose_seed":false,"campfire_upgraded":10,"win_rate":0.0,"timestamp":1609787908,"path_taken":["M","?","M","M","M","R","M","?","T","M","E","$","R","M","R","BOSS","M","?","M","?","?","R","?","$","T","R","M","E","R","?","R","BOSS","M","M","?","?","?","R","$","M","T","?","R","?","?","M","R","BOSS"],"items_purchased_type":["Card","Relic"],"build_version":"2020-12-22","purchased_purges":1,"victory":true,"max_hp_per_floor":[60,60,60,60,60,60,60,60,70,70,70,70,70,70,70,70,75,75,75,75,75,75,75,75,75,75,75,75,75,75,75,75,75,75,75,75,71,71,71,71,71,71,71,71,71,71,71,71,71,71],"card_choices":[{"not_picked":["Moonworks:CompletionReward","Moonworks:NicePresent"],"picked":"Moonworks:LuckyCharm","floor":1.0},{"not_picked":["Moonworks:ImOnFire","Moonworks:Heat300Percent"],"picked":"Moonworks:x16BigRocket","floor":3.0},{"not_picked":["Moonworks:LulusLuckyEgg","Moonworks:SelfDestruct"],"picked":"Moonworks:MeltingMemories","floor":4.0},{"not_picked":["Moonworks:IndiscriminateFireSupport","Moonworks:ImOnFire"],"picked":"Moonworks:RedAndBlue","floor":5.0},{"not_picked":["Moonworks:NicePresent","Moonworks:BigBangBell"],"picked":"Moonworks:WindyEnchantment","floor":7.0},{"not_picked":["Moonworks:JonathanRush","Moonworks:LulusLuckyEgg"],"picked":"Moonworks:DeployBits","floor":10.0},{"not_picked":["Moonworks:DeployBits","Moonworks:CloudOfSeagulls"],"picked":"Moonworks:EvilSpyWorkPreparation","floor":11.0},{"not_picked":["Moonworks:NicePresent","Moonworks:IndiscriminateFireSupport"],"picked":"Moonworks:AnotherUltimateWeapon","floor":14.0},{"not_picked":["Moonworks:MetallicMonocoque","Moonworks:RocketCannon"],"picked":"Moonworks:CrystalBarrier","floor":16.0},{"not_picked":["Moonworks:Bloodlust","Moonworks:x16BigRocket"],"picked":"Moonworks:WindyEnchantment","floor":17.0},{"not_picked":["Moonworks:IndiscriminateFireSupport","Moonworks:NicePresent","Moonworks:SelfDestruct"],"picked":"SKIP","floor":18.0},{"not_picked":["Moonworks:ForcedRevival","Moonworks:JonathanRush+1"],"picked":"Moonworks:IntelligenceOfficer+1","floor":20.0},{"not_picked":["Moonworks:SakisCookie+1","Moonworks:ImOnFire+1"],"picked":"Moonworks:Dash","floor":24.0},{"not_picked":["Moonworks:x16BigRocket","Moonworks:DevilHand"],"picked":"Moonworks:UnpaidWork","floor":28.0},{"not_picked":["Moonworks:LuckyCharm","Moonworks:ImOnFire"],"picked":"Moonworks:TacticalRetreat","floor":29.0},{"not_picked":["Moonworks:MetallicMonocoque","Moonworks:ShieldCounter"],"picked":"Moonworks:MeltingMemories","floor":33.0},{"not_picked":["Moonworks:Assault+1","Moonworks:ImmovableObject"],"picked":"Moonworks:StiffCrystal+1","floor":35.0},{"not_picked":["Moonworks:Assault","Moonworks:WindyEnchantment"],"picked":"Moonworks:MixPhenomenon","floor":36.0},{"not_picked":["Moonworks:ReproductionOfRecords+1","Moonworks:Assault+1"],"picked":"Moonworks:WindyEnchantment","floor":42.0},{"not_picked":["Moonworks:UnluckyCharm+1","Moonworks:EvilSpyWorkPreparation+1","Moonworks:SakisCookie"],"picked":"SKIP","floor":48}],"player_experience":575030,"relics_obtained":[{"floor":9.0,"key":"Pear"},{"floor":11.0,"key":"Moonworks:LittleGull"},{"floor":26.0,"key":"Potion Belt"},{"floor":29.0,"key":"The Courier"},{"floor":43.0,"key":"Juzu Bracelet"}],"event_choices":[{"damage_healed":0.0,"max_hp_gain":0.0,"max_hp_loss":0.0,"gold_gain":0.0,"event_name":"The Cleric","player_choice":"Leave","floor":2.0,"gold_loss":0.0,"damage_taken":0.0},{"damage_healed":0.0,"max_hp_gain":0.0,"max_hp_loss":0.0,"gold_gain":75.0,"event_name":"betterThird:BetterGoop","player_choice":"Gold","floor":8.0,"gold_loss":0.0,"damage_taken":11.0},{"damage_healed":0.0,"max_hp_gain":0.0,"max_hp_loss":0.0,"gold_gain":0.0,"cards_transformed":["Moonworks:Strike"],"event_name":"Transmorgrifier","player_choice":"Transformed","floor":19.0,"gold_loss":0.0,"damage_taken":0.0,"cards_obtained":["Moonworks:CrystalBarrier"]},{"damage_healed":0.0,"max_hp_gain":0.0,"max_hp_loss":0.0,"gold_gain":0.0,"event_name":"Accursed Blacksmith","player_choice":"Rummage","floor":22.0,"gold_loss":0.0,"damage_taken":0.0,"relics_obtained":["WarpedTongs"],"cards_obtained":["Pain"]},{"damage_healed":0.0,"max_hp_gain":0.0,"max_hp_loss":4.0,"gold_gain":0.0,"event_name":"Winding Halls","player_choice":"Max HP","floor":37.0,"gold_loss":0.0,"damage_taken":0.0},{"damage_healed":0.0,"max_hp_gain":0.0,"max_hp_loss":0.0,"gold_gain":0.0,"event_name":"Mysterious Sphere","player_choice":"Ignored","floor":38.0,"gold_loss":0.0,"damage_taken":0.0},{"damage_healed":0.0,"max_hp_gain":0.0,"max_hp_loss":0.0,"gold_gain":114.0,"event_name":"betterSkull:BetterSkull","player_choice":"GO ","floor":39.0,"gold_loss":0.0,"damage_taken":8.0,"cards_upgraded":[],"relics_obtained":[]},{"cards_removed":["Moonworks:Defend"],"damage_healed":0.0,"max_hp_gain":0.0,"max_hp_loss":0.0,"gold_gain":0.0,"event_name":"Falling","player_choice":"Removed Skill","floor":44.0,"gold_loss":0.0,"damage_taken":0.0},{"damage_healed":0.0,"max_hp_gain":0.0,"max_hp_loss":0.0,"gold_gain":0.0,"event_name":"Tomb of Lord Red Mask","player_choice":"Ignored","floor":46.0,"gold_loss":0.0,"damage_taken":0.0},{"cards_removed":["Moonworks:DeployBits"],"damage_healed":0.0,"max_hp_gain":0.0,"max_hp_loss":0.0,"gold_gain":0.0,"event_name":"WeMeetAgain","player_choice":"Gave Card","floor":47.0,"gold_loss":0.0,"damage_taken":0.0,"relics_obtained":["Omamori"]}],"is_beta":false,"boss_relics":[{"not_picked":["Ectoplasm","Astrolabe"],"picked":"Tiny House"},{"not_picked":["Fusion Hammer","Busted Crown"],"picked":"Sozu"}],"items_purged_floors":[25],"is_endless":false,"potions_floor_spawned":[1,3,4,7,24,29,33,36],"ascension_level":0}}