{"host":"x1qj4d8ympd5jdqh","time":1609742739,"event":{"mods":["AchievementEnabler","AlwaysNeverKeys","BaseMod","Colored Map","Custom Start","DeckTracker","Highlight Path","Minty Spire (QoL Compilation)","StSLib","SuperFastMode"],"gold_per_floor":[112,27,44,44,44,44,71,71,71,89,89,14,114,129,129,205,205,225,254,254,271,271,271],"floor_reached":22,"playtime":463,"items_purged":["Strike_B"],"score":414,"play_id":"122ed09b-a10d-4b55-bcac-82266943f17c","local_time":"20210104154539","is_ascension_mode":true,"campfire_choices":[{"data":"Zap","floor":6.0,"key":"SMITH"},{"data":"Consume","floor":8.0,"key":"SMITH"},{"data":"Darkness","floor":11.0,"key":"SMITH"},{"data":"Dualcast","floor":15.0,"key":"SMITH"}],"circlet_count":0,"master_deck":["AscendersBane","Zap+1","Dualcast+1","Beam Cell","Capacitor","Cold Snap","Consume+1","Darkness+1","Darkness","Reboot","Reinforced Body","Conserve Battery","Static Discharge","Thunder Strike","Skim","BootSequence","Streamline","Compile Driver","Defragment+1","Conserve Battery","Self Repair"],"relics":["Cracked Core","NeowsBlessing","Oddly Smooth Stone","Dream Catcher","White Beast Statue","Pandora\u0027s Box","Red Mask"],"acts_visited":["Exordium","TheCity"],"potions_floor_usage":[16,16,19,22],"damage_taken":[{"damage":0.0,"enemies":"Cultist","floor":1.0,"turns":1.0},{"damage":0.0,"enemies":"Small Slimes","floor":3.0,"turns":1.0},{"damage":0.0,"enemies":"Lagavulin","floor":7.0,"turns":1.0},{"damage":10.0,"enemies":"Jaw Worm","floor":10.0,"turns":2.0},{"damage":7.0,"enemies":"Large Slime","floor":14.0,"turns":6.0},{"damage":5,"enemies":"The Guardian","floor":16,"turns":8},{"damage":18,"enemies":"Shell Parasite","floor":18,"turns":3},{"damage":1,"enemies":"Masked Bandits","floor":19,"turns":2},{"damage":10,"enemies":"2 Thieves","floor":21,"turns":5},{"damage":18,"enemies":"Shelled Parasite and Fungi","floor":22,"turns":4}],"seed_played":"5700664167218214232","potions_obtained":[{"floor":1.0,"key":"Strength Potion"},{"floor":3.0,"key":"FocusPotion"},{"floor":14.0,"key":"FearPotion"},{"floor":16,"key":"EssenceOfSteel"},{"floor":18,"key":"PowerPotion"},{"floor":19,"key":"GamblersBrew"}],"is_trial":false,"path_per_floor":["M","$","M","?","?","R","E","R","T","M","R","$","?","M","R","B",null,"M","?","?","M","M"],"character_chosen":"DEFECT","items_purchased":["Capacitor"],"campfire_rested":0,"item_purchase_floors":[2],"current_hp_per_floor":[64,64,64,46,46,46,46,46,46,36,36,36,36,29,29,24,59,41,40,40,30,12,12],"gold":271,"neow_bonus":"THREE_ENEMY_KILL","is_daily":false,"chose_seed":false,"campfire_upgraded":4,"win_rate":0.0,"timestamp":1609742739,"path_taken":["M","?","M","?","?","R","E","R","T","?","R","$","?","M","R","BOSS","M","?","?","?","M"],"items_purchased_type":["Card"],"build_version":"2020-12-22","purchased_purges":1,"victory":false,"max_hp_per_floor":[71,71,71,71,71,71,71,71,71,71,71,71,71,71,71,71,71,71,71,71,71,71,71],"card_choices":[{"not_picked":["Chaos","Rebound"],"picked":"Beam Cell","floor":1.0},{"not_picked":["Hologram","Redo"],"picked":"Cold Snap","floor":3.0},{"not_picked":["Melter","Beam Cell"],"picked":"Consume","floor":7.0},{"not_picked":["Steam Power","Beam Cell"],"picked":"Darkness","floor":10.0},{"not_picked":["Steam Power","Gash"],"picked":"Darkness","floor":14.0},{"not_picked":["Seek","Buffer"],"picked":"Reboot","floor":16},{"not_picked":["Capacitor","Cold Snap"],"picked":"Compile Driver","floor":18},{"not_picked":["Aggregate","FTL"],"picked":"Defragment+1","floor":19},{"not_picked":["Rebound","Streamline"],"picked":"Self Repair","floor":21}],"player_experience":1312470,"relics_obtained":[{"floor":7.0,"key":"Dream Catcher"},{"floor":9.0,"key":"White Beast Statue"},{"floor":19,"key":"Red Mask"}],"event_choices":[{"damage_healed":0.0,"max_hp_gain":0.0,"max_hp_loss":0.0,"gold_gain":0.0,"event_name":"Scrap Ooze","player_choice":"Success","floor":4.0,"gold_loss":0.0,"damage_taken":18.0,"relics_obtained":["Oddly Smooth Stone"]},{"damage_healed":0.0,"max_hp_gain":0.0,"max_hp_loss":0.0,"gold_gain":0.0,"event_name":"Liars Game","player_choice":"Ignored","floor":5.0,"gold_loss":0.0,"damage_taken":0.0},{"damage_healed":0.0,"max_hp_gain":0.0,"max_hp_loss":0.0,"gold_gain":100.0,"event_name":"Wheel of Change","player_choice":"Gold","floor":13.0,"gold_loss":0.0,"damage_taken":0.0},{"damage_healed":0,"gold_gain":0,"player_choice":"Fought Bandits","damage_taken":0,"max_hp_gain":0,"max_hp_loss":0,"event_name":"Masked Bandits","floor":19,"gold_loss":0},{"damage_healed":0,"gold_gain":0,"player_choice":"Copied","damage_taken":0,"max_hp_gain":0,"max_hp_loss":0,"event_name":"Duplicator","floor":20,"gold_loss":0,"cards_obtained":["Conserve Battery"]}],"is_beta":false,"boss_relics":[{"not_picked":["Coffee Dripper","Busted Crown"],"picked":"Pandora\u0027s Box"}],"items_purged_floors":[12],"is_endless":false,"potions_floor_spawned":[1,3,10,14,16,18,19,21],"killed_by":"Shelled Parasite and Fungi","ascension_level":20}}