{"host":"9n6i2vl93jt4o42q","time":1609769931,"event":{"mods":["BaseMod","Downfall","Minty Spire (QoL Compilation)","Relic Stats","StSLib"],"gold_per_floor":[99,118,131,151,165,165,243,273,107,32,52,66,66,86,98,193,193,118,134,151,161,161,191,191,191,3,3,15,44,64,76,90,189,189,189,209,224,62,62,75,75,103,114,114,167,267,293,311,321,321],"floor_reached":51,"playtime":7042,"items_purged":["Slimebound:Strike_Slimebound","Slimebound:Tackle","Slimebound:Defend_Slimebound"],"score":867,"play_id":"ae2aaea1-b06e-48d0-b3a3-0201491bb5e5","local_time":"20210104151851","is_ascension_mode":true,"campfire_choices":[{"data":"Slimebound:Split","floor":1,"key":"SMITH"},{"data":"Slimebound:ServeAndProtect","floor":6,"key":"SMITH"},{"floor":10,"key":"RECALL"},{"data":"Slimebound:ComboTackle","floor":13,"key":"SMITH"},{"data":"Slimebound:CorrosiveSpit","floor":18,"key":"SMITH"},{"data":"Slimebound:LeechEnergy","floor":35,"key":"SMITH"}],"circlet_count":0,"master_deck":["Slimebound:Defend_Slimebound","Slimebound:Defend_Slimebound","Slimebound:Defend_Slimebound","Slimebound:Split+1","Slimebound:CorrosiveSpit+1","Slimebound:SlimeTap","Slimebound:ComboTackle+1","Slimebound:ServeAndProtect+1","Slimebound:SplitLeeching","Slimebound:MegaLick+1","Slimebound:Prepare+1","Slimebound:SplitAcid+1","Slimebound:Schlurp+1","Slimebound:MegaLick+1","Slimebound:DivideAndConquer+1","Slimebound:HauntingLick+1","Slimebound:MassRepurpose+1","Slimebound:ComboTackle","Slimebound:Gluttony","Slimebound:PressTheAttack","Bite","Bite","Bite","Bite","Bite","Slimebound:LeechEnergy+1","Slimebound:AcidTongue","Slimebound:Repurpose+1","Slimebound:MegaLick+1","Slimebound:RainOfGoop+1","Slimebound:LeechEnergy+1","Slimebound:LeechingTouch+1","Slimebound:MassRepurpose+1","Slimebound:SplitMire+1","Slimebound:SplitLeeching+1","Slimebound:Prepare+1","Slimebound:ViciousTackle+1","Good Instincts+1","expansioncontent:SuperHexaguard+1","expansioncontent:DonusPower+1","Slimebound:GoopSpray+1","Slimebound:SplitBruiser+1","Slimebound:Darklings+1","Slimebound:OneTwoCombo+1","Slimebound:TongueLash+1"],"relics":["Slimebound:AbsorbEndCombat","Toxic Egg 2","downfall:HeartBlessingGreen","Black Star","downfall:HeartBlessingRed","Strawberry","Slimebound:AggressiveSlimeRelic","Meat on the Bone","Bronze Scales","Letter Opener","Molten Egg 2","Philosopher\u0027s Stone","PreservedInsect","Shuriken","Singing Bowl","Mercury Hourglass","Prayer Wheel","Potion Belt","MealTicket","Boot"],"acts_visited":["Exordium","TheCity","TheBeyond"],"potions_floor_usage":[23,33],"damage_taken":[{"damage":12,"enemies":"Cultist","floor":2,"turns":3},{"damage":8,"enemies":"2 Louse","floor":3,"turns":2},{"damage":18,"enemies":"Jaw Worm","floor":4,"turns":3},{"damage":17,"enemies":"Lots of Slimes","floor":5,"turns":4},{"damage":44,"enemies":"Gremlin Nob","floor":8,"turns":5},{"damage":13,"enemies":"downfall:FleeingMerchant","floor":9,"turns":4},{"damage":12,"enemies":"Exordium Wildlife","floor":11,"turns":3},{"damage":4,"enemies":"3 Louse","floor":12,"turns":2},{"damage":16,"enemies":"Large Slime","floor":14,"turns":4},{"damage":16,"enemies":"3 Louse","floor":15,"turns":2},{"damage":28,"enemies":"downfall:Watcher","floor":16,"turns":8},{"damage":15,"enemies":"Shell Parasite","floor":19,"turns":3},{"damage":27,"enemies":"Centurion and Healer","floor":20,"turns":5},{"damage":47,"enemies":"Snecko","floor":21,"turns":7},{"damage":30,"enemies":"Slavers","floor":23,"turns":4},{"damage":31,"enemies":"downfall:FleeingMerchant","floor":26,"turns":4},{"damage":23,"enemies":"3 Cultists","floor":28,"turns":4},{"damage":28,"enemies":"Book of Stabbing","floor":29,"turns":5},{"damage":9,"enemies":"Shelled Parasite and Fungi","floor":30,"turns":3},{"damage":17,"enemies":"Snake Plant","floor":31,"turns":3},{"damage":27,"enemies":"Snecko","floor":32,"turns":3},{"damage":49,"enemies":"downfall:Defect","floor":33,"turns":6},{"damage":23,"enemies":"3 Darklings","floor":36,"turns":3},{"damage":23,"enemies":"Orb Walker","floor":37,"turns":2},{"damage":16,"enemies":"downfall:FleeingMerchant","floor":38,"turns":2},{"damage":25,"enemies":"Spire Growth","floor":40,"turns":3},{"damage":15,"enemies":"Nemesis","floor":42,"turns":3},{"damage":37,"enemies":"Writhing Mass","floor":43,"turns":3},{"damage":42,"enemies":"2 Orb Walkers","floor":45,"turns":3},{"damage":28,"enemies":"downfall:LadyInBlue","floor":46,"turns":3},{"damage":30,"enemies":"Giant Head","floor":47,"turns":6},{"damage":29,"enemies":"3 Darklings","floor":48,"turns":2},{"damage":16,"enemies":"Maw","floor":49,"turns":5},{"damage":56,"enemies":"downfall:Ironclad","floor":50,"turns":6}],"seed_played":"1211488075493710708","potions_obtained":[{"floor":3,"key":"Dexterity Potion"},{"floor":5,"key":"BlessingOfTheForge"},{"floor":12,"key":"EntropicBrew"},{"floor":15,"key":"SkillPotion"},{"floor":16,"key":"FairyPotion"},{"floor":28,"key":"SkillPotion"},{"floor":40,"key":"sneckomod:MuddlingPotion"},{"floor":46,"key":"PowerPotion"},{"floor":46,"key":"GamblersBrew"},{"floor":46,"key":"DistilledChaos"},{"floor":47,"key":"Slimebound:SpawnSlimePotion"}],"is_trial":false,"path_per_floor":["R","M","M","M","M","R","T","E","$","R","M","M","R","M","M","B",null,"R","M","M","M","?","E","T","?","$","?","M","E","M","M","M","B",null,"R","M","M","$","?","M","T","E","M","?","?","?","E","M","M","B",null],"character_chosen":"SLIMEBOUND","items_purchased":["Slimebound:SplitAcid+1","Slimebound:Schlurp+1","Slimebound:AcidTongue","Slimebound:Prepare+1","PreservedInsect","Slimebound:ViciousTackle+1","Good Instincts+1"],"campfire_rested":0,"item_purchase_floors":[9,9,26,38,38,38,38],"current_hp_per_floor":[66,65,66,58,55,55,55,31,38,38,46,54,54,60,66,64,66,66,65,62,41,29,28,28,28,53,53,78,74,78,78,70,68,78,78,73,78,78,73,78,78,78,80,80,78,84,84,81,90,82],"gold":321,"neow_bonus":"TEN_PERCENT_HP_BONUS","is_daily":false,"chose_seed":false,"campfire_upgraded":5,"win_rate":0.0,"timestamp":1609769931,"path_taken":["R","M","M","M","M","R","T","E","?","R","M","?","R","M","M","BOSS","R","M","M","M","?","E","T","?","$","?","M","E","M","?","M","BOSS","R","M","M","$","?","M","T","E","M","?","?","?","E","?","M","BOSS"],"items_purchased_type":["Card","Card","Card","Card","Relic","Card","Card"],"build_version":"2020-12-22","purchased_purges":3,"victory":true,"max_hp_per_floor":[66,66,66,66,66,66,66,66,66,66,66,66,66,66,66,66,66,66,66,66,66,71,78,78,78,78,78,78,78,78,78,78,78,78,78,78,78,78,78,78,78,78,80,80,82,84,84,88,90,90],"relic_stats":{"Singing Bowl":12,"counters":[34,123],"PreservedInsect":216,"Letter Opener":[286],"Boot":[4],"Mercury Hourglass":[72],"Shuriken":[6],"Bronze Scales":[147],"Prayer Wheel":2,"MealTicket":0,"Black Star":4,"obtain_stats":[{"Potion Belt":46,"Slimebound:AggressiveSlimeRelic":23,"downfall:HeartBlessingRed":18,"Singing Bowl":42,"downfall:HeartBlessingGreen":10,"PreservedInsect":38,"Letter Opener":29,"Boot":47,"Mercury Hourglass":42,"Blood Vial":8,"Shuriken":41,"Strawberry":23,"Bronze Scales":27,"Molten Egg 2":29,"Philosopher\u0027s Stone":34,"Prayer Wheel":45,"MealTicket":47,"Slimebound:AbsorbEndCombat":0,"Black Star":17,"Toxic Egg 2":7,"Meat on the Bone":24},{"Potion Belt":30,"Slimebound:AggressiveSlimeRelic":15,"downfall:HeartBlessingRed":11,"Singing Bowl":27,"downfall:HeartBlessingGreen":6,"PreservedInsect":25,"Letter Opener":18,"Boot":31,"Mercury Hourglass":27,"Blood Vial":5,"Shuriken":26,"Strawberry":15,"Bronze Scales":16,"Molten Egg 2":18,"Philosopher\u0027s Stone":22,"Prayer Wheel":29,"MealTicket":31,"Slimebound:AbsorbEndCombat":0,"Black Star":11,"Toxic Egg 2":4,"Meat on the Bone":15},{"Potion Belt":105,"Slimebound:AggressiveSlimeRelic":56,"downfall:HeartBlessingRed":38,"Singing Bowl":96,"downfall:HeartBlessingGreen":20,"PreservedInsect":90,"Letter Opener":68,"Boot":110,"Mercury Hourglass":96,"Blood Vial":16,"Shuriken":93,"Strawberry":56,"Bronze Scales":60,"Molten Egg 2":68,"Philosopher\u0027s Stone":83,"Prayer Wheel":102,"MealTicket":110,"Slimebound:AbsorbEndCombat":0,"Black Star":38,"Toxic Egg 2":11,"Meat on the Bone":56}],"Meat on the Bone":12},"card_choices":[{"not_picked":["Slimebound:SplitAcid","Slimebound:GrowthPunch"],"picked":"Slimebound:SlimeTap","floor":2},{"not_picked":["Slimebound:Schlurp","Slimebound:SlimeSpikes"],"picked":"Slimebound:ComboTackle","floor":3},{"not_picked":["Slimebound:FinishingTackle","Slimebound:LivingWall"],"picked":"Slimebound:ServeAndProtect","floor":4},{"not_picked":["Slimebound:LeechingTouch","Slimebound:DivideAndConquer"],"picked":"Slimebound:SplitLeeching","floor":5},{"not_picked":["Slimebound:SplitBruiser+1","Slimebound:CheckThePlaybook+1"],"picked":"Slimebound:MegaLick+1","floor":8},{"not_picked":["Slimebound:RollThrough","Slimebound:GrowthPunch"],"picked":"Slimebound:Prepare+1","floor":9},{"not_picked":["Slimebound:SplitBruiser+1","Slimebound:ServeAndProtect+1"],"picked":"Slimebound:MegaLick+1","floor":11},{"not_picked":["Slimebound:Grow","Slimebound:Prepare+1","Slimebound:FinishingTackle"],"picked":"SKIP","floor":12},{"not_picked":["Slimebound:LeechingTouch","Slimebound:RollThrough"],"picked":"Slimebound:DivideAndConquer+1","floor":14},{"not_picked":["Slimebound:ForwardTackle","Slimebound:SplitAcid+1"],"picked":"Slimebound:HauntingLick+1","floor":15},{"not_picked":["Slimebound:Overexert","Slimebound:MinionMaster"],"picked":"Slimebound:MassRepurpose+1","floor":16},{"not_picked":["Slimebound:SlimeSpikes+1","Slimebound:GoopSpray+1"],"picked":"Slimebound:ComboTackle","floor":19},{"not_picked":["Slimebound:ViciousTackle+1","Slimebound:ComboTackle"],"picked":"Slimebound:Gluttony","floor":20},{"not_picked":["Slimebound:GoopSpray+1","Slimebound:Equalize"],"picked":"Slimebound:PressTheAttack","floor":21},{"not_picked":["Slimebound:Dissolve+1","Slimebound:RollThrough","Slimebound:FinishingTackle"],"picked":"SKIP","floor":23},{"not_picked":["Slimebound:ItLooksTasty+1","Slimebound:SplitAcid+1"],"picked":"Slimebound:LeechEnergy","floor":26},{"not_picked":["Slimebound:ViciousTackle","Slimebound:GrowthPunch"],"picked":"Slimebound:Repurpose+1","floor":28},{"not_picked":["Slimebound:AcidTongue","Slimebound:Replication+1"],"picked":"Slimebound:MegaLick+1","floor":29},{"not_picked":["Slimebound:AcidTongue+1","Slimebound:PressTheAttack+1"],"picked":"Slimebound:RainOfGoop+1","floor":30},{"not_picked":["Slimebound:SlimeBarrage+1","Slimebound:FinishingTackle+1"],"picked":"Slimebound:LeechEnergy+1","floor":31},{"not_picked":["Slimebound:PressTheAttack+1","Slimebound:DuplicatedForm"],"picked":"Slimebound:LeechingTouch+1","floor":32},{"not_picked":["Slimebound:Teamwork+1","Slimebound:DuplicatedForm"],"picked":"Slimebound:MassRepurpose+1","floor":33},{"not_picked":["Slimebound:DivideAndConquer+1","Slimebound:Nibble+1"],"picked":"Slimebound:SplitMire+1","floor":36},{"not_picked":["Slimebound:Grow+1","Slimebound:RejuvenatingLick+1"],"picked":"Slimebound:SplitLeeching+1","floor":37},{"not_picked":["Slimebound:PressTheAttack+1","Slimebound:SlimeSpikes+1","Slimebound:RainOfGoop+1"],"picked":"SKIP","floor":38},{"not_picked":["expansioncontent:ChargeUp+1","expansioncontent:Torchfire+1"],"picked":"expansioncontent:SuperHexaguard+1","floor":39},{"not_picked":["expansioncontent:AwakenDeath","expansioncontent:PolyBeam+1"],"picked":"expansioncontent:DonusPower+1","floor":39},{"not_picked":["Slimebound:Schlurp+1","Slimebound:LeechEnergy+1"],"picked":"Slimebound:GoopSpray+1","floor":40},{"not_picked":["Slimebound:GoopTackle+1","Slimebound:ViciousTackle+1"],"picked":"Slimebound:SplitBruiser+1","floor":42},{"not_picked":["Slimebound:Dissolve+1","Slimebound:FinishingTackle+1","Slimebound:ViciousTackle+1"],"picked":"Singing Bowl","floor":43},{"not_picked":["Slimebound:LeadByExample","Slimebound:ComboTackle+1","Slimebound:LevelUp+1"],"picked":"Singing Bowl","floor":45},{"not_picked":["Slimebound:Schlurp+1","Slimebound:Equalize+1","Slimebound:SplitMire+1"],"picked":"Singing Bowl","floor":46},{"not_picked":["Slimebound:Dissolve+1","Slimebound:SlimeBarrage+1"],"picked":"Slimebound:OneTwoCombo+1","floor":47},{"not_picked":["Slimebound:SplitAcid+1","Slimebound:FinishingTackle+1","Slimebound:FlameTackle+1"],"picked":"Singing Bowl","floor":48},{"not_picked":["Slimebound:FinishingTackle+1","Slimebound:GrowthPunch+1","Slimebound:RejuvenatingLick+1"],"picked":"Singing Bowl","floor":48},{"not_picked":["Slimebound:GoopTackle+1","Slimebound:GrowthPunch+1","Slimebound:Repurpose+1"],"picked":"Singing Bowl","floor":49},{"not_picked":["Slimebound:Gluttony","Slimebound:DivideAndConquer+1"],"picked":"Slimebound:TongueLash+1","floor":49}],"player_experience":2093226,"relics_obtained":[{"floor":7,"key":"Toxic Egg 2"},{"floor":8,"key":"Blood Vial"},{"floor":23,"key":"Strawberry"},{"floor":23,"key":"Slimebound:AggressiveSlimeRelic"},{"floor":24,"key":"Meat on the Bone"},{"floor":27,"key":"Bronze Scales"},{"floor":29,"key":"Letter Opener"},{"floor":29,"key":"Molten Egg 2"},{"floor":41,"key":"Shuriken"},{"floor":42,"key":"Singing Bowl"},{"floor":42,"key":"Mercury Hourglass"},{"floor":45,"key":"Prayer Wheel"},{"floor":46,"key":"Potion Belt"},{"floor":47,"key":"MealTicket"},{"floor":47,"key":"Boot"}],"event_choices":[{"damage_healed":0,"gold_gain":0,"player_choice":"Became a vampire (Vial)","damage_taken":0,"max_hp_gain":0,"max_hp_loss":0,"event_name":"Vampires","floor":25,"relics_lost":["Blood Vial"],"gold_loss":0,"cards_obtained":["Bite","Bite","Bite","Bite","Bite"]},{"damage_healed":0,"gold_gain":0,"player_choice":"Relic","damage_taken":0,"max_hp_gain":0,"max_hp_loss":0,"event_name":"Wheel of Change","floor":27,"gold_loss":0},{"damage_healed":0,"gold_gain":0,"player_choice":"Fight","damage_taken":0,"max_hp_gain":0,"max_hp_loss":0,"event_name":"Mysterious Sphere","floor":45,"gold_loss":0}],"is_beta":false,"boss_relics":[{"not_picked":["Velvet Choker","Runic Dome"],"picked":"Black Star"},{"not_picked":["Empty Cage","Tiny House"],"picked":"Philosopher\u0027s Stone"}],"items_purged_floors":[9,26,38],"is_endless":false,"potions_floor_spawned":[3,5,12,15,16,21,28,31,40,42,43,47,48],"ascension_level":1}}