{"host":"63yhhrjweyj22b0v","time":1609726346,"event":{"mods":["BaseMod","Minty Spire (QoL Compilation)","Quick Restart"],"gold_per_floor":[110,3,78,78,92,123,123,123,191,191,206,57,57,82,82,185,185,201,201,213,226,151,151,151,151,151,151,165,20,35,50,50,155,155,171,171,18,18,18,29,29,47,47,47,47],"floor_reached":44,"playtime":1178,"items_purged":["Strike_P"],"score":454,"play_id":"83f137e2-44e9-4683-9c04-9c38707d4d5a","local_time":"20210103201226","is_ascension_mode":false,"campfire_choices":[{"data":"Eruption","floor":7,"key":"SMITH"},{"data":"FlurryOfBlows","floor":10,"key":"SMITH"},{"data":"LessonLearned","floor":13,"key":"SMITH"},{"data":"Vigilance","floor":15,"key":"SMITH"},{"floor":23,"key":"REST"},{"data":"DevaForm","floor":25,"key":"SMITH"},{"floor":27,"key":"RECALL"},{"floor":32,"key":"REST"},{"floor":41,"key":"REST"}],"circlet_count":0,"master_deck":["Strike_P+1","Strike_P","Defend_P+1","Defend_P+1","Eruption+1","Vigilance+1","Tantrum+1","FlurryOfBlows+1","JustLucky","DevaForm+1","PathToVictory+1","Ragnarok","Consecrate+1","DevaForm","Prostrate+1","Madness+1","Madness+1","Prostrate"],"relics":["PureWater","NeowsBlessing","Unceasing Top","Singing Bowl","Odd Mushroom","Empty Cage","MutagenicStrength","VioletLotus","War Paint","Bronze Scales","Girya"],"acts_visited":["Exordium","TheCity","TheBeyond"],"potions_floor_usage":[14,20,30,30,42,44],"damage_taken":[{"damage":0,"enemies":"Small Slimes","floor":1,"turns":1},{"damage":0,"enemies":"2 Louse","floor":5,"turns":1},{"damage":0,"enemies":"Lagavulin","floor":6,"turns":1},{"damage":0,"enemies":"Cultist","floor":11,"turns":2},{"damage":0,"enemies":"The Mushroom Lair","floor":14,"turns":2},{"damage":50,"enemies":"The Guardian","floor":16,"turns":12},{"damage":40,"enemies":"Chosen","floor":18,"turns":5},{"damage":0,"enemies":"3 Byrds","floor":20,"turns":4},{"damage":28,"enemies":"Snake Plant","floor":21,"turns":4},{"damage":10,"enemies":"Cultist and Chosen","floor":28,"turns":3},{"damage":31,"enemies":"Shelled Parasite and Fungi","floor":30,"turns":4},{"damage":0,"enemies":"Snake Plant","floor":31,"turns":1},{"damage":78,"enemies":"Champ","floor":33,"turns":7},{"damage":31,"enemies":"3 Shapes","floor":35,"turns":4},{"damage":11,"enemies":"Orb Walker","floor":40,"turns":2},{"damage":72,"enemies":"4 Shapes","floor":42,"turns":4},{"damage":15,"enemies":"Jaw Worm Horde","floor":44,"turns":1}],"seed_played":"-3187423074303342840","potions_obtained":[{"floor":11,"key":"SteroidPotion"},{"floor":16,"key":"BottledMiracle"},{"floor":21,"key":"SpeedPotion"},{"floor":28,"key":"Block Potion"},{"floor":30,"key":"Ambrosia"},{"floor":40,"key":"BlessingOfTheForge"},{"floor":42,"key":"Weak Potion"}],"is_trial":false,"path_per_floor":["M","$","?","?","M","E","R","?","T","R","M","$","R","?","R","B",null,"M","?","M","M","?","R","?","R","T","R","M","$","M","M","R","B",null,"M","?","$","?","$","M","R","M","T","M"],"character_chosen":"WATCHER","items_purchased":["Tantrum","FlurryOfBlows","LessonLearned","Ragnarok","War Paint"],"campfire_rested":3,"item_purchase_floors":[2,2,12,29,37],"current_hp_per_floor":[72,72,61,66,66,66,66,66,66,66,68,68,68,70,70,20,81,43,93,95,69,69,97,97,97,97,97,87,87,58,58,87,9,99,68,56,56,56,56,47,77,5,5,0,0],"gold":47,"neow_bonus":"THREE_ENEMY_KILL","is_daily":false,"chose_seed":false,"campfire_upgraded":5,"win_rate":0.0,"timestamp":1609726346,"path_taken":["M","$","?","?","M","E","R","?","T","R","M","$","R","?","R","BOSS","M","?","M","?","?","R","?","R","T","R","M","?","M","M","R","BOSS","M","?","$","?","$","M","R","M","T","?"],"items_purchased_type":["Card","Card","Card","Card","Relic"],"build_version":"2020-12-22","purchased_purges":1,"victory":false,"max_hp_per_floor":[72,72,72,77,77,77,77,77,77,77,79,79,79,81,81,81,81,83,93,95,97,97,97,97,97,97,97,97,97,99,99,99,99,99,99,99,99,99,99,101,101,101,101,101,101],"card_choices":[{"not_picked":["FlyingSleeves","Protect","SashWhip"],"picked":"SKIP","floor":1},{"not_picked":["Meditate","SashWhip","Protect"],"picked":"SKIP","floor":5},{"not_picked":["Protect","DeceiveReality"],"picked":"JustLucky","floor":6},{"not_picked":["Evaluate","Wallop","Protect"],"picked":"Singing Bowl","floor":11},{"not_picked":["Crescendo","MentalFortress","Perseverance"],"picked":"Singing Bowl","floor":14},{"not_picked":["LessonLearned","Scrawl"],"picked":"DevaForm","floor":16},{"not_picked":["Nirvana+1","PathToVictory","Evaluate"],"picked":"Singing Bowl","floor":18},{"not_picked":["Halt","SashWhip","WreathOfFlame"],"picked":"Singing Bowl","floor":20},{"not_picked":["Study","Adaptation","SashWhip+1"],"picked":"Singing Bowl","floor":21},{"not_picked":["FlurryOfBlows","Prostrate"],"picked":"PathToVictory+1","floor":28},{"not_picked":["SashWhip","Meditate","Judgement"],"picked":"Singing Bowl","floor":30},{"not_picked":["PathToVictory","JustLucky"],"picked":"Consecrate+1","floor":31},{"not_picked":["Wish","Establishment"],"picked":"DevaForm","floor":33},{"not_picked":["Protect","EmptyBody"],"picked":"Prostrate+1","floor":35},{"not_picked":["Worship+1","Swivel+1","EmptyBody+1"],"picked":"Singing Bowl","floor":40},{"not_picked":["CutThroughFate","EmptyFist+1"],"picked":"Prostrate","floor":42}],"player_experience":648304,"relics_obtained":[{"floor":6,"key":"Unceasing Top"},{"floor":9,"key":"Singing Bowl"},{"floor":14,"key":"Odd Mushroom"},{"floor":43,"key":"Girya"}],"event_choices":[{"damage_healed":0,"gold_gain":75,"player_choice":"Gather Gold","damage_taken":11,"max_hp_gain":0,"max_hp_loss":0,"event_name":"World of Goop","floor":3,"gold_loss":0},{"damage_healed":0,"gold_gain":0,"player_choice":"Donut","damage_taken":0,"max_hp_gain":5,"max_hp_loss":0,"event_name":"Big Fish","floor":4,"gold_loss":0},{"damage_healed":0,"gold_gain":0,"player_choice":"Grow","damage_taken":0,"max_hp_gain":0,"max_hp_loss":0,"event_name":"Living Wall","floor":8,"gold_loss":0,"cards_upgraded":["Tantrum"]},{"damage_healed":0,"gold_gain":0,"player_choice":"Fought Mushrooms","damage_taken":0,"max_hp_gain":0,"max_hp_loss":0,"event_name":"Mushrooms","floor":14,"gold_loss":0},{"cards_removed":["LessonLearned"],"damage_healed":40,"gold_gain":0,"player_choice":"Offered Rare","damage_taken":0,"max_hp_gain":10,"max_hp_loss":0,"event_name":"Bonfire Elementals","floor":19,"gold_loss":0},{"cards_removed":["Defend_P"],"damage_healed":0,"gold_gain":0,"player_choice":"Gave Gold","damage_taken":0,"max_hp_gain":0,"max_hp_loss":0,"event_name":"Beggar","floor":22,"gold_loss":75},{"damage_healed":0,"gold_gain":0,"player_choice":"Inject Mutagens","damage_taken":0,"relics_obtained":["MutagenicStrength"],"max_hp_gain":0,"max_hp_loss":0,"event_name":"Drug Dealer","floor":24,"gold_loss":0},{"damage_healed":0,"gold_gain":0,"player_choice":"Embrace Madness","damage_taken":12,"max_hp_gain":0,"max_hp_loss":0,"event_name":"Winding Halls","floor":36,"gold_loss":0,"cards_obtained":["Madness","Madness"]},{"damage_healed":0,"gold_gain":0,"player_choice":"Gave Potion","damage_taken":0,"relics_obtained":["Bronze Scales"],"max_hp_gain":0,"max_hp_loss":0,"event_name":"WeMeetAgain","floor":38,"gold_loss":0}],"is_beta":false,"boss_relics":[{"not_picked":["Astrolabe","Runic Pyramid"],"picked":"Empty Cage"},{"not_picked":["Cursed Key","Coffee Dripper"],"picked":"VioletLotus"}],"items_purged_floors":[12],"is_endless":false,"potions_floor_spawned":[11,16,21,28,30,40,42],"killed_by":"Jaw Worm Horde","ascension_level":0}}