{"host":"dmdprxj8bosbz96f","time":1609792803,"event":{"mods":["AchievementEnabler","BaseMod","Colored Map","DeckTracker","Minty Spire (QoL Compilation)","Quick Restart","SuperFastMode","everything is the same but u backflip on backflip"],"gold_per_floor":[110,35,48,67,55,85,85,96,122,136,154,154,154,168,168,264,264,275,275,289,289,204,204,204],"floor_reached":23,"playtime":866,"items_purged":["Strike_R"],"score":215,"play_id":"2d274390-4f2f-4efa-ac46-577ab8ef87ae","local_time":"20210105054003","is_ascension_mode":true,"campfire_choices":[{"floor":7.0,"key":"REST"},{"floor":12.0,"key":"REST"},{"floor":15.0,"key":"REST"}],"circlet_count":0,"master_deck":["Strike_R","Strike_R","Strike_R","Strike_R","Defend_R","Defend_R","Defend_R","Defend_R","Bash","Whirlwind+1","Rampage","Flex","Flex","Demon Form"],"relics":["Burning Blood","NeowsBlessing","Pantograph","Blood Vial","Oddly Smooth Stone","Velvet Choker","StoneCalendar","Dream Catcher"],"acts_visited":["Exordium","TheCity"],"potions_floor_usage":[],"damage_taken":[{"damage":0.0,"enemies":"Small Slimes","floor":1.0,"turns":1.0},{"damage":0.0,"enemies":"2 Louse","floor":3.0,"turns":1.0},{"damage":0.0,"enemies":"Cultist","floor":4.0,"turns":1.0},{"damage":24.0,"enemies":"Exordium Thugs","floor":5.0,"turns":4.0},{"damage":46.0,"enemies":"Lagavulin","floor":6.0,"turns":8.0},{"damage":15.0,"enemies":"2 Fungi Beasts","floor":8.0,"turns":3.0},{"damage":11.0,"enemies":"Looter","floor":10.0,"turns":2.0},{"damage":26.0,"enemies":"Gremlin Gang","floor":11.0,"turns":4.0},{"damage":6.0,"enemies":"2 Fungi Beasts","floor":14.0,"turns":2.0},{"damage":69.0,"enemies":"Slime Boss","floor":16.0,"turns":11.0},{"damage":27.0,"enemies":"Spheric Guardian","floor":18.0,"turns":4.0},{"damage":40.0,"enemies":"Shell Parasite","floor":20.0,"turns":5.0},{"damage":0,"enemies":"Book of Stabbing","floor":23,"turns":1}],"seed_played":"-4672207675904972553","potions_obtained":[{"floor":4.0,"key":"LiquidMemories"},{"floor":6.0,"key":"AttackPotion"},{"floor":10.0,"key":"PowerPotion"},{"floor":11.0,"key":"ColorlessPotion"},{"floor":14.0,"key":"FearPotion"},{"floor":16.0,"key":"Strength Potion"},{"floor":18.0,"key":"SteroidPotion"}],"is_trial":false,"path_per_floor":["M","$","M","M","M","E","R","M","T","M","M","R","?","M","R","B",null,"M","?","M","T","?","E"],"character_chosen":"IRONCLAD","items_purchased":[],"campfire_rested":3,"item_purchase_floors":[],"current_hp_per_floor":[80,80,80,80,62,22,46,37,37,34,16,40,33,35,59,17,80,59,59,27,27,27,29,29],"gold":204,"neow_bonus":"THREE_ENEMY_KILL","is_daily":false,"chose_seed":false,"campfire_upgraded":0,"win_rate":0.0,"timestamp":1609792803,"path_taken":["M","$","M","M","M","E","R","M","T","M","M","R","?","M","R","BOSS","M","?","?","?","?","E"],"items_purchased_type":[],"build_version":"2020-12-22","purchased_purges":1,"victory":false,"max_hp_per_floor":[80,80,80,80,80,80,80,80,80,80,80,80,80,80,80,80,80,80,80,80,80,80,80,80],"card_choices":[{"not_picked":["Headbutt","Sword Boomerang"],"picked":"Whirlwind","floor":1.0},{"not_picked":["Cleave","Dropkick","Carnage"],"picked":"SKIP","floor":3.0},{"not_picked":["Reckless Charge","Rage"],"picked":"Rampage","floor":4.0},{"not_picked":["Perfected Strike","Body Slam","Flex"],"picked":"SKIP","floor":5.0},{"not_picked":["Heavy Blade","Carnage","Power Through"],"picked":"SKIP","floor":6.0},{"not_picked":["Warcry","Searing Blow","Anger"],"picked":"SKIP","floor":8.0},{"not_picked":["Anger","Pummel"],"picked":"Flex","floor":10.0},{"not_picked":["Pommel Strike","Wild Strike","Anger"],"picked":"SKIP","floor":11.0},{"not_picked":["Bloodletting","Entrench"],"picked":"Flex","floor":14.0},{"not_picked":["Corruption","Impervious"],"picked":"Demon Form","floor":16.0},{"not_picked":["Reckless Charge","Cleave","Iron Wave"],"picked":"SKIP","floor":18.0},{"not_picked":["Combust","Carnage","Sword Boomerang"],"picked":"SKIP","floor":20.0}],"player_experience":132216,"relics_obtained":[{"floor":6.0,"key":"Pantograph"},{"floor":9.0,"key":"Blood Vial"},{"floor":21.0,"key":"StoneCalendar"}],"event_choices":[{"damage_healed":0.0,"max_hp_gain":0.0,"max_hp_loss":0.0,"gold_gain":0.0,"event_name":"Scrap Ooze","player_choice":"Success","floor":13.0,"gold_loss":0.0,"damage_taken":7.0,"relics_obtained":["Oddly Smooth Stone"]},{"damage_healed":0.0,"max_hp_gain":0.0,"max_hp_loss":0.0,"gold_gain":0.0,"event_name":"Upgrade Shrine","player_choice":"Upgraded","floor":19.0,"gold_loss":0.0,"damage_taken":0.0,"cards_upgraded":["Whirlwind"]},{"damage_healed":0.0,"max_hp_gain":0.0,"max_hp_loss":0.0,"gold_gain":0.0,"event_name":"Addict","player_choice":"Obtained Relic","floor":22.0,"gold_loss":85.0,"damage_taken":0.0,"relics_obtained":["Dream Catcher"]}],"is_beta":false,"boss_relics":[{"not_picked":["Busted Crown","Coffee Dripper"],"picked":"Velvet Choker"}],"items_purged_floors":[2],"is_endless":false,"potions_floor_spawned":[4,6,10,11,14,16,18],"killed_by":"Book of Stabbing","ascension_level":2}}