{"host":"7i2b4pyo6x2376bs","time":1609739444,"event":{"mods":["BaseMod","Better Note","Colored Map","Highlight Path","Minty Spire (QoL Compilation)","Quick Restart","Rare Cards Sparkle","Shop Mod","StSLib","The Jungle"],"gold_per_floor":[109,109,123,140,65,99,99,115,194,220,220,220,276,276,276,399,399,420,24,24,24,123,123,123,138,138,38,76,76,107,130,130,130,130],"floor_reached":33,"playtime":2755,"items_purged":["Regret","Injury"],"score":502,"play_id":"5a428cb3-c4c8-4c52-a9a5-6e9a48c96ceb","local_time":"20210103215044","is_ascension_mode":true,"campfire_choices":[{"floor":7,"key":"RECALL"},{"floor":11,"key":"REST"},{"data":"Bash","floor":15,"key":"SMITH"},{"floor":23,"key":"REST"},{"data":"Feed","floor":29,"key":"SMITH"},{"floor":32,"key":"REST"}],"circlet_count":0,"master_deck":["AscendersBane","Strike_R","Strike_R","Strike_R","Strike_R","Strike_R","Defend_R","Defend_R","Defend_R","Defend_R","Bash+1","Brutality","Clothesline","Fiend Fire","Clothesline","Flex","Fire Breathing","Feed+1","Power Through+1","Feed","Perfected Strike","Enlightenment+1","Combust","Hemokinesis","Blood for Blood","Intimidate+1"],"relics":["Burning Blood","Pocketwatch","Oddly Smooth Stone","Toxic Egg 2","Golden Idol","Bird Faced Urn","Snecko Eye","DollysMirror","Matryoshka","Enchiridion","Shuriken","Eternal Feather","Unceasing Top","Ginger"],"acts_visited":["Exordium","TheCity"],"potions_floor_usage":[6,8,18,28,31],"damage_taken":[{"damage":9,"enemies":"2 Louse","floor":1,"turns":3},{"damage":14,"enemies":"Small Slimes","floor":3,"turns":3},{"damage":8,"enemies":"Cultist","floor":4,"turns":3},{"damage":0,"enemies":"Gremlin Nob","floor":6,"turns":2},{"damage":3,"enemies":"2 Fungi Beasts","floor":8,"turns":3},{"damage":30,"enemies":"Lagavulin","floor":10,"turns":5},{"damage":68,"enemies":"The Guardian","floor":16,"turns":12},{"damage":12,"enemies":"Chosen","floor":18,"turns":2},{"damage":17,"enemies":"Shell Parasite","floor":25,"turns":3},{"damage":6,"enemies":"Gremlin Leader","floor":28,"turns":4},{"damage":45,"enemies":"Book of Stabbing","floor":30,"turns":5},{"damage":2,"enemies":"Centurion and Healer","floor":31,"turns":2},{"damage":93,"enemies":"Collector","floor":33,"turns":7}],"seed_played":"-3332715128058563859","potions_obtained":[{"floor":3,"key":"Explosive Potion"},{"floor":4,"key":"SneckoOil"},{"floor":16,"key":"FearPotion"},{"floor":25,"key":"ColorlessPotion"},{"floor":30,"key":"Fire Potion"}],"is_trial":false,"path_per_floor":["M","?","M","M","$","E","R","M","T","E","R","?","?","T","R","B",null,"M","$","?","?","?","R","?","M","T","$","E","R","E","M","R","B"],"character_chosen":"IRONCLAD","items_purchased":["DollysMirror","Matryoshka"],"campfire_rested":3,"item_purchase_floors":[19,19],"current_hp_per_floor":[69,69,61,59,59,65,65,68,68,44,68,68,68,68,68,8,62,59,59,59,43,43,67,67,61,61,61,65,77,38,47,88,0,0],"gold":130,"neow_bonus":"ONE_RANDOM_RARE_CARD","is_daily":false,"chose_seed":false,"campfire_upgraded":2,"win_rate":0.0,"timestamp":1609739444,"path_taken":["M","?","M","M","$","E","R","M","T","E","R","?","?","?","R","BOSS","M","?","?","?","?","R","?","?","T","?","E","R","E","M","R","BOSS"],"items_purchased_type":["Relic","Relic"],"build_version":"2020-12-22","purchased_purges":2,"victory":false,"max_hp_per_floor":[80,80,80,80,80,80,80,80,80,80,80,80,80,80,80,80,80,83,83,83,83,83,83,83,86,86,86,86,86,86,89,89,89,89],"card_choices":[{"not_picked":["Warcry","Wild Strike"],"picked":"Clothesline","floor":1},{"not_picked":["True Grit","Clash","Havoc"],"picked":"SKIP","floor":3},{"not_picked":["Whirlwind","Havoc"],"picked":"Fiend Fire","floor":4},{"not_picked":["Clash","Body Slam"],"picked":"Clothesline","floor":6},{"not_picked":["Clothesline","Twin Strike"],"picked":"Flex","floor":8},{"not_picked":["Whirlwind","Metallicize"],"picked":"Fire Breathing","floor":10},{"not_picked":["Fiend Fire","Exhume+1"],"picked":"Feed","floor":16},{"not_picked":["Twin Strike","Anger"],"picked":"Power Through+1","floor":18},{"not_picked":["Warcry+1","Pommel Strike"],"picked":"Combust","floor":25},{"not_picked":["Havoc+1","Clothesline"],"picked":"Hemokinesis","floor":28},{"not_picked":["Searing Blow","Evolve+1"],"picked":"Blood for Blood","floor":30},{"not_picked":["Clash","Sever Soul+1"],"picked":"Intimidate+1","floor":31}],"player_experience":695623,"relics_obtained":[{"floor":6,"key":"Oddly Smooth Stone"},{"floor":10,"key":"Toxic Egg 2"},{"floor":14,"key":"Bird Faced Urn"},{"floor":21,"key":"Enchiridion"},{"floor":26,"key":"Shuriken"},{"floor":26,"key":"Eternal Feather"},{"floor":28,"key":"Unceasing Top"},{"floor":30,"key":"Ginger"}],"event_choices":[{"damage_healed":0,"gold_gain":0,"player_choice":"Box","damage_taken":0,"relics_obtained":["Pocketwatch"],"max_hp_gain":0,"max_hp_loss":0,"event_name":"Big Fish","floor":2,"gold_loss":0,"cards_obtained":["Regret"]},{"damage_healed":0,"gold_gain":0,"player_choice":"Take Wound","damage_taken":0,"relics_obtained":["Golden Idol"],"max_hp_gain":0,"max_hp_loss":0,"event_name":"Golden Idol","floor":12,"gold_loss":0,"cards_obtained":["Injury"]},{"damage_healed":0,"gold_gain":56,"player_choice":"Gained Gold","damage_taken":0,"max_hp_gain":0,"max_hp_loss":0,"event_name":"Golden Wing","floor":13,"gold_loss":0},{"damage_healed":0,"gold_gain":0,"player_choice":"Ignored","damage_taken":0,"max_hp_gain":0,"max_hp_loss":0,"event_name":"Ghosts","floor":20,"gold_loss":0},{"damage_healed":0,"gold_gain":0,"player_choice":"Obtained Book","damage_taken":16,"max_hp_gain":0,"max_hp_loss":0,"event_name":"Cursed Tome","floor":21,"gold_loss":0},{"damage_healed":0,"gold_gain":99,"player_choice":"Stole From Cult","damage_taken":0,"max_hp_gain":0,"max_hp_loss":0,"event_name":"Nest","floor":22,"gold_loss":0},{"damage_healed":0,"gold_gain":0,"player_choice":"2 cards matched","damage_taken":0,"max_hp_gain":0,"max_hp_loss":0,"event_name":"Match and Keep!","floor":24,"gold_loss":0,"cards_obtained":["Perfected Strike","Enlightenment"]}],"is_beta":false,"boss_relics":[{"not_picked":["Runic Dome","Astrolabe"],"picked":"Snecko Eye"}],"items_purged_floors":[5,27],"is_endless":false,"potions_floor_spawned":[3,4,16,25,30],"killed_by":"Collector","ascension_level":12}}