{"host":"b995t17pt6d05w8c","time":1609761738,"event":{"mods":["AchievementEnabler","BaseMod","Colored Map","Minty Spire (QoL Compilation)","SuperFastMode"],"gold_per_floor":[110,128,53,66,66,66,82,82,105,124,124,124,140,160,160,259,259,276,276,1,1,12,12,43,43,43,43,43,43,43,43,43,43,43],"floor_reached":33,"playtime":944,"items_purged":["Strike_G"],"score":278,"play_id":"b1e19be3-d6b4-436d-8524-1d0f6660cb17","local_time":"20210104210218","is_ascension_mode":false,"campfire_choices":[{"data":"Neutralize","floor":6.0,"key":"SMITH"},{"data":"Deadly Poison","floor":11.0,"key":"SMITH"},{"data":"Well Laid Plans","floor":15.0,"key":"SMITH"},{"data":"Calculated Gamble","floor":23.0,"key":"SMITH"},{"floor":25.0,"key":"REST"},{"data":"Venomology","floor":27.0,"key":"SMITH"},{"data":"Poisoned Stab","floor":29,"key":"SMITH"},{"data":"Blade Dance","floor":32,"key":"SMITH"}],"circlet_count":0,"master_deck":["Defend_G","Defend_G","Defend_G","Defend_G","Defend_G","Survivor","Neutralize+1","Blade Dance+1","Dagger Throw","Calculated Gamble+1","Deadly Poison+1","Well Laid Plans+1","Poisoned Stab+1","Bite","Bite","Bite","Bite","Bite","Decay","PiercingWail","Venomology+1"],"relics":["Ring of the Snake","Pen Nib","MealTicket","Happy Flower","SacredBark","Membership Card","Mummified Hand","Ancient Tea Set","Pear"],"acts_visited":["Exordium","TheCity"],"potions_floor_usage":[33,33],"damage_taken":[{"damage":2.0,"enemies":"Small Slimes","floor":1.0,"turns":6.0},{"damage":0.0,"enemies":"2 Louse","floor":2.0,"turns":3.0},{"damage":0.0,"enemies":"Cultist","floor":4.0,"turns":3.0},{"damage":1.0,"enemies":"2 Fungi Beasts","floor":7.0,"turns":3.0},{"damage":2.0,"enemies":"3 Louse","floor":10.0,"turns":4.0},{"damage":10.0,"enemies":"Lots of Slimes","floor":13.0,"turns":4.0},{"damage":4.0,"enemies":"Blue Slaver","floor":14.0,"turns":3.0},{"damage":6.0,"enemies":"Hexaghost","floor":16.0,"turns":9.0},{"damage":10.0,"enemies":"Shell Parasite","floor":18.0,"turns":7.0},{"damage":7.0,"enemies":"3 Byrds","floor":22.0,"turns":6.0},{"damage":74.0,"enemies":"Gremlin Leader","floor":24.0,"turns":12.0},{"damage":7,"enemies":"Colosseum Slavers","floor":30,"turns":5},{"damage":77,"enemies":"Automaton","floor":33,"turns":12}],"seed_played":"5754261700075475875","potions_obtained":[{"floor":2.0,"key":"SkillPotion"},{"floor":7.0,"key":"LiquidMemories"},{"floor":10.0,"key":"Dexterity Potion"},{"floor":14.0,"key":"Block Potion"}],"is_trial":false,"path_per_floor":["M","M","$","M","?","R","M","?","T","M","R","?","M","M","R","B",null,"M","?","$","?","M","R","E","R","T","R","?","R","?","$","R","B"],"character_chosen":"THE_SILENT","items_purchased":["Membership Card","Mummified Hand"],"campfire_rested":1,"item_purchase_floors":[20,20],"current_hp_per_floor":[75,75,75,75,80,80,79,54,54,52,52,52,42,38,38,32,82,72,57,57,57,57,57,9,26,36,36,36,36,39,54,54,0,0],"gold":43,"neow_bonus":"TEN_PERCENT_HP_BONUS","is_daily":false,"chose_seed":false,"campfire_upgraded":7,"win_rate":0.0,"timestamp":1609761738,"path_taken":["M","M","$","M","?","R","M","?","T","M","R","?","?","M","R","BOSS","M","?","$","?","?","R","E","R","T","R","?","R","?","?","R","BOSS"],"items_purchased_type":["Relic","Relic"],"build_version":"2020-12-22","purchased_purges":1,"victory":false,"max_hp_per_floor":[77,77,77,77,82,82,82,82,82,82,82,82,82,82,82,82,82,82,57,57,57,57,57,57,57,67,67,67,67,67,67,67,67,67],"card_choices":[{"not_picked":["Skewer","Prepared"],"picked":"Blade Dance","floor":1.0},{"not_picked":["PiercingWail","Deadly Poison"],"picked":"Dagger Throw","floor":2.0},{"not_picked":["Caltrops","Skewer"],"picked":"Calculated Gamble","floor":4.0},{"not_picked":["Dash","Flying Knee"],"picked":"Deadly Poison","floor":7.0},{"not_picked":["PiercingWail","Predator"],"picked":"Well Laid Plans","floor":10.0},{"not_picked":["Prepared","Envenom"],"picked":"Poisoned Stab","floor":13.0},{"not_picked":["Deflect","Dash","Poisoned Stab"],"picked":"SKIP","floor":14.0},{"not_picked":["Poisoned Stab+1","Calculated Gamble","Expertise"],"picked":"SKIP","floor":18.0},{"not_picked":["Skewer+1","Slice+1"],"picked":"PiercingWail","floor":22.0},{"not_picked":["Crippling Poison+1","All Out Attack"],"picked":"Venomology","floor":24.0}],"player_experience":1746,"relics_obtained":[{"floor":9.0,"key":"MealTicket"},{"floor":24.0,"key":"Ancient Tea Set"},{"floor":26.0,"key":"Pear"}],"event_choices":[{"damage_healed":0.0,"max_hp_gain":5.0,"max_hp_loss":0.0,"gold_gain":0.0,"event_name":"Big Fish","player_choice":"Donut","floor":5.0,"gold_loss":0.0,"damage_taken":0.0},{"damage_healed":0.0,"max_hp_gain":0.0,"max_hp_loss":0.0,"gold_gain":0.0,"event_name":"Scrap Ooze","player_choice":"Success","floor":8.0,"gold_loss":0.0,"damage_taken":25.0,"relics_obtained":["Pen Nib"]},{"damage_healed":0.0,"max_hp_gain":0.0,"max_hp_loss":0.0,"gold_gain":0.0,"event_name":"WeMeetAgain","player_choice":"Gave Potion","floor":12.0,"gold_loss":0.0,"damage_taken":0.0,"relics_obtained":["Happy Flower"]},{"damage_healed":0.0,"max_hp_gain":0.0,"max_hp_loss":25.0,"gold_gain":0.0,"event_name":"Vampires","player_choice":"Became a vampire","floor":19.0,"gold_loss":0.0,"damage_taken":0.0,"cards_obtained":["Bite","Bite","Bite","Bite","Bite"]},{"damage_healed":0.0,"max_hp_gain":0.0,"max_hp_loss":0.0,"gold_gain":0.0,"event_name":"Wheel of Change","player_choice":"Cursed","floor":21.0,"gold_loss":0.0,"damage_taken":0.0,"cards_obtained":["Decay"]},{"damage_healed":0,"gold_gain":0,"player_choice":"Ignored","damage_taken":0,"max_hp_gain":0,"max_hp_loss":0,"event_name":"The Mausoleum","floor":28,"gold_loss":0},{"damage_healed":0,"gold_gain":0,"player_choice":"Fight","damage_taken":0,"max_hp_gain":0,"max_hp_loss":0,"event_name":"Colosseum","floor":30,"gold_loss":0},{"damage_healed":0,"gold_gain":0,"player_choice":"Fled From Nobs","damage_taken":0,"max_hp_gain":0,"max_hp_loss":0,"event_name":"Colosseum","floor":30,"gold_loss":0}],"is_beta":false,"boss_relics":[{"not_picked":["Tiny House","Philosopher\u0027s Stone"],"picked":"SacredBark"}],"items_purged_floors":[3],"is_endless":false,"potions_floor_spawned":[2,7,10,14,30],"killed_by":"Automaton","ascension_level":0}}