{"host":"ec09novo68szpe7d","time":1609793559,"event":{"mods":["AchievementEnabler","BaseMod","Bestiary","BetterRewards","Minty Spire (QoL Compilation)","StSLib"],"gold_per_floor":[111,129,79,4,23,23,23,64,64,64,64,64],"floor_reached":11,"playtime":451,"items_purged":["Strike_G"],"score":89,"play_id":"f4aa088f-00e9-48d7-acee-b1bad191fb5d","local_time":"20210104215239","is_ascension_mode":true,"campfire_choices":[{"data":"Acrobatics","floor":6.0,"key":"SMITH"}],"circlet_count":0,"master_deck":["Strike_G","Strike_G","Defend_G","Defend_G","Defend_G","Defend_G","Defend_G","Survivor","Neutralize","Acrobatics+1","Backflip","Acrobatics","Venomology"],"relics":["Snecko Eye","Golden Idol","Du-Vu Doll","InkBottle"],"acts_visited":["Exordium"],"potions_floor_usage":[8,8,11],"damage_taken":[{"damage":0.0,"enemies":"Small Slimes","floor":1.0,"turns":6.0},{"damage":0.0,"enemies":"2 Louse","floor":2.0,"turns":4.0},{"damage":0.0,"enemies":"Cultist","floor":5.0,"turns":4.0},{"damage":52,"enemies":"Gremlin Nob","floor":8,"turns":6},{"damage":5,"enemies":"Lagavulin","floor":11,"turns":4}],"seed_played":"-5799676126851471111","potions_obtained":[{"floor":1.0,"key":"Strength Potion"},{"floor":2.0,"key":"DuplicationPotion"}],"is_trial":false,"path_per_floor":["M","M","?","$","M","R","?","E","T","?","E"],"character_chosen":"THE_SILENT","items_purchased":[],"campfire_rested":0,"item_purchase_floors":[],"current_hp_per_floor":[70,70,70,70,70,70,53,1,1,1,0,0],"gold":64,"neow_bonus":"BOSS_RELIC","is_daily":false,"chose_seed":false,"campfire_upgraded":1,"win_rate":0.0,"timestamp":1609793559,"path_taken":["M","M","?","$","M","R","?","E","T","?","E"],"items_purchased_type":[],"build_version":"2020-12-22","purchased_purges":1,"victory":false,"max_hp_per_floor":[70,70,70,70,70,70,70,70,70,70,70,70],"card_choices":[{"not_picked":["Setup","Heel Hook","Deflect"],"picked":"SKIP","floor":1.0},{"not_picked":["Bane","Slice"],"picked":"Acrobatics","floor":2.0},{"not_picked":["Infinite Blades","Masterful Stab"],"picked":"Backflip","floor":5.0},{"not_picked":["Poisoned Stab","Prepared"],"picked":"Acrobatics","floor":8}],"player_experience":254413,"relics_obtained":[{"floor":8,"key":"Du-Vu Doll"},{"floor":9,"key":"InkBottle"}],"event_choices":[{"cards_removed":["Strike_G"],"damage_healed":0.0,"max_hp_gain":0.0,"max_hp_loss":0.0,"gold_gain":0.0,"event_name":"The Cleric","player_choice":"Card Removal","floor":3.0,"gold_loss":50.0,"damage_taken":0.0},{"damage_healed":0.0,"max_hp_gain":0.0,"max_hp_loss":0.0,"gold_gain":0.0,"event_name":"Golden Idol","player_choice":"Take Damage","floor":7.0,"gold_loss":0.0,"damage_taken":17.0,"relics_obtained":["Golden Idol"]},{"damage_healed":0,"gold_gain":0,"cards_transformed":["Strike_G"],"player_choice":"Change","damage_taken":0,"max_hp_gain":0,"max_hp_loss":0,"event_name":"Living Wall","floor":10,"gold_loss":0,"cards_obtained":["Venomology"]}],"is_beta":false,"boss_relics":[],"items_purged_floors":[4],"is_endless":false,"potions_floor_spawned":[1,2],"killed_by":"Lagavulin","ascension_level":5}}