{"host":"w9yruvs4bqht6bhw","time":1609722959,"event":{"mods":["BaseMod","Colored Powertips","Minty Spire (QoL Compilation)"],"gold_per_floor":[117,192,202,202,27,27,27,37,37,54,54,74,87,102,102,221,221,244,244,268,70,70,70,105,105,105,105,105],"floor_reached":27,"playtime":1203,"items_purged":["Defend_P","Eruption"],"score":271,"play_id":"3fc5c581-d0dd-4306-9a65-28e6827f87cd","local_time":"20210103201559","is_ascension_mode":true,"campfire_choices":[{"data":"Prostrate","floor":7,"key":"SMITH"},{"floor":15,"key":"REST"},{"data":"Vault","floor":23,"key":"SMITH"}],"circlet_count":0,"master_deck":["Strike_P","Strike_P","Strike_P","Strike_P","Defend_P","Defend_P","Defend_P","Vigilance","Prostrate+1","Pray","JustLucky","Prostrate","ThirdEye","Consecrate","Evaluate","FlyingSleeves","ThirdEye","Vault+1","Fasting2+1","Establishment+1"],"relics":["PureWater","Tiny Chest","Golden Idol","Busted Crown","Bag of Preparation","Nunchaku","Bronze Scales","Shuriken"],"acts_visited":["Exordium","TheCity"],"potions_floor_usage":[10,10,16,16],"damage_taken":[{"damage":1,"enemies":"Jaw Worm","floor":1,"turns":9},{"damage":9,"enemies":"Small Slimes","floor":3,"turns":6},{"damage":0,"enemies":"2 Louse","floor":8,"turns":3},{"damage":11,"enemies":"Large Slime","floor":10,"turns":10},{"damage":12,"enemies":"Blue Slaver","floor":12,"turns":5},{"damage":5,"enemies":"Red Slaver","floor":13,"turns":4},{"damage":0,"enemies":"Exordium Wildlife","floor":14,"turns":5},{"damage":23,"enemies":"The Guardian","floor":16,"turns":12},{"damage":16,"enemies":"Spheric Guardian","floor":18,"turns":7},{"damage":0,"enemies":"Gremlin Leader","floor":24,"turns":8},{"damage":55,"enemies":"Slavers","floor":27,"turns":6}],"seed_played":"3591535115182693389","potions_obtained":[{"floor":3,"key":"PowerPotion"},{"floor":13,"key":"FearPotion"},{"floor":14,"key":"AttackPotion"},{"floor":24,"key":"FearPotion"}],"is_trial":false,"path_per_floor":["M","?","M","?","$","?","R","M","T","M","?","M","M","M","R","B",null,"M","?","T","$","T","R","E","?","T","E"],"character_chosen":"WATCHER","items_purchased":["Prostrate","Fire Potion","CultistPotion"],"campfire_rested":1,"item_purchase_floors":[5,5,21],"current_hp_per_floor":[71,60,51,26,26,50,50,50,50,39,39,27,22,22,42,19,67,51,51,51,51,51,51,51,51,51,0,0],"gold":105,"neow_bonus":"THREE_CARDS","is_daily":false,"chose_seed":false,"campfire_upgraded":2,"win_rate":0.0,"timestamp":1609722959,"path_taken":["M","?","M","?","$","?","R","M","T","M","?","M","M","M","R","BOSS","M","?","?","$","?","R","E","?","T","E"],"items_purchased_type":["Card","Potion","Potion"],"build_version":"2020-12-22","purchased_purges":2,"victory":false,"max_hp_per_floor":[72,72,72,72,72,72,72,72,72,72,67,67,67,67,67,67,67,67,67,67,67,67,67,67,67,67,67,67],"card_choices":[{"not_picked":["Tantrum","JustLucky"],"picked":"Prostrate","floor":0},{"not_picked":["ThirdEye","FlyingSleeves"],"picked":"Pray","floor":1},{"not_picked":["Indignation","Collect"],"picked":"JustLucky","floor":3},{"not_picked":["Protect","FlurryOfBlows"],"picked":"ThirdEye","floor":8},{"not_picked":["ClearTheMind","Protect"],"picked":"Consecrate","floor":10},{"not_picked":["EmptyBody","Establishment"],"picked":"Evaluate","floor":12},{"not_picked":["FlurryOfBlows","Swivel"],"picked":"FlyingSleeves","floor":13},{"not_picked":["JustLucky","SignatureMove"],"picked":"ThirdEye","floor":14},{"not_picked":["Omniscience","Devotion"],"picked":"Vault","floor":16},{"not_picked":[],"picked":"Fasting2+1","floor":18},{"not_picked":["BowlingBash"],"picked":"SKIP","floor":24}],"player_experience":311618,"relics_obtained":[{"floor":20,"key":"Bag of Preparation"},{"floor":22,"key":"Nunchaku"},{"floor":24,"key":"Bronze Scales"},{"floor":26,"key":"Shuriken"}],"event_choices":[{"damage_healed":0,"gold_gain":75,"player_choice":"Gather Gold","damage_taken":11,"max_hp_gain":0,"max_hp_loss":0,"event_name":"World of Goop","floor":2,"gold_loss":0},{"damage_healed":0,"gold_gain":0,"player_choice":"Success","damage_taken":25,"relics_obtained":["Tiny Chest"],"max_hp_gain":0,"max_hp_loss":0,"event_name":"Scrap Ooze","floor":4,"gold_loss":0},{"damage_healed":24,"gold_gain":0,"player_choice":"Banana","damage_taken":0,"max_hp_gain":0,"max_hp_loss":0,"event_name":"Big Fish","floor":6,"gold_loss":0},{"damage_healed":0,"gold_gain":0,"player_choice":"Lose Max HP","damage_taken":0,"relics_obtained":["Golden Idol"],"max_hp_gain":0,"max_hp_loss":5,"event_name":"Golden Idol","floor":11,"gold_loss":0},{"damage_healed":0,"gold_gain":0,"player_choice":"1 cards matched","damage_taken":0,"max_hp_gain":0,"max_hp_loss":0,"event_name":"Match and Keep!","floor":19,"gold_loss":0,"cards_obtained":["Establishment"]},{"damage_healed":0,"gold_gain":0,"player_choice":"Forge","damage_taken":0,"max_hp_gain":0,"max_hp_loss":0,"event_name":"Accursed Blacksmith","floor":25,"gold_loss":0,"cards_upgraded":["Establishment"]}],"is_beta":false,"boss_relics":[{"not_picked":["Runic Dome","Cursed Key"],"picked":"Busted Crown"}],"items_purged_floors":[5,21],"is_endless":false,"potions_floor_spawned":[3,13,14,24],"killed_by":"Slavers","ascension_level":2}}