{"host":"j4g6ia6asvpyu2b0","time":1609783088,"event":{"mods":["BaseMod","Colored Map","Minty Spire (QoL Compilation)","Permanent Neow","Quick Restart","Relic Stats","StSLib","Unceasing Turn Reminder"],"gold_per_floor":[114,124,299,299,319,319,319,319],"floor_reached":7,"playtime":171,"items_purged":[],"score":53,"play_id":"6084b841-2722-4063-8784-96a72b331cfb","local_time":"20210104105808","is_ascension_mode":true,"campfire_choices":[{"data":"Spot Weakness","floor":6,"key":"SMITH"}],"circlet_count":0,"master_deck":["Strike_R","Strike_R","Strike_R","Strike_R","Strike_R","Defend_R","Defend_R","Defend_R","Defend_R","Bash","Anger","Shockwave","Doubt","Spot Weakness+1"],"relics":["Philosopher\u0027s Stone","The Courier"],"acts_visited":["Exordium"],"potions_floor_usage":[],"damage_taken":[{"damage":3,"enemies":"Jaw Worm","floor":1,"turns":3},{"damage":12,"enemies":"Small Slimes","floor":2,"turns":3},{"damage":0,"enemies":"Cultist","floor":5,"turns":2},{"damage":38,"enemies":"Lagavulin","floor":7,"turns":7}],"seed_played":"2610298166148497089","potions_obtained":[],"is_trial":false,"path_per_floor":["M","M","?","?","M","R","E"],"character_chosen":"IRONCLAD","items_purchased":[],"campfire_rested":0,"item_purchase_floors":[],"current_hp_per_floor":[69,57,57,32,32,32,0,0],"gold":319,"neow_bonus":"BOSS_RELIC","is_daily":false,"chose_seed":false,"campfire_upgraded":1,"win_rate":0.0,"timestamp":1609783088,"path_taken":["M","M","?","?","M","R","E"],"items_purchased_type":[],"build_version":"2020-12-22","purchased_purges":0,"victory":false,"max_hp_per_floor":[80,80,80,80,80,80,80,80],"relic_stats":{"counters":[4,15],"obtain_stats":[{"Philosopher\u0027s Stone":0,"The Courier":4,"Burning Blood":0},{"Philosopher\u0027s Stone":0,"The Courier":2,"Burning Blood":0},{"Philosopher\u0027s Stone":0,"The Courier":6,"Burning Blood":0}]},"card_choices":[{"not_picked":["Havoc","Clash"],"picked":"Anger","floor":1},{"not_picked":["Iron Wave","Headbutt"],"picked":"Shockwave","floor":2},{"not_picked":["Anger","True Grit"],"picked":"Spot Weakness","floor":5}],"player_experience":702647,"relics_obtained":[],"event_choices":[{"damage_healed":0,"gold_gain":175,"player_choice":"AGREE","damage_taken":0,"max_hp_gain":0,"max_hp_loss":0,"event_name":"Liars Game","floor":3,"gold_loss":0,"cards_obtained":["Doubt"]},{"damage_healed":0,"gold_gain":0,"player_choice":"Success","damage_taken":25,"relics_obtained":["The Courier"],"max_hp_gain":0,"max_hp_loss":0,"event_name":"Scrap Ooze","floor":4,"gold_loss":0}],"is_beta":false,"boss_relics":[],"items_purged_floors":[],"is_endless":false,"potions_floor_spawned":[],"killed_by":"Lagavulin","ascension_level":6}}