{"host":"lvhfn8l5bvc4nolx","time":1609759906,"event":{"mods":["AchievementEnabler","BaseMod","Colored Map","Keyboard Shortcuts","Minty Spire (QoL Compilation)","Permanent Neow","Quick Restart","SuperFastMode"],"gold_per_floor":[111,123,139,53,70,95,106,16,43,54,54,54,84,84,84,84,84],"floor_reached":16,"playtime":405,"items_purged":[],"score":129,"play_id":"20f8e462-0116-4499-8b0f-f09d778c3da3","local_time":"20210104203146","is_ascension_mode":true,"campfire_choices":[{"data":"Blade Dance","floor":11.0,"key":"SMITH"},{"floor":15,"key":"REST"}],"circlet_count":0,"master_deck":["Strike_G","Strike_G","Strike_G","Defend_G","Defend_G","Defend_G","Defend_G","Defend_G","Survivor","Neutralize","Sucker Punch","Heel Hook","Dodge and Roll","Blade Dance+1","Escape Plan","Blade Dance","Calculated Gamble","Blade Dance","Masterful Stab","Cloak And Dagger","PiercingWail","Wraith Form v2"],"relics":["Ring of the Snake","Pear","Bronze Scales","Vajra","Akabeko"],"acts_visited":["Exordium"],"potions_floor_usage":[13,13],"damage_taken":[{"damage":1.0,"enemies":"2 Louse","floor":1.0,"turns":5.0},{"damage":2.0,"enemies":"Cultist","floor":2.0,"turns":4.0},{"damage":0.0,"enemies":"Small Slimes","floor":3.0,"turns":3.0},{"damage":3.0,"enemies":"Exordium Wildlife","floor":5.0,"turns":4.0},{"damage":25.0,"enemies":"Gremlin Nob","floor":6.0,"turns":4.0},{"damage":3.0,"enemies":"Looter","floor":7.0,"turns":3.0},{"damage":3.0,"enemies":"3 Louse","floor":10.0,"turns":2.0},{"damage":11,"enemies":"Lagavulin","floor":13,"turns":3},{"damage":23,"enemies":"Slime Boss","floor":16,"turns":8}],"seed_played":"870592562606007164","potions_obtained":[{"floor":2.0,"key":"CunningPotion"},{"floor":6.0,"key":"SkillPotion"},{"floor":10.0,"key":"DistilledChaos"}],"is_trial":false,"path_per_floor":["M","M","M","$","M","E","M","$","T","M","R","?","E","?","R","B"],"character_chosen":"THE_SILENT","items_purchased":["Blade Dance","Footwork","Masterful Stab","Cloak And Dagger"],"campfire_rested":1,"item_purchase_floors":[4,4,8,8],"current_hp_per_floor":[48,46,46,46,43,28,25,25,25,22,22,22,11,11,35,12,12],"gold":84,"neow_bonus":"TRANSFORM_TWO_CARDS","is_daily":false,"chose_seed":false,"campfire_upgraded":1,"win_rate":0.0,"timestamp":1609759906,"path_taken":["M","M","M","$","M","E","M","$","T","M","R","?","E","?","R","BOSS"],"items_purchased_type":["Card","Card","Card","Card"],"build_version":"2020-12-22","purchased_purges":0,"victory":false,"max_hp_per_floor":[70,70,70,70,70,80,80,80,80,80,80,80,80,80,80,80,80],"card_choices":[{"not_picked":["Deadly Poison","Bane"],"picked":"Dodge and Roll","floor":1.0},{"not_picked":["Footwork","Deadly Poison"],"picked":"Blade Dance","floor":2.0},{"not_picked":["Tools of the Trade","Leg Sweep"],"picked":"Escape Plan","floor":3.0},{"not_picked":["Underhanded Strike","Outmaneuver"],"picked":"Calculated Gamble","floor":5.0},{"not_picked":["Caltrops","Bullet Time","Storm of Steel"],"picked":"SKIP","floor":6.0},{"not_picked":["Slice","Deadly Poison"],"picked":"Blade Dance","floor":7.0},{"not_picked":["Masterful Stab","Dagger Throw"],"picked":"PiercingWail","floor":10.0},{"not_picked":["Quick Slash","Bane"],"picked":"Wraith Form v2","floor":13}],"player_experience":373825,"relics_obtained":[{"floor":6.0,"key":"Pear"},{"floor":9.0,"key":"Bronze Scales"},{"floor":13,"key":"Vajra"}],"event_choices":[{"damage_healed":0.0,"max_hp_gain":0.0,"max_hp_loss":0.0,"gold_gain":0.0,"event_name":"Liars Game","player_choice":"Ignored","floor":12.0,"gold_loss":0.0,"damage_taken":0.0},{"cards_removed":["Footwork"],"damage_healed":0,"gold_gain":0,"player_choice":"Gave Card","damage_taken":0,"relics_obtained":["Akabeko"],"max_hp_gain":0,"max_hp_loss":0,"event_name":"WeMeetAgain","floor":14,"gold_loss":0}],"is_beta":false,"boss_relics":[],"items_purged_floors":[],"is_endless":false,"potions_floor_spawned":[2,6,10],"killed_by":"Slime Boss","ascension_level":3}}