{"host":"hfvpa4llnnjpeawn","time":1609795158,"event":{"mods":["2.2 Compatiblity","AchievementEnabler","Act Like it!","Aspiration","Bard","BaseMod","Beaked The Cultist","Better Sensory Stone","Better Skull","Better Third Choice","BetterRewards","CapriCore","Conspire","Downfall","Elementarium","Energized Spire","Hubris","Infinite Spire","Jorbs\u0027s Wanderer Trilogy","Minty Spire (QoL Compilation)","Replay The Spire","Shade Mod","Spicy Shops","StSLib","The Bladedancer","The Factory","The Gatherer","The Jungle","Waifu the Spire","Wandering Minibosses"],"gold_per_floor":[110,121,121,136,152,181,193,209,209,209,209,236,236,236,236,309,309,320,279,9,20,20,20,20,20,20,51,51,77,83,83],"floor_reached":30,"playtime":1105,"items_purged":["hubris:Fate+1"],"score":831,"play_id":"2d4ae2d7-ce3a-4735-a748-4e486b5fd444","local_time":"20210104161918","is_ascension_mode":true,"campfire_choices":[{"data":"Rupture","floor":11,"key":"SMITH"},{"data":"Flame Barrier","floor":13,"key":"SMITH"},{"floor":15,"key":"REST"},{"floor":23,"key":"REST"},{"data":"hubris:InfiniteBlow+4","floor":25,"key":"SMITH"},{"floor":28,"key":"REST"}],"circlet_count":0,"master_deck":["AscendersBane","hubris:Fate+1","Defend_R","Defend_R","Defend_R","Bash+1","Ghostly Armor","Ghostly Armor","Hemokinesis+1","Flame Barrier+1","Rupture+1","Eclipse","Decay","Slimebound:CorrosiveSpit","Exhume","Panacea","infinitespire:Menacing","Twin Strike+1","Bite","Bite","Bite","Bite","Bite","hubris:InfiniteBlow+5"],"relics":["Burning Blood","conspire:TreasureMap","hubris:AstralHammer","Simple Rune","Gremlin Horn","ReplayTheSpireMod:SealedPack","infinitespire:Broken Mirror","Darkstone Periapt","ReplayTheSpireMod:Spearhead","infinitespire:Midas Blood"],"acts_visited":["Exordium","TheCity"],"potions_floor_usage":[6,12,12,27],"damage_taken":[{"damage":0,"enemies":"2 Louse","floor":1,"turns":2},{"damage":4,"enemies":"Jaw Worm","floor":2,"turns":3},{"damage":0,"enemies":"Small Slimes","floor":4,"turns":3},{"damage":11,"enemies":"2 Fungi Beasts","floor":5,"turns":3},{"damage":2,"enemies":"3 Sentries","floor":6,"turns":3},{"damage":0,"enemies":"Blue Slaver","floor":7,"turns":2},{"damage":7,"enemies":"Exordium Thugs","floor":8,"turns":2},{"damage":25,"enemies":"Lagavulin","floor":12,"turns":4},{"damage":77,"enemies":"Fading Forest","floor":16,"turns":13},{"damage":16,"enemies":"Shell Parasite","floor":18,"turns":4},{"damage":34,"enemies":"2 Thieves","floor":19,"turns":4},{"damage":0,"enemies":"3 Cultists","floor":21,"turns":1},{"damage":51,"enemies":"Replay:Snechameleon","floor":27,"turns":6},{"damage":6,"enemies":"Book of Stabbing","floor":29,"turns":2},{"damage":33,"enemies":"Centurion and Healer","floor":30,"turns":2}],"seed_played":"6632541843865982123","potions_obtained":[{"floor":4,"key":"ElixirPotion"},{"floor":5,"key":"sneckomod:MuddlingPotion"},{"floor":6,"key":"PowerPotion"},{"floor":7,"key":"SteroidPotion"},{"floor":21,"key":"hexamod:EctoCoolerPotion"},{"floor":27,"key":"SneckoOil"},{"floor":29,"key":"conspire:TimeTravelPotion"}],"is_trial":false,"path_per_floor":["M","M","?","M","M","E","M","M","T","?","R","E","R","?","R","B",null,"M","M","$","M","?","R","AVR","R","T","E","R","E","M"],"character_chosen":"IRONCLAD","items_purchased":["conspire:TreasureMap","Ghostly Armor","infinitespire:Broken Mirror"],"campfire_rested":3,"item_purchase_floors":[0,0,20],"current_hp_per_floor":[60,62,62,68,63,67,73,72,72,77,77,58,58,58,80,17,64,54,26,26,32,32,48,48,48,48,9,25,27,0,0],"gold":83,"neow_bonus":"","is_daily":false,"chose_seed":false,"campfire_upgraded":3,"win_rate":0.0,"timestamp":1609795158,"path_taken":["M","M","?","M","M","E","M","M","T","?","R","E","R","?","R","BOSS","M","M","$","M","?","R","AVR","R","T","E","R","E","M"],"items_purchased_type":["Relic","Card","Relic"],"build_version":"2020-12-22","purchased_purges":1,"victory":false,"max_hp_per_floor":[75,75,75,75,75,75,75,75,75,80,80,80,80,80,80,80,80,80,80,80,80,56,56,56,56,56,56,56,56,56,56],"card_choices":[{"not_picked":["ReplayTheSpireMod:Stacked","Armaments","Life Link"],"picked":"SKIP","floor":1},{"not_picked":["Anger","Dual Wield","Flex"],"picked":"SKIP","floor":2},{"not_picked":["Inflame","Abandon"],"picked":"Hemokinesis","floor":4},{"not_picked":["Wild Strike","hubris:ReadiedAction"],"picked":"Flame Barrier","floor":5},{"not_picked":["Clothesline","Flex","Life Link"],"picked":"SKIP","floor":6},{"not_picked":["Pommel Strike","Body Slam"],"picked":"Rupture","floor":7},{"not_picked":["Clothesline","True Grit","Sentinel"],"picked":"SKIP","floor":8},{"not_picked":["Sever Soul","Body Slam","Anger"],"picked":"SKIP","floor":12},{"not_picked":["Double Tap","conspire:HitWhereItHurts"],"picked":"Eclipse","floor":16},{"not_picked":["bard:Inspire","Neutralize"],"picked":"Slimebound:CorrosiveSpit","floor":17},{"not_picked":["Limit Break","Hemogenesis"],"picked":"Exhume","floor":17},{"not_picked":["Specialist","expansioncontent:DecasProtection"],"picked":"Panacea","floor":17},{"not_picked":["hubris:Rewind","infinitespire:Execution"],"picked":"infinitespire:Menacing","floor":17},{"not_picked":["True Grit","Havoc"],"picked":"Twin Strike+1","floor":18},{"not_picked":["Clash","conspire:Charge","Clothesline"],"picked":"SKIP","floor":19},{"not_picked":["Clash","Shockwave","Replay:Undeath\u0027s Touch"],"picked":"SKIP","floor":21},{"not_picked":["Eclipse","Iron Wave","Flex+1"],"picked":"SKIP","floor":27},{"not_picked":["hubris:CleavingFinish","Heavy Blade","ReplayTheSpireMod:Stacked"],"picked":"SKIP","floor":29}],"player_experience":383865,"relics_obtained":[{"floor":3,"key":"MealTicket"},{"floor":6,"key":"hubris:AstralHammer"},{"floor":9,"key":"Simple Rune"},{"floor":12,"key":"Gremlin Horn"},{"floor":26,"key":"Darkstone Periapt"},{"floor":27,"key":"ReplayTheSpireMod:Spearhead"},{"floor":29,"key":"infinitespire:Midas Blood"}],"event_choices":[{"damage_healed":0,"gold_gain":0,"player_choice":"Donut","damage_taken":0,"max_hp_gain":5,"max_hp_loss":0,"event_name":"Big Fish","floor":10,"gold_loss":0},{"damage_healed":0,"gold_gain":0,"player_choice":"Became a vampire","damage_taken":0,"max_hp_gain":0,"max_hp_loss":24,"event_name":"Vampires","floor":22,"gold_loss":0,"cards_obtained":["Bite","Bite","Bite","Bite","Bite"]}],"is_beta":false,"boss_relics":[{"not_picked":["hubris:HollowSoul","hubris:Stopwatch"],"picked":"ReplayTheSpireMod:SealedPack"}],"items_purged_floors":[0],"is_endless":false,"potions_floor_spawned":[4,5,6,7,21,27,29],"killed_by":"Centurion and Healer","ascension_level":20}}