{"host":"tsmyusoyd9msvbjb","time":1609746608,"event":{"mods":["2.2 Compatiblity","Astrologer","BaseMod","BetterRewards","CapriCore","DeckTracker","Downfall","Friendly Minions","Hermit","Infinite Spire","Koishi","Lobotomy","LobotomyExtend","Minty Spire (QoL Compilation)","Replay The Spire","Shade Mod","StSLib","The Administrix","The Alterego","The Animator","The Bug Knight","The Cursed","The Fake Hero","The Immortal","The Mystic","The Poker Player","The Servant 0.9.4","The Wild Card","Trackpad","Waifu the Spire","Yohane!"],"gold_per_floor":[114,114,131,148,168,200,200,211,211,211,211,243,258,268,268,370,370,384,369,369,394,394,419,169,201,201,201,217,217,280,55,55,226,226,252,252,267,297,330,330,330],"floor_reached":40,"playtime":3372,"items_purged":["hermit:Defend_Hermit","hermit:Strike_Hermit"],"score":492,"play_id":"2b8e3d5b-0d98-44cd-bb8a-5290f333329d","local_time":"20210104015008","is_ascension_mode":false,"campfire_choices":[{"data":"hermit:Manifest","floor":7,"key":"SMITH"},{"data":"hermit:WideOpen","floor":11,"key":"SMITH"},{"data":"hermit:BigShot","floor":15,"key":"SMITH"},{"data":"hermit:CalledShot","floor":27,"key":"SMITH"},{"data":"hermit:Magnum","floor":29,"key":"SMITH"},{"floor":32,"key":"REST"}],"circlet_count":0,"master_deck":["hermit:Strike_Hermit","hermit:Defend_Hermit","hermit:Defend_Hermit","hermit:Defend_Hermit","hermit:Snapshot","hermit:Covet","hermit:BigShot+1","hermit:LowProfile","hermit:SprayPray","hermit:Manifest+1","hermit:WideOpen+1","hermit:Vantage","hermit:Spite+1","hermit:ShadowCloak","hermit:Headshot","hermit:Roulette","hermit:DeadOrAlive+1","hermit:ItchyTrigger+1","hermit:Coalescence+1","hermit:EyeOfTheStorm","hermit:Magnum+1","GremboGang","hermit:CalledShot+1","hermit:Dive+1","hermit:Snipe+1","hermit:BlackWind","hermit:FlashPowder+1","Survey Options","hermit:TakeAim","hermit:Snipe+1","hermit:Glare+1"],"relics":["Burning Blood","infinitespire:Cubic Diamond","Ornamental Fan","Unceasing Top","Replay:Ringing Soul","Sozu","Singing Bowl","Omamori","infinitespire:WardingShard","FossilizedHelix","Guide Book","trackpad:Coffee"],"acts_visited":["Exordium","TheCity","TheBeyond"],"potions_floor_usage":[6],"damage_taken":[{"damage":6,"enemies":"Jaw Worm","floor":1,"turns":3},{"damage":0,"enemies":"Small Slimes","floor":3,"turns":3},{"damage":0,"enemies":"2 Louse","floor":4,"turns":2},{"damage":15,"enemies":"Exordium Wildlife","floor":5,"turns":5},{"damage":31,"enemies":"Lagavulin","floor":6,"turns":10},{"damage":11,"enemies":"Lots of Slimes","floor":8,"turns":4},{"damage":13,"enemies":"Gremlin Nob","floor":12,"turns":5},{"damage":4,"enemies":"3 Louse","floor":13,"turns":3},{"damage":3,"enemies":"Looter","floor":14,"turns":3},{"damage":34,"enemies":"Fading Forest","floor":16,"turns":11},{"damage":1,"enemies":"Shell Parasite","floor":18,"turns":5},{"damage":12,"enemies":"2 Thieves","floor":19,"turns":4},{"damage":18,"enemies":"Centurion and Healer","floor":21,"turns":5},{"damage":39,"enemies":"Nightmare","floor":23,"turns":8},{"damage":8,"enemies":"Snake Plant","floor":25,"turns":5},{"damage":14,"enemies":"Cultist and Chosen","floor":28,"turns":6},{"damage":52,"enemies":"Slavers","floor":30,"turns":6},{"damage":15,"enemies":"Champ","floor":33,"turns":13},{"damage":0,"enemies":"3 Shapes","floor":35,"turns":3},{"damage":16,"enemies":"3 Darklings","floor":37,"turns":6},{"damage":21,"enemies":"Writhing Mass","floor":38,"turns":7},{"damage":12,"enemies":"Jaw Worm Horde","floor":39,"turns":6},{"damage":97,"enemies":"Nightmare","floor":40,"turns":9}],"seed_played":"8899610951488378883","potions_obtained":[{"floor":3,"key":"hexamod:EctoCoolerPotion"},{"floor":13,"key":"Energy Potion"},{"floor":14,"key":"SteroidPotion"},{"floor":16,"key":"Adrenaline Potion"}],"is_trial":false,"path_per_floor":["M","?","M","M","M","E","R","M","T","?","R","E","M","M","R","B",null,"M","M","AVR","M","?","NM","?","M","T","R","M","R","E","$","R","B",null,"M","?","M","M","M","NM"],"character_chosen":"HERMIT","items_purchased":["Guide Book"],"campfire_rested":1,"item_purchase_floors":[31],"current_hp_per_floor":[69,69,75,75,66,47,47,42,42,42,42,38,43,49,49,34,87,90,87,87,78,86,56,59,60,60,60,55,55,12,12,45,39,114,117,120,113,101,97,0,0],"gold":330,"neow_bonus":"RANDOM_EVENT","is_daily":false,"chose_seed":false,"campfire_upgraded":5,"win_rate":0.0,"timestamp":1609746608,"path_taken":["M","?","M","M","M","E","R","M","T","?","R","E","?","M","R","BOSS","M","M","AVR","M","?","NM","?","M","T","R","M","R","E","?","R","BOSS","M","?","M","M","?","NM"],"items_purchased_type":["Relic"],"build_version":"2020-12-22","purchased_purges":2,"victory":false,"max_hp_per_floor":[75,75,75,75,75,75,75,75,75,75,75,78,81,84,84,87,87,90,93,93,96,96,99,102,105,105,105,108,108,111,111,111,114,114,117,120,123,126,128,128,128],"card_choices":[{"not_picked":["hermit:Desperado","hermit:BodyArmor"],"picked":"hermit:LowProfile","floor":1},{"not_picked":["hermit:Desperado","hermit:HighCaliber"],"picked":"hermit:SprayPray","floor":3},{"not_picked":["hermit:HighCaliber","hermit:Glare"],"picked":"hermit:Manifest","floor":4},{"not_picked":["hermit:Grudge","hermit:HoleUp"],"picked":"hermit:WideOpen","floor":5},{"not_picked":["hermit:BodyArmor","hermit:EyeOfTheStorm"],"picked":"hermit:Vantage","floor":6},{"not_picked":["hermit:Ricochet","hermit:PistolWhip"],"picked":"hermit:Spite","floor":8},{"not_picked":["hermit:BlackWind","hermit:Maintenance"],"picked":"hermit:ShadowCloak","floor":12},{"not_picked":["hermit:Quickdraw","hermit:Feint"],"picked":"hermit:Headshot","floor":13},{"not_picked":["hermit:Feint","hermit:BodyArmor"],"picked":"hermit:Roulette","floor":14},{"not_picked":["hermit:EternalForm","hermit:BlackWind"],"picked":"hermit:DeadOrAlive","floor":16},{"not_picked":["hermit:TakeCover+1","hermit:Spite"],"picked":"hermit:ItchyTrigger+1","floor":18},{"not_picked":["hermit:NoHoldsBarred","hermit:Manifest"],"picked":"hermit:Coalescence+1","floor":19},{"not_picked":["hermit:ItchyTrigger+1","hermit:CursedWeapon"],"picked":"hermit:EyeOfTheStorm","floor":21},{"not_picked":["hermit:Virtue","hermit:Snipe"],"picked":"hermit:Magnum","floor":23},{"not_picked":["hermit:HoleUp","hermit:Vantage"],"picked":"hermit:CalledShot","floor":25},{"not_picked":["hermit:Scavenge","hermit:TrackingShot"],"picked":"hermit:Dive+1","floor":28},{"not_picked":["hermit:Headshot","hermit:Vantage+1"],"picked":"hermit:Snipe+1","floor":30},{"not_picked":["hermit:Purgatory","hermit:Roughhouse"],"picked":"hermit:BlackWind","floor":33},{"not_picked":["hermit:Ricochet+1","hermit:Headshot+1"],"picked":"hermit:FlashPowder+1","floor":35},{"not_picked":["hermit:HoleUp+1","hermit:GoldenBullet"],"picked":"hermit:Snipe+1","floor":37},{"not_picked":["hermit:WideOpen","hermit:Vantage"],"picked":"hermit:Glare+1","floor":38},{"not_picked":["hermit:Grudge","hermit:ShadowCloak","hermit:TrackingShot+1"],"picked":"Singing Bowl","floor":39}],"player_experience":422815,"relics_obtained":[{"floor":6,"key":"Ornamental Fan"},{"floor":9,"key":"Unceasing Top"},{"floor":12,"key":"Replay:Ringing Soul"},{"floor":23,"key":"Omamori"},{"floor":26,"key":"infinitespire:WardingShard"},{"floor":30,"key":"FossilizedHelix"}],"event_choices":[{"damage_healed":0,"gold_gain":0,"cards_transformed":["hermit:Strike_Hermit"],"player_choice":"Change","damage_taken":0,"max_hp_gain":0,"max_hp_loss":0,"event_name":"Living Wall","floor":0,"gold_loss":0,"cards_obtained":["hermit:BigShot"]},{"damage_healed":0,"gold_gain":0,"player_choice":"2 cards matched","damage_taken":0,"max_hp_gain":0,"max_hp_loss":0,"event_name":"Match and Keep!","floor":36,"gold_loss":0,"cards_obtained":["Survey Options","hermit:TakeAim"]}],"is_beta":false,"boss_relics":[{"not_picked":["ChewingGum","Fusion Hammer"],"picked":"Sozu"},{"not_picked":["Honey Jar","Replay:Drink Me"],"picked":"trackpad:Coffee"}],"items_purged_floors":[20,31],"is_endless":true,"potions_floor_spawned":[3,13,14,16,21,25,37,38,39],"killed_by":"Nightmare","ascension_level":0}}