{"host":"z39atn33tyek63fd","time":1609797737,"event":{"mods":["BaseMod","Minty Spire (QoL Compilation)","everything is the same but u backflip on backflip"],"gold_per_floor":[118,118,131,111,126,126,157,157,211,236,279,299,104,184,184,313,313,313,313],"floor_reached":18,"playtime":822,"items_purged":["Strike_R"],"score":264,"play_id":"72998433-60ca-413b-98f0-7f052db63ec6","local_time":"20210104160217","is_ascension_mode":true,"campfire_choices":[{"data":"Sword Boomerang","floor":6,"key":"SMITH"},{"data":"Rampage","floor":8,"key":"SMITH"},{"floor":15,"key":"REST"}],"circlet_count":0,"master_deck":["AscendersBane","Strike_R","Defend_R","Defend_R","Defend_R","Defend_R","Bash","True Grit","Sword Boomerang+1","Rampage+1","Flex","Thunderclap","Intimidate","Shockwave","Reaper"],"relics":["Burning Blood","Golden Idol","Omamori","Potion Belt","MealTicket","Darkstone Periapt","Empty Cage"],"acts_visited":["Exordium","TheCity"],"potions_floor_usage":[11,16,16],"damage_taken":[{"damage":10,"enemies":"Small Slimes","floor":1,"turns":5},{"damage":6,"enemies":"2 Louse","floor":3,"turns":3},{"damage":1,"enemies":"Cultist","floor":5,"turns":4},{"damage":29,"enemies":"Gremlin Nob","floor":7,"turns":4},{"damage":21,"enemies":"Lots of Slimes","floor":10,"turns":5},{"damage":25,"enemies":"Lagavulin","floor":11,"turns":6},{"damage":10,"enemies":"Red Slaver","floor":12,"turns":3},{"damage":42,"enemies":"Hexaghost","floor":16,"turns":11},{"damage":63,"enemies":"Spheric Guardian","floor":18,"turns":7}],"seed_played":"-1724819058950893925","potions_obtained":[{"floor":1,"key":"FearPotion"},{"floor":4,"key":"DuplicationPotion"},{"floor":10,"key":"FearPotion"}],"is_trial":false,"path_per_floor":["M","?","M","?","M","R","E","R","T","M","E","M","$","T","R","B",null,"M"],"character_chosen":"IRONCLAD","items_purchased":["Shockwave","Dexterity Potion"],"campfire_rested":1,"item_purchase_floors":[13,13],"current_hp_per_floor":[68,68,68,68,73,73,50,50,50,35,16,12,27,27,49,13,59,0,0],"gold":313,"neow_bonus":"TRANSFORM_CARD","is_daily":false,"chose_seed":false,"campfire_upgraded":2,"win_rate":0.0,"timestamp":1609797737,"path_taken":["M","?","M","?","M","R","E","R","T","M","E","?","$","?","R","BOSS","M"],"items_purchased_type":["Card","Potion"],"build_version":"2020-12-22","purchased_purges":1,"victory":false,"max_hp_per_floor":[80,74,74,74,74,74,74,74,74,74,74,74,74,74,74,74,74,74,74],"card_choices":[{"not_picked":["Pommel Strike","Havoc"],"picked":"Sword Boomerang","floor":1},{"not_picked":["Armaments","Pummel"],"picked":"Rampage","floor":3},{"not_picked":["True Grit","Evolve"],"picked":"Flex","floor":5},{"not_picked":["Brutality","Infernal Blade","Sword Boomerang"],"picked":"SKIP","floor":7},{"not_picked":["Heavy Blade","Power Through"],"picked":"Thunderclap","floor":10},{"not_picked":["Clash","Pummel"],"picked":"Intimidate","floor":11},{"not_picked":["Clash","Hemokinesis","Heavy Blade"],"picked":"SKIP","floor":12},{"not_picked":["Barricade","Brutality"],"picked":"Reaper","floor":16}],"player_experience":801719,"relics_obtained":[{"floor":7,"key":"Omamori"},{"floor":9,"key":"Potion Belt"},{"floor":11,"key":"MealTicket"},{"floor":14,"key":"Darkstone Periapt"}],"event_choices":[{"damage_healed":0,"gold_gain":0,"player_choice":"Lose Max HP","damage_taken":0,"relics_obtained":["Golden Idol"],"max_hp_gain":0,"max_hp_loss":6,"event_name":"Golden Idol","floor":2,"gold_loss":0},{"damage_healed":0,"gold_gain":0,"player_choice":"Bought 1 Potion","damage_taken":0,"max_hp_gain":0,"max_hp_loss":0,"event_name":"The Woman in Blue","floor":4,"gold_loss":0}],"is_beta":false,"boss_relics":[{"not_picked":["Mark of Pain","Pandora\u0027s Box"],"picked":"Empty Cage"}],"items_purged_floors":[13],"is_endless":false,"potions_floor_spawned":[1,5,10],"killed_by":"Spheric Guardian","ascension_level":11}}