{"host":"40f49r155zsx8eqk","time":1609773210,"event":{"mods":["AchievementEnabler","Aspiration","BaseMod","Curses Come First","Dota2Spire","Evolution","Googly Eyes","Minty Spire (QoL Compilation)","Relic Sorter","Replay The Spire","StSLib","The Gatherer"],"gold_per_floor":[116,6,21,21,31,31,62,62,62,12,32,45,45,45,45,169,169,192,216,68,102,102,116,116,147,147,147,147,147],"floor_reached":28,"playtime":955,"items_purged":["Defend_B"],"score":260,"play_id":"e584fb88-88fb-48c3-90bf-c6d01667b1c2","local_time":"20210104181330","is_ascension_mode":true,"campfire_choices":[{"data":"Zap","floor":6,"key":"SMITH"},{"data":"Fission","floor":8,"key":"SMITH"},{"floor":15,"key":"REST"},{"floor":24,"key":"REST"}],"circlet_count":0,"master_deck":["Cold Snap","Strike_B","Strike_B+1","Defend_B","Defend_B","Defend_B","Zap+1","Dualcast","Leap","FIFO Queue+1","Hologram","Coolheaded+1","Barrage","Amplify","Ball Lightning","Fission+1","Reboot","Crystallizer","FTL","Buffer","Beam Cell"],"relics":["Cracked Core","EVO:Axolotl","aspiration:Nostalgia","Burning Blood","Pantograph","Gremlin Food","Bloody Idol","Dota2Spire:EtherealBlade","Dota2Spire:RefresherOrb","Red Mask","Lantern","White Beast Statue"],"acts_visited":["Exordium","TheCity"],"potions_floor_usage":[16,21,28,28],"damage_taken":[{"damage":6,"enemies":"2 Louse","floor":1,"turns":2},{"damage":0,"enemies":"Cultist","floor":3,"turns":4},{"damage":0,"enemies":"Small Slimes","floor":5,"turns":4},{"damage":28,"enemies":"Gremlin Nob","floor":7,"turns":5},{"damage":4,"enemies":"Looter","floor":11,"turns":3},{"damage":4,"enemies":"Blue Slaver","floor":12,"turns":4},{"damage":17,"enemies":"Slime Boss","floor":16,"turns":8},{"damage":1,"enemies":"Shell Parasite","floor":18,"turns":5},{"damage":14,"enemies":"3 Byrds","floor":19,"turns":5},{"damage":57,"enemies":"Masked Bandits","floor":21,"turns":4},{"damage":0,"enemies":"Sentry and Sphere","floor":23,"turns":3},{"damage":48,"enemies":"Gremlin Leader","floor":25,"turns":6},{"damage":13,"enemies":"Book of Stabbing","floor":28,"turns":4}],"seed_played":"-5054117291639265914","potions_obtained":[{"floor":5,"key":"BlessingOfTheForge"},{"floor":11,"key":"Toxic Potion"},{"floor":16,"key":"FocusPotion"}],"is_trial":false,"path_per_floor":["M","$","M","?","M","R","E","R","T","$","M","M","?","?","R","B",null,"M","M","$","?","?","M","R","E","T","?","E"],"character_chosen":"DEFECT","items_purchased":["FIFO Queue+1","Hologram","Weak Potion","FTL"],"campfire_rested":2,"item_purchase_floors":[2,2,10,20],"current_hp_per_floor":[75,75,75,75,75,75,53,53,53,53,55,57,39,36,58,64,75,75,67,67,16,16,27,49,12,12,12,0,0],"gold":147,"neow_bonus":"NOSTALGIA","is_daily":false,"chose_seed":false,"campfire_upgraded":2,"win_rate":0.0,"timestamp":1609773210,"path_taken":["M","$","M","?","?","R","E","R","T","$","?","M","?","?","R","BOSS","M","M","$","?","?","M","R","E","T","?","E"],"items_purchased_type":["Card","Card","Potion","Card"],"build_version":"2020-12-22","purchased_purges":1,"victory":false,"max_hp_per_floor":[75,75,75,75,75,75,75,75,75,75,75,75,75,75,75,75,75,75,75,75,75,75,75,75,75,75,75,75,75],"card_choices":[{"not_picked":["Go for the Eyes","Redo"],"picked":"Leap","floor":1},{"not_picked":["Ball Lightning","Self Repair"],"picked":"Coolheaded","floor":3},{"not_picked":["Steam","Streamline"],"picked":"Ball Lightning","floor":5},{"not_picked":["Cold Snap","Capacitor"],"picked":"Fission","floor":7},{"not_picked":["ReplayTheSpireMod:System Scan","Ball Lightning","Conserve Battery"],"picked":"SKIP","floor":11},{"not_picked":["Sweeping Beam","Turbo","Steam"],"picked":"SKIP","floor":12},{"not_picked":["Amplify","Meteor Strike"],"picked":"Reboot","floor":16},{"not_picked":["Barrage+1","Conserve Battery"],"picked":"Crystallizer","floor":18},{"not_picked":["ReplaySolidLightProjector","Gash","Coolheaded+1"],"picked":"SKIP","floor":19},{"not_picked":["Streamline","Meteor Strike","Redo"],"picked":"SKIP","floor":23},{"not_picked":["Gash","Cold Snap+1"],"picked":"Buffer","floor":25}],"player_experience":139837,"relics_obtained":[{"floor":7,"key":"Pantograph"},{"floor":9,"key":"Gremlin Food"},{"floor":21,"key":"Red Mask"},{"floor":25,"key":"Lantern"},{"floor":26,"key":"White Beast Statue"}],"event_choices":[{"damage_healed":0,"gold_gain":0,"player_choice":"2 cards matched","damage_taken":0,"max_hp_gain":0,"max_hp_loss":0,"event_name":"Match and Keep!","floor":4,"gold_loss":0,"cards_obtained":["Barrage","Amplify"]},{"damage_healed":0,"gold_gain":0,"player_choice":"Take Damage","damage_taken":18,"relics_obtained":["Golden Idol"],"max_hp_gain":0,"max_hp_loss":0,"event_name":"Golden Idol","floor":13,"gold_loss":0},{"damage_healed":0,"gold_gain":0,"player_choice":"Success","damage_taken":3,"relics_obtained":["Dota2Spire:EtherealBlade"],"max_hp_gain":0,"max_hp_loss":0,"event_name":"Scrap Ooze","floor":14,"gold_loss":0},{"damage_healed":0,"gold_gain":0,"player_choice":"Fought Bandits","damage_taken":0,"max_hp_gain":0,"max_hp_loss":0,"event_name":"Masked Bandits","floor":21,"gold_loss":0},{"damage_healed":0,"gold_gain":0,"player_choice":"Gave Idol","damage_taken":0,"relics_obtained":["Bloody Idol"],"max_hp_gain":0,"max_hp_loss":0,"event_name":"Forgotten Altar","floor":22,"relics_lost":["Golden Idol"],"gold_loss":0},{"damage_healed":0,"gold_gain":0,"cards_transformed":["Strike_B"],"player_choice":"Transformed","damage_taken":0,"max_hp_gain":0,"max_hp_loss":0,"event_name":"Transmorgrifier","floor":27,"gold_loss":0,"cards_obtained":["Beam Cell"]}],"is_beta":false,"boss_relics":[{"not_picked":["Runic Dome","Replay:Grab Bag"],"picked":"Dota2Spire:RefresherOrb"}],"items_purged_floors":[20],"is_endless":false,"potions_floor_spawned":[5,11,16,18],"killed_by":"Book of Stabbing","ascension_level":2}}