{"host":"6bsan6hkua32tfq7","time":1609786398,"event":{"mods":["BaseMod","Better Third Choice","Colored Map","Highlight Path","Minty Spire (QoL Compilation)","StSLib"],"gold_per_floor":[125,137,164,176,188,200,247,277,313,325,154,154,180,199,199,274,274,287,287,303,314,314,314,333,333,386,386,2,32,32,61,61,61,61],"floor_reached":33,"playtime":1277,"items_purged":["Pain","Defend_G"],"score":582,"play_id":"87e65c77-3e18-40b6-adaf-e345416e5596","local_time":"20210104195318","is_ascension_mode":true,"campfire_choices":[{"floor":6.0,"key":"REST"},{"floor":10.0,"key":"REST"},{"floor":12.0,"key":"REST"},{"data":"Discovery","floor":15,"key":"SMITH"},{"floor":23,"key":"REST"},{"floor":25,"key":"REST"},{"floor":27,"key":"REST"},{"data":"Reflex","floor":32,"key":"SMITH"}],"circlet_count":0,"master_deck":["AscendersBane","Strike_G","Strike_G+1","Strike_G","Strike_G","Defend_G+1","Defend_G","Defend_G","Defend_G","Survivor","Neutralize","Slice","Sucker Punch","Slice","Dagger Spray","Discovery+1","Prepared","Prepared","Tools of the Trade","Tactician","Acrobatics","Leg Sweep","Prepared","Noxious Fumes","Reflex+1"],"relics":["Ring of the Snake","MawBank","WarpedTongs","Juzu Bracelet","Omamori","Tingsha","Philosopher\u0027s Stone","Oddly Smooth Stone","Tiny Chest","Meat on the Bone","Lizard Tail","Smiling Mask"],"acts_visited":["Exordium","TheCity"],"potions_floor_usage":[13,16,16,18,29,33,33],"damage_taken":[{"damage":4.0,"enemies":"Small Slimes","floor":1.0,"turns":4.0},{"damage":5.0,"enemies":"Cultist","floor":3.0,"turns":5.0},{"damage":46.0,"enemies":"Gremlin Nob","floor":7.0,"turns":5.0},{"damage":2.0,"enemies":"Jaw Worm","floor":8.0,"turns":4.0},{"damage":16,"enemies":"Lagavulin","floor":13,"turns":7},{"damage":1,"enemies":"Large Slime","floor":14,"turns":4},{"damage":16,"enemies":"Hexaghost","floor":16,"turns":9},{"damage":21,"enemies":"Chosen","floor":18,"turns":4},{"damage":28,"enemies":"2 Thieves","floor":20,"turns":5},{"damage":0,"enemies":"Centurion and Healer","floor":21,"turns":7},{"damage":11,"enemies":"Snake Plant","floor":24,"turns":5},{"damage":20,"enemies":"Book of Stabbing","floor":29,"turns":7},{"damage":55,"enemies":"Slavers","floor":31,"turns":6},{"damage":47,"enemies":"Champ","floor":33,"turns":14}],"seed_played":"-999069756817587749","potions_obtained":[{"floor":7.0,"key":"Swift Potion"},{"floor":8.0,"key":"Swift Potion"},{"floor":14,"key":"CunningPotion"},{"floor":16,"key":"SkillPotion"},{"floor":21,"key":"PowerPotion"},{"floor":24,"key":"CunningPotion"},{"floor":31,"key":"Block Potion"}],"is_trial":false,"path_per_floor":["M","?","M","?","?","R","E","M","T","R","$","R","E","M","R","B",null,"M","?","M","M","?","R","M","R","T","R","$","E","?","E","R","B"],"character_chosen":"THE_SILENT","items_purchased":["Discovery","Meat on the Bone"],"campfire_rested":6,"item_purchase_floors":[11,28],"current_hp_per_floor":[55,55,50,55,34,55,9,7,7,28,28,49,33,32,32,16,57,36,36,8,8,8,29,18,39,39,60,60,40,40,35,35,0,0],"gold":61,"neow_bonus":"RANDOM_COMMON_RELIC","is_daily":false,"chose_seed":false,"campfire_upgraded":2,"win_rate":0.0,"timestamp":1609786398,"path_taken":["M","?","?","?","?","R","E","M","T","R","?","R","E","M","R","BOSS","M","?","M","M","?","R","M","R","T","R","$","E","?","E","R","BOSS"],"items_purchased_type":["Card","Relic"],"build_version":"2020-12-22","purchased_purges":2,"victory":false,"max_hp_per_floor":[66,66,66,71,71,71,71,71,71,71,71,71,71,71,71,71,71,71,71,71,71,71,71,71,71,71,71,71,71,71,71,71,71,71],"card_choices":[{"not_picked":["Deadly Poison","Accuracy"],"picked":"Slice","floor":1.0},{"not_picked":["Acrobatics","Backflip"],"picked":"Sucker Punch","floor":3.0},{"not_picked":["Calculated Gamble","Quick Slash"],"picked":"Slice","floor":7.0},{"not_picked":["Prepared","PiercingWail"],"picked":"Dagger Spray","floor":8.0},{"not_picked":["Unload","Outmaneuver"],"picked":"Prepared","floor":13},{"not_picked":["PiercingWail","Slice"],"picked":"Prepared","floor":14},{"not_picked":["Phantasmal Killer","Storm of Steel"],"picked":"Tools of the Trade","floor":16},{"not_picked":["Outmaneuver","Choke"],"picked":"Tactician","floor":18},{"not_picked":["Dash","Prepared"],"picked":"Acrobatics","floor":20},{"not_picked":["Dagger Throw","Blade Dance"],"picked":"Leg Sweep","floor":21},{"not_picked":["All Out Attack","Dagger Spray"],"picked":"Prepared","floor":24},{"not_picked":["Die Die Die","Distraction"],"picked":"Noxious Fumes","floor":29},{"not_picked":["Doppelganger","Flechettes"],"picked":"Reflex","floor":31}],"player_experience":5247623,"relics_obtained":[{"floor":7.0,"key":"Juzu Bracelet"},{"floor":9.0,"key":"Omamori"},{"floor":13,"key":"Tingsha"},{"floor":26,"key":"Tiny Chest"},{"floor":29,"key":"Lizard Tail"},{"floor":31,"key":"Smiling Mask"}],"event_choices":[{"damage_healed":0.0,"max_hp_gain":0.0,"max_hp_loss":0.0,"gold_gain":0.0,"event_name":"Accursed Blacksmith","player_choice":"Rummage","floor":2.0,"gold_loss":0.0,"damage_taken":0.0,"relics_obtained":["WarpedTongs"],"cards_obtained":["Pain"]},{"damage_healed":0.0,"max_hp_gain":5.0,"max_hp_loss":0.0,"gold_gain":0.0,"event_name":"Big Fish","player_choice":"Donut","floor":4.0,"gold_loss":0.0,"damage_taken":0.0},{"damage_healed":55.0,"max_hp_gain":0.0,"max_hp_loss":71.0,"gold_gain":0.0,"event_name":"betterThird:BetterShining","player_choice":"Upgrade","floor":5.0,"gold_loss":0.0,"damage_taken":21.0,"cards_upgraded":["Strike_G","Defend_G"]},{"cards_removed":["Strike_G"],"damage_healed":0,"gold_gain":0,"player_choice":"Elegance","damage_taken":0,"max_hp_gain":0,"max_hp_loss":0,"event_name":"betterThird:BetterWriting","floor":19,"gold_loss":0},{"damage_healed":0,"gold_gain":0,"player_choice":"Opened","damage_taken":0,"relics_obtained":["Oddly Smooth Stone"],"max_hp_gain":0,"max_hp_loss":0,"event_name":"The Mausoleum","floor":22,"gold_loss":0,"cards_obtained":["Writhe"]},{"damage_healed":0,"gold_gain":0,"player_choice":"Smashed Altar","damage_taken":0,"max_hp_gain":0,"max_hp_loss":0,"event_name":"Forgotten Altar","floor":30,"gold_loss":0,"cards_obtained":["Decay"]}],"is_beta":false,"boss_relics":[{"not_picked":["Ectoplasm","Busted Crown"],"picked":"Philosopher\u0027s Stone"}],"items_purged_floors":[11,28],"is_endless":false,"potions_floor_spawned":[7,8,14,16,21,24,31],"killed_by":"Champ","ascension_level":20}}