{"host":"xu70nncme2eq5w87","time":1609727984,"event":{"mods":["AchievementEnabler","BaseMod","Colored Map","Colored Powertips","Minty Spire (QoL Compilation)","Quick Restart","StSLib"],"gold_per_floor":[114,125,125,125,44,70,70,70,93,104,114,114,134,151,151,251,251,267,285,64,64,75,75,89,89,89,108,84,84,112,124,124,221,221,241,8,19,19,34,34,34,34],"floor_reached":41,"playtime":971,"items_purged":[],"score":465,"play_id":"df846554-d69f-4792-b2b8-01ec98715ebb","local_time":"20210103183944","is_ascension_mode":false,"campfire_choices":[{"data":"Zap","floor":7,"key":"SMITH"},{"data":"Dualcast","floor":12,"key":"SMITH"},{"floor":15,"key":"DIG"},{"floor":23,"key":"REST"},{"data":"Self Repair","floor":29,"key":"SMITH"},{"floor":32,"key":"REST"},{"data":"Defragment","floor":40,"key":"SMITH"}],"circlet_count":0,"master_deck":["Strike_B+1","Strike_B+1","Strike_B+1","Strike_B+1","Defend_B+1","Defend_B+1","Defend_B+1","Defend_B+1","Zap+1","Dualcast+1","Self Repair+1","Static Discharge","Ball Lightning","Storm","Echo Form","Ball Lightning+1","Echo Form","Ball Lightning","Double Energy","Conserve Battery","Storm","Ball Lightning","Ball Lightning","Tempest","Echo Form","Loop+1","Defragment+1","Ball Lightning"],"relics":["Cracked Core","NeowsBlessing","Strawberry","Oddly Smooth Stone","Vajra","Sozu","Orrery","Nloth\u0027s Gift","Blue Candle","Cursed Key","Art of War"],"acts_visited":["Exordium","TheCity","TheBeyond"],"potions_floor_usage":[],"damage_taken":[{"damage":0,"enemies":"Cultist","floor":1,"turns":1},{"damage":0,"enemies":"Jaw Worm","floor":2,"turns":1},{"damage":0,"enemies":"Lagavulin","floor":6,"turns":1},{"damage":5,"enemies":"2 Louse","floor":10,"turns":2},{"damage":3,"enemies":"Red Slaver","floor":11,"turns":3},{"damage":7,"enemies":"3 Louse","floor":13,"turns":3},{"damage":9,"enemies":"2 Fungi Beasts","floor":14,"turns":3},{"damage":33,"enemies":"Slime Boss","floor":16,"turns":9},{"damage":22,"enemies":"Shell Parasite","floor":18,"turns":5},{"damage":10,"enemies":"Spheric Guardian","floor":19,"turns":3},{"damage":36,"enemies":"Snake Plant","floor":22,"turns":4},{"damage":4,"enemies":"Centurion and Healer","floor":24,"turns":4},{"damage":10,"enemies":"Chosen and Byrds","floor":27,"turns":3},{"damage":38,"enemies":"Slavers","floor":30,"turns":4},{"damage":25,"enemies":"Cultist and Chosen","floor":31,"turns":4},{"damage":39,"enemies":"Automaton","floor":33,"turns":8},{"damage":42,"enemies":"3 Darklings","floor":35,"turns":5},{"damage":8,"enemies":"3 Shapes","floor":37,"turns":3},{"damage":30,"enemies":"Sphere and 2 Shapes","floor":39,"turns":3},{"damage":65,"enemies":"Spire Growth","floor":41,"turns":4}],"seed_played":"5267334515698281734","potions_obtained":[{"floor":1,"key":"BlessingOfTheForge"},{"floor":6,"key":"Energy Potion"},{"floor":10,"key":"Swift Potion"}],"is_trial":false,"path_per_floor":["M","M","$","?","$","E","R","$","T","M","M","R","M","M","R","B",null,"M","M","$","?","M","R","M","?","T","M","$","R","E","M","R","B",null,"M","$","M","$","M","R","M"],"character_chosen":"DEFECT","items_purchased":["Static Discharge","Orrery","Storm","Ball Lightning","Defragment","Art of War","Ball Lightning"],"campfire_rested":2,"item_purchase_floors":[5,20,20,28,36,36,36],"current_hp_per_floor":[75,75,75,63,63,70,70,70,70,72,76,76,76,74,74,48,82,67,71,71,71,49,73,82,82,82,72,72,72,44,19,43,24,82,60,60,72,72,62,62,0,0],"gold":34,"neow_bonus":"THREE_ENEMY_KILL","is_daily":false,"chose_seed":false,"campfire_upgraded":4,"win_rate":0.0,"timestamp":1609727984,"path_taken":["M","M","?","?","?","E","R","$","T","?","M","R","M","M","R","BOSS","M","M","$","?","?","R","M","?","T","M","?","R","E","M","R","BOSS","M","$","M","?","M","R","?"],"items_purchased_type":["Card","Relic","Card","Card","Card","Relic","Card"],"build_version":"2020-12-22","purchased_purges":0,"victory":false,"max_hp_per_floor":[75,75,75,75,75,82,82,82,82,82,82,82,82,82,82,82,82,82,82,82,82,82,82,82,82,82,82,82,82,82,82,82,82,82,82,82,82,82,82,82,82,82],"card_choices":[{"not_picked":["Undo","Reinforced Body","Auto Shields"],"picked":"SKIP","floor":1},{"not_picked":["Barrage","Leap"],"picked":"Self Repair","floor":2},{"not_picked":["Genetic Algorithm","Leap","Hello World"],"picked":"SKIP","floor":6},{"not_picked":["Core Surge","Beam Cell"],"picked":"Ball Lightning","floor":10},{"not_picked":["Coolheaded","Steam","Leap"],"picked":"SKIP","floor":11},{"not_picked":["Cold Snap","Recycle"],"picked":"Storm","floor":13},{"not_picked":["Leap","Hologram","Beam Cell"],"picked":"SKIP","floor":14},{"not_picked":["Seek","Core Surge"],"picked":"Echo Form","floor":16},{"not_picked":["Redo","Go for the Eyes"],"picked":"Ball Lightning+1","floor":18},{"not_picked":["Gash","Leap","Steam Power"],"picked":"SKIP","floor":19},{"not_picked":["Gash","Redo"],"picked":"Echo Form","floor":20},{"not_picked":["Gash+1","Hello World"],"picked":"Ball Lightning","floor":20},{"not_picked":["Cold Snap","Gash"],"picked":"Double Energy","floor":20},{"not_picked":["Compile Driver","Rebound"],"picked":"Conserve Battery","floor":20},{"not_picked":["Stack","Hyperbeam","Rip and Tear"],"picked":"SKIP","floor":22},{"not_picked":["Gash","Stack"],"picked":"Ball Lightning","floor":24},{"not_picked":["Glacier","Lockon","Doom and Gloom"],"picked":"SKIP","floor":27},{"not_picked":["Sweeping Beam","Hyperbeam"],"picked":"Tempest","floor":30},{"not_picked":["Turbo","Melter","Go for the Eyes+1"],"picked":"SKIP","floor":31},{"not_picked":["Core Surge","Buffer"],"picked":"Echo Form","floor":33},{"not_picked":["Beam Cell","Turbo"],"picked":"Loop+1","floor":35},{"not_picked":["Steam Power+1","Beam Cell","Blizzard+1"],"picked":"SKIP","floor":37},{"not_picked":["Sweeping Beam","Go for the Eyes+1","Steam+1"],"picked":"SKIP","floor":39}],"player_experience":213951,"relics_obtained":[{"floor":6,"key":"Strawberry"},{"floor":9,"key":"Oddly Smooth Stone"},{"floor":15,"key":"Vajra"},{"floor":30,"key":"Blue Candle"}],"event_choices":[{"damage_healed":0,"gold_gain":0,"player_choice":"Success","damage_taken":12,"relics_obtained":["Shovel"],"max_hp_gain":0,"max_hp_loss":0,"event_name":"Scrap Ooze","floor":4,"gold_loss":0},{"damage_healed":0,"gold_gain":0,"player_choice":"Traded Relic","damage_taken":0,"relics_obtained":["Nloth\u0027s Gift"],"max_hp_gain":0,"max_hp_loss":0,"event_name":"N\u0027loth","floor":21,"relics_lost":["Shovel"],"gold_loss":0},{"damage_healed":0,"gold_gain":0,"player_choice":"Simplicity","damage_taken":0,"max_hp_gain":0,"max_hp_loss":0,"event_name":"Back to Basics","floor":25,"gold_loss":0,"cards_upgraded":["Strike_B","Strike_B","Strike_B","Strike_B","Defend_B","Defend_B","Defend_B","Defend_B"]}],"is_beta":false,"boss_relics":[{"not_picked":["Coffee Dripper","Astrolabe"],"picked":"Sozu"},{"not_picked":["Velvet Choker","Runic Pyramid"],"picked":"Cursed Key"}],"items_purged_floors":[],"is_endless":false,"potions_floor_spawned":[1,6,10,18,30,31],"killed_by":"Spire Growth","ascension_level":0}}