{"host":"uv231blk40vjdojr","time":1609789577,"event":{"mods":["BaseMod","Minty Spire (QoL Compilation)","Relic Stats"],"gold_per_floor":[15,31,46,60,73,73,102,102,102,130,130,180,206,224,224,303,303,322,333,2,18,30,30,58,70,154,166,207,238,269,16,16,114,114,129,37,51,351,371,371,402,402,450,470,520,530,549,164,164,164],"floor_reached":51,"playtime":4455,"items_purged":["Sever Soul","Strike_R"],"score":1385,"play_id":"73015a3a-176b-4cb8-8ba2-9fa88d283a93","local_time":"20210104204617","is_ascension_mode":true,"campfire_choices":[{"data":"Anger","floor":6.0,"key":"SMITH"},{"floor":8.0,"key":"REST"},{"floor":11.0,"key":"REST"},{"data":"Barricade","floor":15.0,"key":"SMITH"},{"floor":23.0,"key":"REST"},{"data":"Rampage","floor":25.0,"key":"SMITH"},{"floor":27.0,"key":"REST"},{"data":"Battle Trance","floor":32.0,"key":"SMITH"},{"data":"Shockwave","floor":40.0,"key":"SMITH"},{"data":"Pommel Strike","floor":42.0,"key":"SMITH"},{"data":"Dark Embrace","floor":49.0,"key":"SMITH"}],"circlet_count":0,"master_deck":["AscendersBane","Strike_R","Strike_R","Strike_R","Strike_R","Defend_R","Defend_R","Defend_R","Defend_R","Bash","Anger+1","Pommel Strike+1","Battle Trance+1","Shockwave+1","Barricade+1","Double Tap+1","Shockwave+1","Entrench+1","Impervious+1","Armaments+1","Cleave","Rampage+1","Shrug It Off+1","Entrench+1","Shrug It Off+1","Transmutation+1","Impervious+1","Pummel+1","Rage+1","True Grit+1","Dark Embrace+1","True Grit+1","The Bomb+1","Seeing Red+1"],"relics":["Burning Blood","TungstenRod","Toxic Egg 2","Pear","Vajra","Self Forming Clay","Black Star","PreservedInsect","Sling","MawBank","Thread and Needle","Meat on the Bone","Smiling Mask","Bottled Flame","Coffee Dripper","Toy Ornithopter","Pen Nib","Juzu Bracelet"],"acts_visited":["Exordium","TheCity","TheBeyond"],"potions_floor_usage":[],"damage_taken":[{"damage":5.0,"enemies":"Cultist","floor":1.0,"turns":4.0},{"damage":3.0,"enemies":"2 Louse","floor":2.0,"turns":4.0},{"damage":12.0,"enemies":"Small Slimes","floor":3.0,"turns":3.0},{"damage":25.0,"enemies":"Exordium Thugs","floor":4.0,"turns":4.0},{"damage":12.0,"enemies":"3 Louse","floor":5.0,"turns":4.0},{"damage":31.0,"enemies":"3 Sentries","floor":7.0,"turns":8.0},{"damage":30.0,"enemies":"Gremlin Nob","floor":10.0,"turns":4.0},{"damage":21.0,"enemies":"Lagavulin","floor":13.0,"turns":7.0},{"damage":2.0,"enemies":"Looter","floor":14.0,"turns":3.0},{"damage":5.0,"enemies":"Hexaghost","floor":16.0,"turns":7.0},{"damage":21.0,"enemies":"Spheric Guardian","floor":18.0,"turns":6.0},{"damage":5.0,"enemies":"3 Byrds","floor":19.0,"turns":8.0},{"damage":33.0,"enemies":"3 Cultists","floor":21.0,"turns":6.0},{"damage":25.0,"enemies":"Centurion and Healer","floor":22.0,"turns":7.0},{"damage":21.0,"enemies":"Book of Stabbing","floor":24.0,"turns":6.0},{"damage":34.0,"enemies":"Slavers","floor":28.0,"turns":6.0},{"damage":22.0,"enemies":"Cultist and Chosen","floor":29.0,"turns":9.0},{"damage":14.0,"enemies":"Snake Plant","floor":30.0,"turns":5.0},{"damage":3.0,"enemies":"Champ","floor":33.0,"turns":22.0},{"damage":0.0,"enemies":"3 Shapes","floor":35.0,"turns":6.0},{"damage":21.0,"enemies":"3 Darklings","floor":37.0,"turns":10.0},{"damage":24.0,"enemies":"Jaw Worm Horde","floor":39.0,"turns":6.0},{"damage":30.0,"enemies":"Giant Head","floor":41.0,"turns":7.0},{"damage":47.0,"enemies":"Sphere and 2 Shapes","floor":44.0,"turns":12.0},{"damage":12.0,"enemies":"Writhing Mass","floor":46.0,"turns":12.0},{"damage":0.0,"enemies":"Maw","floor":47.0,"turns":11.0},{"damage":32,"enemies":"Donu and Deca","floor":50,"turns":15}],"seed_played":"2476337795373676534","potions_obtained":[{"floor":1.0,"key":"CultistPotion"},{"floor":2.0,"key":"ColorlessPotion"},{"floor":5.0,"key":"FairyPotion"},{"floor":10.0,"key":"Block Potion"},{"floor":14.0,"key":"ColorlessPotion"},{"floor":16.0,"key":"SpeedPotion"},{"floor":28.0,"key":"SteroidPotion"},{"floor":37.0,"key":"EssenceOfSteel"},{"floor":39.0,"key":"Block Potion"},{"floor":41.0,"key":"FairyPotion"}],"is_trial":false,"path_per_floor":["M","M","M","M","M","R","E","R","T","E","R","?","E","M","R","B",null,"M","M","$","M","M","R","E","R","T","R","E","M","M","$","R","B",null,"M","$","M","?","M","R","E","R","T","M","?","M","M","$","R","B",null],"character_chosen":"IRONCLAD","items_purchased":["PreservedInsect","Sling","Transmutation+1","SteroidPotion","Rage+1","True Grit+1","The Bomb+1","Seeing Red+1"],"campfire_rested":4,"item_purchase_floors":[20,20,31,31,36,48,48,48],"current_hp_per_floor":[69,72,66,47,41,41,16,38,48,24,49,42,27,31,31,32,72,57,58,58,31,12,37,22,22,22,47,31,27,31,31,31,46,75,81,81,66,66,60,60,48,48,48,19,19,25,43,43,43,29],"gold":164,"neow_bonus":"ONE_RARE_RELIC","is_daily":false,"chose_seed":false,"campfire_upgraded":7,"win_rate":0.0,"timestamp":1609789577,"path_taken":["M","M","M","?","M","R","E","R","T","E","R","?","E","M","R","BOSS","M","M","?","?","M","R","E","R","T","R","E","M","M","$","R","BOSS","M","$","M","?","?","R","E","R","T","M","?","M","M","$","R","BOSS"],"items_purchased_type":["Relic","Relic","Card","Potion","Card","Card","Card","Card"],"build_version":"2020-12-22","purchased_purges":2,"victory":true,"max_hp_per_floor":[75,75,75,75,75,75,75,75,85,85,85,85,85,85,85,85,85,85,85,85,85,85,85,85,85,85,85,85,85,85,85,85,85,85,85,85,85,85,85,85,85,85,85,85,85,85,85,85,85,85],"relic_stats":{"counters":[27,202],"Self Forming Clay":[183],"PreservedInsect":215,"Pen Nib":[7],"Juzu Bracelet":0,"MawBank":84,"Smiling Mask":75,"Burning Blood":162,"Black Star":3,"obtain_stats":[{"Pear":9,"Self Forming Clay":13,"Vajra":10,"Thread and Needle":24,"PreservedInsect":20,"Pen Nib":41,"Juzu Bracelet":43,"Sling":20,"MawBank":24,"Smiling Mask":28,"Burning Blood":0,"Bottled Flame":28,"Black Star":17,"Coffee Dripper":34,"Toxic Egg 2":7,"TungstenRod":0,"Toy Ornithopter":41,"Meat on the Bone":26},{"Pear":6,"Self Forming Clay":8,"Vajra":7,"Thread and Needle":15,"PreservedInsect":12,"Pen Nib":23,"Juzu Bracelet":23,"Sling":12,"MawBank":15,"Smiling Mask":16,"Burning Blood":0,"Bottled Flame":16,"Black Star":10,"Coffee Dripper":19,"Toxic Egg 2":6,"TungstenRod":0,"Toy Ornithopter":23,"Meat on the Bone":15},{"Pear":27,"Self Forming Clay":38,"Vajra":31,"Thread and Needle":81,"PreservedInsect":62,"Pen Nib":152,"Juzu Bracelet":152,"Sling":62,"MawBank":81,"Smiling Mask":87,"Burning Blood":0,"Bottled Flame":87,"Black Star":48,"Coffee Dripper":123,"Toxic Egg 2":27,"TungstenRod":0,"Toy Ornithopter":152,"Meat on the Bone":81}],"TungstenRod":87,"Toy Ornithopter":0,"Meat on the Bone":120},"card_choices":[{"not_picked":["Havoc","Sentinel"],"picked":"Anger","floor":1.0},{"not_picked":["Headbutt","Combust"],"picked":"Pommel Strike","floor":2.0},{"not_picked":["Dual Wield","Headbutt"],"picked":"Sever Soul","floor":3.0},{"not_picked":["Perfected Strike","Seeing Red"],"picked":"Battle Trance","floor":4.0},{"not_picked":["Dark Embrace","Pommel Strike"],"picked":"Shockwave","floor":5.0},{"not_picked":["Twin Strike","Seeing Red+1"],"picked":"Barricade","floor":7.0},{"not_picked":["Thunderclap","Flex+1"],"picked":"Double Tap+1","floor":10.0},{"not_picked":["Twin Strike","Sword Boomerang"],"picked":"Shockwave+1","floor":13.0},{"not_picked":["Inflame","Rampage"],"picked":"Entrench+1","floor":14.0},{"not_picked":["Brutality","Juggernaut"],"picked":"Impervious+1","floor":16.0},{"not_picked":["Sentinel+1","Dark Embrace"],"picked":"Armaments+1","floor":18.0},{"not_picked":["Burning Pact+1","Iron Wave"],"picked":"Cleave","floor":19.0},{"not_picked":["Pommel Strike","Sword Boomerang"],"picked":"Rampage","floor":21.0},{"not_picked":["Intimidate+1","Uppercut"],"picked":"Shrug It Off+1","floor":22.0},{"not_picked":["Thunderclap","Warcry+1"],"picked":"Entrench+1","floor":24.0},{"not_picked":["Twin Strike","Sentinel+1","Perfected Strike+1"],"picked":"SKIP","floor":28.0},{"not_picked":["Heavy Blade","Twin Strike"],"picked":"Shrug It Off+1","floor":29.0},{"not_picked":["Warcry+1","Flex+1","Heavy Blade"],"picked":"SKIP","floor":30.0},{"not_picked":["Double Tap+1","Barricade"],"picked":"Impervious+1","floor":33.0},{"not_picked":["Uppercut","Pummel+1","Thunderclap+1"],"picked":"SKIP","floor":35.0},{"not_picked":["Uppercut","Thunderclap+1"],"picked":"Pummel+1","floor":35.0},{"not_picked":["Pommel Strike","Headbutt+1"],"picked":"True Grit+1","floor":37.0},{"not_picked":["Havoc+1","Disarm+1","Dark Embrace"],"picked":"SKIP","floor":39.0},{"not_picked":["Combust+1","Headbutt","Dual Wield+1"],"picked":"SKIP","floor":41.0},{"not_picked":["Thunderclap","Perfected Strike+1","Dark Embrace"],"picked":"SKIP","floor":44.0},{"not_picked":["Thunderclap","Perfected Strike+1"],"picked":"Dark Embrace","floor":44.0},{"not_picked":["Dual Wield+1","Havoc+1","Headbutt"],"picked":"SKIP","floor":46.0},{"not_picked":["Perfected Strike+1","Shrug It Off+1","Sword Boomerang"],"picked":"SKIP","floor":47.0}],"player_experience":568504,"relics_obtained":[{"floor":7.0,"key":"Toxic Egg 2"},{"floor":9.0,"key":"Pear"},{"floor":10.0,"key":"Vajra"},{"floor":13.0,"key":"Self Forming Clay"},{"floor":24.0,"key":"MawBank"},{"floor":24.0,"key":"Thread and Needle"},{"floor":26.0,"key":"Meat on the Bone"},{"floor":28.0,"key":"Smiling Mask"},{"floor":28.0,"key":"Bottled Flame"},{"floor":41.0,"key":"Toy Ornithopter"},{"floor":41.0,"key":"Pen Nib"},{"floor":43.0,"key":"Juzu Bracelet"}],"event_choices":[{"damage_healed":0.0,"max_hp_gain":0.0,"max_hp_loss":0.0,"gold_gain":50.0,"event_name":"FaceTrader","player_choice":"Touch","floor":12.0,"gold_loss":0.0,"damage_taken":8.0},{"damage_healed":0.0,"max_hp_gain":0.0,"max_hp_loss":0.0,"gold_gain":300.0,"event_name":"Wheel of Change","player_choice":"Gold","floor":38.0,"gold_loss":0.0,"damage_taken":0.0},{"damage_healed":0.0,"max_hp_gain":0.0,"max_hp_loss":0.0,"gold_gain":50.0,"event_name":"Golden Shrine","player_choice":"Pray","floor":45.0,"gold_loss":0.0,"damage_taken":0.0}],"is_beta":false,"boss_relics":[{"not_picked":["Astrolabe","SlaversCollar"],"picked":"Black Star"},{"not_picked":["SacredBark","Black Blood"],"picked":"Coffee Dripper"}],"items_purged_floors":[36,48],"is_endless":false,"potions_floor_spawned":[1,2,5,10,14,16,19,21,22,28,29,37,39,41,46],"ascension_level":18}}