{"host":"d9m9v0h6vo0edadb","time":1609760370,"event":{"mods":["BaseMod","Hermit","Keyboard Shortcuts","Minty Spire (QoL Compilation)","StSLib","SuperFastMode","The Cursed"],"gold_per_floor":[115,40,40,50,50,80,96,96,178,190,190,205,223,238,238,238,238],"floor_reached":16,"playtime":223,"items_purged":["Strike_G"],"score":258,"play_id":"cc157c6f-9d86-4d8e-8b73-941aec343856","local_time":"20210104203930","is_ascension_mode":true,"campfire_choices":[{"data":"Flechettes","floor":8,"key":"SMITH"},{"data":"Adrenaline","floor":11,"key":"SMITH"},{"data":"Acrobatics","floor":15,"key":"SMITH"}],"circlet_count":0,"master_deck":["AscendersBane","Strike_G","Strike_G","Strike_G","Strike_G","Defend_G","Defend_G","Defend_G","Defend_G","Defend_G","Survivor","Neutralize","Decay","Adrenaline+1","Acrobatics+1","Flechettes+1","Calculated Gamble","Blade Dance","Poisoned Stab","Infinite Blades"],"relics":["Ring of the Snake","NeowsBlessing","Strawberry","Meat on the Bone"],"acts_visited":["Exordium"],"potions_floor_usage":[16],"damage_taken":[{"damage":0,"enemies":"Jaw Worm","floor":1,"turns":1},{"damage":0,"enemies":"Cultist","floor":4,"turns":1},{"damage":0,"enemies":"Gremlin Nob","floor":6,"turns":1},{"damage":8,"enemies":"Small Slimes","floor":7,"turns":5},{"damage":7,"enemies":"Looter","floor":10,"turns":4},{"damage":20,"enemies":"2 Fungi Beasts","floor":12,"turns":5},{"damage":16,"enemies":"Exordium Thugs","floor":13,"turns":7},{"damage":0,"enemies":"Exordium Wildlife","floor":14,"turns":2},{"damage":31,"enemies":"Hexaghost","floor":16,"turns":6}],"seed_played":"3600915385811227699","potions_obtained":[{"floor":7,"key":"DistilledChaos"},{"floor":10,"key":"LiquidMemories"}],"is_trial":false,"path_per_floor":["M","$","?","M","$","E","M","R","T","M","R","M","M","M","R","B"],"character_chosen":"THE_SILENT","items_purchased":[],"campfire_rested":0,"item_purchase_floors":[],"current_hp_per_floor":[59,59,59,59,59,66,58,58,58,51,51,43,39,39,39,8,8],"gold":238,"neow_bonus":"THREE_ENEMY_KILL","is_daily":false,"chose_seed":false,"campfire_upgraded":3,"win_rate":0.0,"timestamp":1609760370,"path_taken":["M","$","?","M","$","E","M","R","T","M","R","M","M","M","R","BOSS"],"items_purchased_type":[],"build_version":"2020-12-22","purchased_purges":1,"victory":false,"max_hp_per_floor":[66,66,66,66,66,73,73,73,73,73,73,73,73,73,73,73,73],"card_choices":[{"not_picked":["Quick Slash","Flying Knee","Underhanded Strike"],"picked":"SKIP","floor":1},{"not_picked":["Endless Agony","Dagger Spray"],"picked":"Adrenaline","floor":4},{"not_picked":["Concentrate","Prepared"],"picked":"Acrobatics","floor":6},{"not_picked":["Masterful Stab","Finisher"],"picked":"Flechettes","floor":7},{"not_picked":["Acrobatics","Terror"],"picked":"Calculated Gamble","floor":10},{"not_picked":["Poisoned Stab","Dodge and Roll"],"picked":"Blade Dance","floor":12},{"not_picked":["Sucker Punch","Outmaneuver"],"picked":"Poisoned Stab","floor":13},{"not_picked":["Flechettes","Venomology"],"picked":"Infinite Blades","floor":14}],"player_experience":948903,"relics_obtained":[{"floor":6,"key":"Strawberry"},{"floor":9,"key":"Meat on the Bone"}],"event_choices":[{"damage_healed":0,"gold_gain":0,"player_choice":"Cursed","damage_taken":0,"max_hp_gain":0,"max_hp_loss":0,"event_name":"Wheel of Change","floor":3,"gold_loss":0,"cards_obtained":["Decay"]}],"is_beta":false,"boss_relics":[],"items_purged_floors":[2],"is_endless":false,"potions_floor_spawned":[7,10,12,13,14],"killed_by":"Hexaghost","ascension_level":20}}