{"host":"5m2js577gj4e7pak","time":1609749733,"event":{"mods":["AchievementEnabler","BaseMod","Better Match","BetterRewards","Colored Map","Colored Powertips","Dio Mod","Ekko","Googly Eyes","Highlight Path","HololiveMod","Lobotomy","LobotomyExtend","Marisa????????","Minty Spire (QoL Compilation)","Quick Restart","Relic Filter","StSLib","The Animator","slay the spire mod where everything is the same but ironclad has a cowboy hat"],"gold_per_floor":[114,114,125,199,199,226,240,240,240,240,252,315,331,331,331,460,460,481,481,501,403,416,416,429,51,51,90,90,90,128,253,253,379,379,404,404,404,92,367,367,367,367],"floor_reached":41,"playtime":1868,"items_purged":[],"score":505,"play_id":"3c73bad9-1a79-4780-97cb-20e69541af62","local_time":"20210104094213","is_ascension_mode":false,"campfire_choices":[{"floor":15,"key":"REST"}],"circlet_count":0,"master_deck":["SpecialBullet","SpecialBullet","SpecialBullet","SpecialBullet","InformationCode","SecurityCode","ExtractionCode","Noise+1","BigBadWolf","TodaysExpression","CUTE","GreedKing","ParadiseLost","ShyLook","FourthMatchFlame","Lamp+12","CherryBlossom","BlueScar","CENSORED_ego","Gaze","FourthMatchFlame","Loneliness","Adoration","SpecialBullet","BloodyDesire","Wingbeat","Tough","Loneliness","Dark Shackles","SpecialBullet","CherryBlossom+1","TrainingCode","SoundOfStar","Enlightenment","SpecialBullet","Reverberation","Hypocrisy","SpecialBullet","SpecialBullet","SpecialBullet","SoundOfStar","RapturousDream+1","SpecialBullet","Reverberation","GreenStem+1","Writhe","Wraith","Regret"],"relics":["CogitoBucket","LetterFromLob","InkBottle","Prayer Wheel","HornCleat","Bottled Lightning","BehaviorAdjustment","Golden Idol","Coffee Dripper","SkinProphecy","Lantern","Pen Nib","Darkstone Periapt","Red Mask","Meat on the Bone","Lizard Tail","Ornamental Fan","Empty Cage","ResearcherNote","AtMidnight","Shuriken"],"acts_visited":["Exordium","TheCity","TheBeyond"],"potions_floor_usage":[12,24,41],"damage_taken":[{"damage":15,"enemies":"Small Slimes","floor":1,"turns":3},{"damage":11,"enemies":"Jaw Worm","floor":3,"turns":2},{"damage":53,"enemies":"Lagavulin","floor":6,"turns":8},{"damage":6,"enemies":"Cultist","floor":7,"turns":3},{"damage":13,"enemies":"Red Slaver","floor":11,"turns":2},{"damage":9,"enemies":"Gremlin Nob","floor":12,"turns":4},{"damage":12,"enemies":"Exordium Thugs","floor":13,"turns":3},{"damage":21,"enemies":"Slime Boss","floor":16,"turns":8},{"damage":18,"enemies":"Chosen","floor":18,"turns":5},{"damage":0,"enemies":"2 Thieves","floor":20,"turns":3},{"damage":0,"enemies":"Snake Plant","floor":22,"turns":3},{"damage":3,"enemies":"3 Cultists","floor":24,"turns":7},{"damage":7,"enemies":"Masked Bandits","floor":27,"turns":4},{"damage":26,"enemies":"Gremlin Leader","floor":30,"turns":5},{"damage":22,"enemies":"Colosseum Slavers","floor":31,"turns":4},{"damage":8,"enemies":"Colosseum Nobs","floor":31,"turns":4},{"damage":65,"enemies":"StardustCrusaders","floor":33,"turns":8},{"damage":58,"enemies":"3 Shapes","floor":35,"turns":6},{"damage":59,"enemies":"Nemesis","floor":41,"turns":6}],"seed_played":"7432977299122950159","potions_obtained":[{"floor":11,"key":"Weak Potion"},{"floor":22,"key":"CultistPotion"},{"floor":33,"key":"LiquidMemories"}],"is_trial":false,"path_per_floor":["M","?","M","T","?","E","M","R","T","R","M","?","M","?","R","B",null,"M","?","M","$","M","R","M","$","T","?","?","$","E","?","R","B",null,"M","?","?","$","?","R","E"],"character_chosen":"Angela","items_purchased":["Dark Shackles","Lantern","Pen Nib","Enlightenment","Shuriken","BlessingOfTheForge"],"campfire_rested":1,"item_purchase_floors":[21,25,25,25,38,38],"current_hp_per_floor":[63,63,60,60,70,28,36,36,36,36,39,30,32,32,51,44,65,61,65,65,65,65,65,62,62,62,51,67,67,37,53,53,35,75,39,65,71,71,77,77,14,14],"gold":367,"neow_bonus":"TRANSFORM_CARD","is_daily":false,"chose_seed":false,"campfire_upgraded":0,"win_rate":0.0,"timestamp":1609749733,"path_taken":["M","?","M","?","?","E","M","R","T","R","M","?","M","?","R","BOSS","M","?","?","?","M","R","M","$","T","?","?","$","E","?","R","BOSS","M","?","?","$","?","R","E"],"items_purchased_type":["Card","Card","Relic","Card","Relic","Potion"],"build_version":"2020-12-22","purchased_purges":0,"victory":false,"max_hp_per_floor":[70,70,70,70,70,70,70,70,70,70,70,70,70,65,65,65,65,65,65,65,65,65,65,65,65,65,67,67,67,69,73,73,75,75,79,85,91,91,97,97,99,99],"card_choices":[{"not_picked":["MHz","CrumblingArmor"],"picked":"BigBadWolf","floor":1},{"not_picked":["SomewhereSpear"],"picked":"TodaysExpression","floor":1},{"not_picked":["CherryBlossom","Lantern"],"picked":"SKIP","floor":1},{"not_picked":["CherryBlossom","Lantern"],"picked":"SKIP","floor":1},{"not_picked":["MHz","WhitesApple"],"picked":"BeautyBeast","floor":3},{"not_picked":["ShedSkin"],"picked":"CUTE","floor":3},{"not_picked":["SomewhereSpear","Lantern"],"picked":"SKIP","floor":3},{"not_picked":["MagicBullet"],"picked":"Beak","floor":6},{"not_picked":["ShyLook","CherryBlossoms"],"picked":"GreedKing","floor":6},{"not_picked":["WristCuter"],"picked":"ParadiseLost","floor":6},{"not_picked":["SomewhereSpear"],"picked":"Horn","floor":7},{"not_picked":["PunishingBird","Scorched"],"picked":"ShyLook","floor":7},{"not_picked":["Loneliness"],"picked":"FourthMatchFlame","floor":7},{"not_picked":["TodaysExpression"],"picked":"Lamp","floor":7},{"not_picked":["Tough"],"picked":"CherryBlossom","floor":11},{"not_picked":["Heaven"],"picked":"BlueScar","floor":11},{"not_picked":["Lantern"],"picked":"WristCuter","floor":12},{"not_picked":["Heaven"],"picked":"CENSORED_ego","floor":12},{"not_picked":["Harvest"],"picked":"Gaze","floor":13},{"not_picked":["Heaven"],"picked":"FourthMatchFlame","floor":13},{"not_picked":["CherryBlossom"],"picked":"Loneliness","floor":13},{"not_picked":["CENSORED_ego"],"picked":"Justitia","floor":16},{"not_picked":["ParadiseLost"],"picked":"Adoration","floor":16},{"not_picked":["Moonlight"],"picked":"LifeForTheDareDevil","floor":18},{"not_picked":["SnowQueen","VoidDream"],"picked":"Funeral","floor":18},{"not_picked":["SomewhereSpear"],"picked":"BloodyDesire","floor":18},{"not_picked":["Lantern+1"],"picked":"Wingbeat","floor":18},{"not_picked":["CherryBlossom"],"picked":"Tough","floor":20},{"not_picked":["Lantern"],"picked":"Loneliness","floor":20},{"not_picked":["CrimsonScar"],"picked":"CherryBlossom+1","floor":22},{"not_picked":["TodaysExpression","CUTE+1"],"picked":"SKIP","floor":22},{"not_picked":["Harmony"],"picked":"SoundOfStar","floor":24},{"not_picked":["TodaysExpression"],"picked":"Discord","floor":24},{"not_picked":["FeatherOfHonor+1"],"picked":"Reverberation","floor":30},{"not_picked":["SomewhereSpear+1"],"picked":"Hypocrisy","floor":31},{"not_picked":["Adoration"],"picked":"SoundOfStar","floor":33},{"not_picked":["LifeForTheDareDevil"],"picked":"RapturousDream+1","floor":35},{"not_picked":["Wingbeat"],"picked":"Reverberation","floor":35},{"not_picked":["Galaxy"],"picked":"GreenStem+1","floor":35}],"player_experience":73099,"relics_obtained":[{"floor":1,"key":"LetterFromLob"},{"floor":4,"key":"InkBottle"},{"floor":6,"key":"Prayer Wheel"},{"floor":9,"key":"HornCleat"},{"floor":12,"key":"Bottled Lightning"},{"floor":26,"key":"Darkstone Periapt"},{"floor":27,"key":"Red Mask"},{"floor":30,"key":"Meat on the Bone"},{"floor":31,"key":"Lizard Tail"},{"floor":31,"key":"Ornamental Fan"},{"floor":35,"key":"AtMidnight"}],"event_choices":[{"damage_healed":0,"gold_gain":0,"player_choice":"Grow","damage_taken":0,"max_hp_gain":0,"max_hp_loss":0,"event_name":"Living Wall","floor":2,"gold_loss":0,"cards_upgraded":["Noise"]},{"damage_healed":0,"gold_gain":0,"player_choice":"Searched \u00271\u0027 times","damage_taken":0,"max_hp_gain":0,"max_hp_loss":0,"event_name":"Dead Adventurer","floor":12,"gold_loss":0},{"damage_healed":0,"gold_gain":0,"player_choice":"Lose Max HP","damage_taken":0,"relics_obtained":["Golden Idol"],"max_hp_gain":0,"max_hp_loss":5,"event_name":"Golden Idol","floor":14,"gold_loss":0},{"cards_removed":["Funeral"],"damage_healed":4,"gold_gain":0,"player_choice":"Offered Uncommon","damage_taken":0,"max_hp_gain":0,"max_hp_loss":0,"event_name":"Bonfire Elementals","floor":19,"gold_loss":0},{"damage_healed":0,"gold_gain":0,"player_choice":"Fought Bandits","damage_taken":0,"max_hp_gain":0,"max_hp_loss":0,"event_name":"Masked Bandits","floor":27,"gold_loss":0},{"damage_healed":22,"gold_gain":0,"player_choice":"Heal","damage_taken":0,"max_hp_gain":0,"max_hp_loss":0,"event_name":"The Library","floor":28,"gold_loss":0},{"damage_healed":0,"gold_gain":0,"player_choice":"Fight","damage_taken":0,"max_hp_gain":0,"max_hp_loss":0,"event_name":"Colosseum","floor":31,"gold_loss":0},{"damage_healed":0,"gold_gain":0,"player_choice":"Fought Nobs","damage_taken":0,"max_hp_gain":0,"max_hp_loss":0,"event_name":"Colosseum","floor":31,"gold_loss":0},{"damage_healed":20,"gold_gain":0,"player_choice":"Writhe","damage_taken":0,"max_hp_gain":0,"max_hp_loss":0,"event_name":"Winding Halls","floor":36,"gold_loss":0,"cards_obtained":["Writhe"]},{"damage_healed":0,"gold_gain":0,"player_choice":"Ignored","damage_taken":0,"max_hp_gain":0,"max_hp_loss":0,"event_name":"OrinTheCat","floor":37,"gold_loss":0},{"damage_healed":0,"gold_gain":275,"player_choice":"Desecrate","damage_taken":0,"max_hp_gain":0,"max_hp_loss":0,"event_name":"Golden Shrine","floor":39,"gold_loss":0,"cards_obtained":["Regret"]}],"is_beta":false,"boss_relics":[{"not_picked":["Velvet Choker","Hololive_TopUpMoneyS"],"picked":"Coffee Dripper"},{"not_picked":["Hololive_ChaosS","Runic Pyramid"],"picked":"Empty Cage"}],"items_purged_floors":[],"is_endless":false,"potions_floor_spawned":[11,22,31,33],"killed_by":"Nemesis","ascension_level":0}}