{"host":"9d9dhukr2jywmy0f","time":1609778303,"event":{"mods":["2.2 Compatiblity","Alarm Clock","BaseMod","Bestiary","Block Reminder","Colored Map","Colored Powertips","Curses Come First","DeckTracker","Highlight Path","Infinite Spire","Key Reminder","Keyboard Shortcuts","Minty Spire (QoL Compilation)","MonsterHotkey","Quick Restart","Rare Cards Sparkle","Relic Sorter","Relic Stats","Spire Birthday Party","StSLib","SuperFastMode","Synergy Search","Unceasing Turn Reminder","Unknown Chances"],"gold_per_floor":[110,128,128,53,1,41,41,41,66,91,123,123,23,54,54,54,54],"floor_reached":16,"playtime":231,"items_purged":["Strike_R","Strike_R"],"score":246,"play_id":"c1703ee3-3d6c-4e68-99a2-0ea8180639a8","local_time":"20210105003823","is_ascension_mode":true,"campfire_choices":[{"data":"Armaments","floor":7.0,"key":"SMITH"},{"data":"Body Slam","floor":15.0,"key":"SMITH"}],"circlet_count":0,"master_deck":["AscendersBane","Strike_R+1","Strike_R","Strike_R+1","Defend_R","Defend_R","Defend_R","Defend_R","Bash","Shrug It Off","Armaments+1","Body Slam+1"],"relics":["Burning Blood","NeowsBlessing","Golden Idol","Frozen Egg 2","CeramicFish","Odd Mushroom"],"acts_visited":["Exordium"],"potions_floor_usage":[],"damage_taken":[{"damage":0.0,"enemies":"Cultist","floor":1.0,"turns":1.0},{"damage":0.0,"enemies":"Jaw Worm","floor":2.0,"turns":1.0},{"damage":0.0,"enemies":"3 Sentries","floor":6.0,"turns":2.0},{"damage":1.0,"enemies":"2 Louse","floor":10.0,"turns":4.0},{"damage":1.0,"enemies":"2 Fungi Beasts","floor":11.0,"turns":5.0},{"damage":6.0,"enemies":"The Mushroom Lair","floor":14.0,"turns":5.0},{"damage":0,"enemies":"Slime Boss","floor":16,"turns":1}],"seed_played":"7302943654705209805","potions_obtained":[{"floor":2.0,"key":"FearPotion"},{"floor":11.0,"key":"PowerPotion"},{"floor":14.0,"key":"Block Potion"}],"is_trial":false,"path_per_floor":["M","M","?","$","$","E","R","?","T","M","M","?","$","?","R","B"],"character_chosen":"IRONCLAD","items_purchased":["Armaments"],"campfire_rested":0,"item_purchase_floors":[5],"current_hp_per_floor":[74,75,49,49,49,55,55,32,32,37,42,42,42,42,42,42,42],"gold":54,"neow_bonus":"THREE_ENEMY_KILL","is_daily":false,"chose_seed":false,"campfire_upgraded":2,"win_rate":0.0,"timestamp":1609778303,"path_taken":["M","?","?","?","$","E","R","?","T","?","M","?","$","?","R","BOSS"],"items_purchased_type":["Card"],"build_version":"2020-11-30","purchased_purges":2,"victory":false,"max_hp_per_floor":[75,75,75,75,75,75,75,75,75,75,75,75,75,75,75,75,75],"relic_stats":{"counters":[7,19],"Golden Idol":24,"CeramicFish":9,"obtain_stats":[{"NeowsBlessing":0,"Golden Idol":3,"CeramicFish":9,"Frozen Egg 2":6,"Odd Mushroom":14,"Burning Blood":0},{"NeowsBlessing":0,"Golden Idol":2,"CeramicFish":3,"Frozen Egg 2":3,"Odd Mushroom":6,"Burning Blood":0},{"NeowsBlessing":0,"Golden Idol":2,"CeramicFish":4,"Frozen Egg 2":4,"Odd Mushroom":18,"Burning Blood":0}],"Burning Blood":31},"card_choices":[{"not_picked":["Headbutt","True Grit"],"picked":"Shrug It Off","floor":1.0},{"not_picked":["Pommel Strike","Perfected Strike","Clothesline"],"picked":"SKIP","floor":2.0},{"not_picked":["Perfected Strike","True Grit","Thunderclap"],"picked":"SKIP","floor":6.0},{"not_picked":["Bludgeon","Pommel Strike","Heavy Blade"],"picked":"SKIP","floor":10.0},{"not_picked":["Anger","Wild Strike"],"picked":"Body Slam","floor":11.0}],"player_experience":773951,"relics_obtained":[{"floor":6.0,"key":"Frozen Egg 2"},{"floor":9.0,"key":"CeramicFish"},{"floor":14.0,"key":"Odd Mushroom"}],"event_choices":[{"damage_healed":0.0,"max_hp_gain":0.0,"max_hp_loss":0.0,"gold_gain":0.0,"event_name":"Golden Idol","player_choice":"Take Damage","floor":3.0,"gold_loss":0.0,"damage_taken":26.0,"relics_obtained":["Golden Idol"]},{"damage_healed":0.0,"max_hp_gain":0.0,"max_hp_loss":0.0,"gold_gain":0.0,"event_name":"Shining Light","player_choice":"Entered Light","floor":8.0,"gold_loss":0.0,"damage_taken":23.0,"cards_upgraded":["Strike_R","Strike_R"]},{"damage_healed":0.0,"max_hp_gain":0.0,"max_hp_loss":0.0,"gold_gain":0.0,"event_name":"Mushrooms","player_choice":"Fought Mushrooms","floor":14.0,"gold_loss":0.0,"damage_taken":0.0}],"is_beta":false,"boss_relics":[],"items_purged_floors":[4,13],"is_endless":false,"potions_floor_spawned":[2,11,14],"killed_by":"Slime Boss","ascension_level":20}}