{"host":"vhikgave70uorr7d","time":1609723522,"event":{"mods":["AchievementEnabler","Act Like it!","Ascension Reborn","Ascension Unlocker","BaseMod","Beaked The Cultist","Better Altar","Better Match","Better Note","Better Sensory Stone","Better Skull","Better Third Choice","BetterRewards","ChefMod","Colored Powertips","Custom Start","Defuse TimeMaze Blight","Downfall","Elementarium","Energized Spire","GifTheSpireLib","GungeonMod","Hermit","Hero for Fun","Highlight Path","Hubris","Infinite Spire","JesterMod","Marisa????????","Menagerie","Mimic Mod","Minty Spire (QoL Compilation)","MostiFishMod","Permanent Neow","Quick Restart","Rare Cards Sparkle","Relic Filter","Remove Card Discount Mod","Replay The Spire","Retaliation","Shade Mod","Small Relic Pack","Spicy Shops","StSLib","Swap Starting Deck Mod","Td1madao Mod","The Accelerator","The Alterego","The Animator","The Bladedancer","The Blue Laboratory","The Bug Knight","The Construct","The Cursed","The Disciple","The Hayseed","The Hierophant","The Mystic","The Necromancer","The Runesmith","The Servant 0.9.4","The Vixen","The Wild Card","TheSwordswoman","TheVacant","Transform Curses"],"gold_per_floor":[123,79,91,91,91,91,105,118,118,118,37,60,82,95,95,210,210,234,159,175,505,524,524,107,107],"floor_reached":24,"playtime":2217,"items_purged":["HollowMod:MothsMistake","HollowMod:QuickDashStart","HollowMod:QuickDashStart","HollowMod:QuickDashStart","HollowMod:QuickDashStart","HollowMod:NailStrikeStart","HollowMod:NailStrikeStart","Decay"],"score":240,"play_id":"4cf74722-a0f9-4dd8-8295-26ec1f2e98b3","local_time":"20210103202522","is_ascension_mode":true,"campfire_choices":[{"data":"theWildCard:Michael","floor":6.0,"key":"SMITH"},{"floor":15.0,"key":"RECALL"},{"floor":23,"key":"REST"}],"circlet_count":0,"master_deck":["HollowMod:NailStrikeStart+1","HollowMod:PogoStrike+1","HollowMod:VengefulVoid+1","HollowMod:MantisMark+1","HollowMod:FocusHealStart+1","HollowMod:SiblingsShadow+1","theWildCard:Michael+1","HollowMod:GrimmsGift+1","HollowMod:FastStrike+1","HollowMod:WraithStrike+1","HollowMod:ShadowDash+1","HollowMod:DescendingDark+1","HollowMod:SlysStrikes+1","HollowMod:HuntersJournal+1","HollowMod:VengefulVoid+1","HollowMod:SlysStrikes+1","HollowMod:HuntersJournal+1","Regret","HollowMod:SiblingsSouls","HollowMod:MantisMark","HollowMod:DescendingDark"],"relics":["HollowMod:VesselMask","DaveBox","Medical Kit","DSteel32","DemoMod:PoisonVial","SynthV:TestCard","Strange Spoon","Onion Ring","hubris:TenFootPole","DemoMod:GlassGuonStoneRelic","DemoMod:GlassGuonStoneRelic","DemoMod:GlassGuonStoneRelic","DemoMod:GlassGuonStoneRelic","DemoMod:GlassGuonStoneRelic","infinitespire:EmpoweringShard","Du-Vu Doll","SacredBark","Bottled Lightning","Pet Ghost","DemoMod:Bottle"],"acts_visited":["Exordium","TheCity"],"potions_floor_usage":[],"damage_taken":[{"damage":2.0,"enemies":"Small Slimes","floor":1.0,"turns":4.0},{"damage":13.0,"enemies":"Jaw Worm","floor":3.0,"turns":2.0},{"damage":0.0,"enemies":"infinitespire:Voidling","floor":7.0,"turns":1.0},{"damage":0.0,"enemies":"Exordium Wildlife","floor":8.0,"turns":1.0},{"damage":13.0,"enemies":"Gremlin Gang","floor":12.0,"turns":2.0},{"damage":0.0,"enemies":"Exordium Thugs","floor":13.0,"turns":1.0},{"damage":0.0,"enemies":"3 Louse","floor":14.0,"turns":1.0},{"damage":0.0,"enemies":"Slime Boss","floor":16.0,"turns":2.0},{"damage":0.0,"enemies":"Chosen","floor":18.0,"turns":1.0},{"damage":0,"enemies":"Spheric Guardian","floor":20,"turns":2},{"damage":0,"enemies":"Chosen and Byrds","floor":22,"turns":2}],"seed_played":"-5508387510507768086","potions_obtained":[{"floor":1.0,"key":"construct:ShiftPotion"},{"floor":18.0,"key":"blueLaboratory:EnragingPotion"}],"is_trial":false,"path_per_floor":["M","$","M","?","?","R","M","M","T","?","$","M","M","M","R","B",null,"M","?","M","?","M","R","$"],"character_chosen":"THE_BUGKNIGHT","items_purchased":["HollowMod:VengefulVoid","HollowMod:MantisMark","Strange Spoon","hubris:TenFootPole","blueLaboratory:FruitPunch","Pet Ghost","HollowMod:MantisMark","HollowMod:DescendingDark","DemoMod:Bottle","Swift Potion"],"campfire_rested":1,"item_purchase_floors":[2,2,2,11,11,24,24,24,24,24],"current_hp_per_floor":[73,73,62,56,56,56,56,62,62,62,62,55,55,55,55,63,77,77,77,77,77,77,77,77,77],"gold":107,"neow_bonus":"RANDOM_COMMON_RELIC","is_daily":false,"chose_seed":false,"campfire_upgraded":1,"win_rate":0.0,"timestamp":1609723522,"path_taken":["M","$","M","?","?","R","M","M","T","?","$","M","?","?","R","BOSS","M","?","M","?","M","R","?"],"items_purchased_type":["Card","Card","Relic","Relic","Potion","Relic","Card","Card","Relic","Potion"],"build_version":"2020-12-22","purchased_purges":8,"victory":false,"max_hp_per_floor":[75,75,75,75,75,75,75,75,75,75,75,75,75,75,75,77,77,77,77,77,77,77,77,77,77],"card_choices":[{"not_picked":["HollowMod:NewGlowingWomb","HollowMod:SoulSplash+1"],"picked":"HollowMod:MothsMistake","floor":1.0},{"not_picked":["HollowMod:GrimmsGift","HollowMod:HowlingWraiths+1","HollowMod:DungDefenderAura+1","HollowMod:VengefulSpirit"],"picked":"HollowMod:SiblingsShadow","floor":3.0},{"not_picked":["HollowMod:LifebloodCocoon","HollowMod:SoulEater","HollowMod:SoulStrike","HollowMod:TaintedHusks","HollowMod:CrystalDash"],"picked":"SKIP","floor":7.0},{"not_picked":["HollowMod:SoulSplash","HollowMod:HowlingWraiths","HollowMod:HeavyBlow","HollowMod:MothsMistake"],"picked":"HollowMod:GrimmsGift+1","floor":8.0},{"not_picked":["HollowMod:GrimmsGift+1","HollowMod:CrystalDash+1","HollowMod:NewGlowingWomb+1","HollowMod:FallenFury+1"],"picked":"HollowMod:FastStrike+1","floor":10.0},{"not_picked":["HollowMod:GrimmsGift+1","HollowMod:SoulStrike+1","HollowMod:InfectedCysts","HollowMod:NewGlowingWomb+1"],"picked":"HollowMod:WraithStrike+1","floor":12.0},{"not_picked":["HollowMod:SoulEater+1","HollowMod:WraithStrike","HollowMod:RecoilStrike","HollowMod:MonarchWings"],"picked":"HollowMod:ShadowDash+1","floor":13.0},{"not_picked":["HollowMod:ChannelNail+1","HollowMod:SoulEater","HollowMod:CloakDash+1","HollowMod:QuirrelsAssistance+1"],"picked":"HollowMod:DescendingDark","floor":14.0},{"not_picked":["HollowMod:ElderbugsWisdom","HollowMod:VoidDash","HollowMod:HornetsHelp","HollowMod:MidwifesHunger"],"picked":"HollowMod:SlysStrikes","floor":16.0},{"not_picked":["HollowMod:SharpenedNail+1","HollowMod:SoulShaman+1","HollowMod:FastStrike","HollowMod:LifebloodCocoon+1"],"picked":"HollowMod:HuntersJournal+1","floor":18.0},{"not_picked":["HollowMod:InfectedAttack+1","HollowMod:HeavyBlow+1","HollowMod:DoubleDash+1","HollowMod:ShadowDash+1"],"picked":"HollowMod:VengefulVoid+1","floor":19},{"not_picked":["HollowMod:Hiveblood+1","HollowMod:ElderbugsWisdom+1","HollowMod:VoidDash+1","HollowMod:HornetsHelp+1"],"picked":"HollowMod:SlysStrikes+1","floor":19},{"not_picked":["HollowMod:ElderbugsWisdom","HollowMod:NewJinnsSoul+1","HollowMod:TaintedHusks","HollowMod:SharpenedNail+1"],"picked":"HollowMod:HuntersJournal+1","floor":20},{"not_picked":["HollowMod:SiblingsShadow","HollowMod:DashSlash+1","HollowMod:InfectedAttack","HollowMod:DesolateDive+1"],"picked":"HollowMod:SiblingsSouls","floor":22}],"player_experience":356002,"relics_obtained":[{"floor":1.0,"key":"SynthV:TestCard"},{"floor":9.0,"key":"Onion Ring"},{"floor":16.0,"key":"Du-Vu Doll"}],"event_choices":[{"damage_healed":0.0,"max_hp_gain":0.0,"max_hp_loss":0.0,"gold_gain":0.0,"event_name":"betterMatch:BetterMatch","player_choice":"2","floor":10.0,"gold_loss":0.0,"damage_taken":0.0,"cards_obtained":["betterMatch:UncommonCard"]},{"damage_healed":0,"gold_gain":0,"player_choice":"2","damage_taken":0,"max_hp_gain":0,"max_hp_loss":0,"event_name":"betterMatch:BetterMatch","floor":19,"gold_loss":0,"cards_obtained":["betterMatch:CommonCard","betterMatch:RareCard"]},{"damage_healed":0,"gold_gain":275,"player_choice":"Desecrate","damage_taken":0,"max_hp_gain":0,"max_hp_loss":0,"event_name":"Golden Shrine","floor":21,"gold_loss":0,"cards_obtained":["Regret"]}],"is_beta":false,"boss_relics":[{"not_picked":["BloodWine","Tiny House"],"picked":"SacredBark"}],"items_purged_floors":[2,2,2,2,2,2,2,11],"is_endless":false,"potions_floor_spawned":[1,18,20],"ascension_level":0}}