{"host":"aav8addp4mncoxty","time":1609769065,"event":{"mods":["Act Like it!","BaseMod","CapriCore","Hallownest","Hermit","Koishi","Lobotomy","Minty Spire (QoL Compilation)","Prisma Mod","Replay The Spire","StSLib","The Bug Knight","The Cursed","The Hierophant","The Immortal","The Jungle","The Poker Player","The Runesmith","WarShipGirlsR/??á´Ò³R mod"],"gold_per_floor":[93,78,84,34,34,29,29,29,29,29,29,48,63,28,28,105,105,29,29,29,48,48,48,78,78,78,77,37,17,17],"floor_reached":29,"playtime":2833,"items_purged":[],"score":517,"play_id":"3c4b94b5-8638-4858-869b-bb66e1598f07","local_time":"20210104230425","is_ascension_mode":false,"campfire_choices":[{"data":"hierophant:ChurchCoffers","floor":7,"key":"SMITH"},{"data":"hierophant:Repentance","floor":10,"key":"SMITH"},{"data":"hierophant:HolyVerse","floor":15,"key":"SMITH"},{"floor":23,"key":"REST"}],"circlet_count":0,"master_deck":["hierophant:Punish","hierophant:ChurchCoffers+1","hierophant:Repentance+1","Scorched","hierophant:HolyVerse+1","hierophant:Zeal","Freischutz","Hallownest:skillLeafShield","Hallownest:skillLeafShield","Hallownest:skillLeafShield","Hallownest:skillLeafShield","Hallownest:skillLeafShield","hierophant:PristineSoul","HappyTeddy","Writhe","hierophant:Sermon","WallGazer","hierophant:DisplayOfPower","Wellcheers","hierophant:Invocation","LittleHelper","hierophant:Purify","hierophant:Bribe","hierophant:Glossolalia","hierophant:Upheaval","hierophant:HolyVerse","OldLady","Writhe","hierophant:Kindle","hierophant:MirrorShield","WhitesApple","Parasite","hierophant:DivineIntervention","DreamingCurrent","Parasite","hierophant:HolyVerse","Parasite","Bloodbath","Parasite"],"relics":["hierophant:PropheticMaskRelic","CogitoBucket","CaptainsWheel","The Courier","Hallownest:DreamNailRelic","Runesmith:Locket","Pandora\u0027s Box","TreeSap","Shovel","Happy Flower","theJungle:BirthdayCake","Shuriken","Blue Doll","Nunchaku"],"acts_visited":["Exordium","Hallownest:Greenpath"],"potions_floor_usage":[2,2,6,12,16,16,27],"damage_taken":[{"damage":1,"enemies":"2_ Uuma","floor":1,"turns":3},{"damage":0,"enemies":"Hallownest:monsterHuskGuard","floor":2,"turns":2},{"damage":0,"enemies":"Hallownest:2_MossCreeps","floor":3,"turns":1},{"damage":9,"enemies":"Hallownest:eliteVengeflyKing","floor":6,"turns":5},{"damage":4,"enemies":"Hallownest:monsterFoolEater","floor":12,"turns":2},{"damage":4,"enemies":"Hallownest:eliteMossKnight","floor":13,"turns":6},{"damage":51,"enemies":"Hallownest:BossBrokenVessel","floor":16,"turns":8},{"damage":76,"enemies":"theJungle:GiantWrat","floor":18,"turns":9},{"damage":13,"enemies":"theJungle:MUSHROOMGANG","floor":21,"turns":4},{"damage":5,"enemies":"theJungle:2_Phrogs","floor":24,"turns":7},{"damage":38,"enemies":"theJungle:MamaSnecko","floor":27,"turns":7},{"damage":40,"enemies":"JungleHuntersEvent","floor":28,"turns":5},{"damage":93,"enemies":"Snake Plant","floor":29,"turns":5}],"seed_played":"4400025801634039684","potions_obtained":[{"floor":1,"key":"EntropicBrew"},{"floor":3,"key":"SteroidPotion"},{"floor":6,"key":"FearPotion"},{"floor":24,"key":"AttackPotion"}],"is_trial":false,"path_per_floor":["M","M","M","$","?","E","R","?","T","R","?","M","E","?","R","B",null,"M","?","?","M","?","R","E","?","T","E","?","M"],"character_chosen":"HIEROPHANT","items_purchased":["AttackPotion"],"campfire_rested":1,"item_purchase_floors":[4],"current_hp_per_floor":[74,74,74,74,74,65,65,74,74,74,74,70,66,71,71,29,89,16,16,16,18,18,44,42,62,62,66,59,0,0],"gold":17,"neow_bonus":"","is_daily":false,"chose_seed":false,"campfire_upgraded":3,"win_rate":0.0,"timestamp":1609769065,"path_taken":["M","M","M","$","?","E","R","?","T","R","?","?","E","?","R","BOSS","M","?","?","?","?","R","E","?","T","E","?","M"],"items_purchased_type":["Potion"],"build_version":"2020-12-22","purchased_purges":0,"victory":false,"max_hp_per_floor":[75,75,75,75,75,75,75,84,84,84,84,84,84,89,89,89,89,89,89,89,89,89,89,89,109,109,109,109,109,109],"card_choices":[{"not_picked":["hierophant:RustyCrate","hierophant:Bribe"],"picked":"hierophant:Repentance","floor":1},{"not_picked":["FairyFestival","BeautyBeast","WallGazer"],"picked":"Singing Bowl","floor":1},{"not_picked":["MHz","UniverseFragment"],"picked":"Scorched","floor":1},{"not_picked":["hierophant:HammerAndAnvil","hierophant:Alms"],"picked":"hierophant:HolyVerse","floor":2},{"not_picked":["MeatLantern","Wellcheers"],"picked":"GreedKing","floor":2},{"not_picked":["hierophant:Glossolalia","hierophant:Embezzle"],"picked":"hierophant:Zeal","floor":3},{"not_picked":["BigBird","HappyTeddy"],"picked":"Freischutz","floor":3},{"not_picked":["hierophant:WrathOfGod","hierophant:Doomsaying"],"picked":"hierophant:PristineSoul","floor":6},{"not_picked":["Mercenary","CherryBlossoms"],"picked":"HappyTeddy","floor":6},{"not_picked":["hierophant:Chorus","hierophant:HammerAndAnvil"],"picked":"hierophant:Sermon","floor":12},{"not_picked":["SpiderBud","FairyFestival","CrumblingArmor"],"picked":"Singing Bowl","floor":12},{"not_picked":["BeautyBeast","NakedNest"],"picked":"WallGazer","floor":12},{"not_picked":["hierophant:Rebuild","hierophant:AuricBeam"],"picked":"hierophant:DisplayOfPower","floor":13},{"not_picked":["Laetitia","MHz"],"picked":"Wellcheers","floor":13},{"not_picked":["hierophant:Kindle","hierophant:Batter"],"picked":"hierophant:Invocation","floor":16},{"not_picked":["CherryBlossoms","OSAHOGD"],"picked":"LittleHelper","floor":16},{"not_picked":["hierophant:HammerAndAnvil","hierophant:OrnateBuckler"],"picked":"hierophant:HolyVerse","floor":18},{"not_picked":["Murderer","Rudolta"],"picked":"OldLady","floor":18},{"not_picked":["hierophant:Endure","hierophant:Prophecy"],"picked":"hierophant:MirrorShield","floor":21},{"not_picked":["CrumblingArmor","Bloodbath"],"picked":"WhitesApple","floor":21},{"not_picked":["hierophant:Alms","hierophant:Zeal"],"picked":"hierophant:DivineIntervention","floor":24},{"not_picked":["Murderer","Rudolta"],"picked":"DreamingCurrent","floor":24},{"not_picked":["hierophant:Chorus","hierophant:PassingBell"],"picked":"hierophant:HolyVerse","floor":27},{"not_picked":["NakedNest","ShyLook","BigBird"],"picked":"Singing Bowl","floor":27},{"not_picked":["OSAHOGD","UniverseFragment"],"picked":"Bloodbath","floor":28}],"player_experience":210941,"relics_obtained":[{"floor":6,"key":"CaptainsWheel"},{"floor":9,"key":"The Courier"},{"floor":13,"key":"Runesmith:Locket"},{"floor":24,"key":"Happy Flower"},{"floor":26,"key":"Shuriken"},{"floor":27,"key":"Blue Doll"},{"floor":28,"key":"Nunchaku"}],"event_choices":[{"damage_healed":0,"gold_gain":0,"cards_transformed":["GreedKing"],"player_choice":"Transformed","damage_taken":0,"max_hp_gain":0,"max_hp_loss":0,"event_name":"Transmorgrifier","floor":20,"gold_loss":0,"cards_obtained":["hierophant:Kindle"]}],"is_beta":false,"boss_relics":[{"not_picked":["Replay:Drink Me","Replay:Fungal Core"],"picked":"Pandora\u0027s Box"}],"items_purged_floors":[],"is_endless":false,"potions_floor_spawned":[1,3,6,24],"killed_by":"Snake Plant","ascension_level":0}}