{"host":"v0dnu0zs4qo0v13s","time":1609719988,"event":{"mods":["BaseMod","Colored Map","Colored Powertips","Minty Spire (QoL Compilation)","Relic Stats","StSLib","SuperFastMode","everything is the same but u backflip on backflip"],"gold_per_floor":[359,69,81,91,91,117,117,128,196,196,196,346,346,358,358,358,358],"floor_reached":16,"playtime":543,"items_purged":["Strike_R"],"score":175,"play_id":"c30d3f8d-dce7-4045-8484-367c04b37cb3","local_time":"20210103192628","is_ascension_mode":true,"campfire_choices":[{"floor":7,"key":"REST"},{"floor":11,"key":"REST"},{"data":"Rage","floor":15,"key":"SMITH"}],"circlet_count":0,"master_deck":["AscendersBane","Strike_R","Strike_R+1","Strike_R","Defend_R","Defend_R","Defend_R","Defend_R","Bash","Decay","Hemokinesis","Fire Breathing+1","Pommel Strike","Shockwave","Burning Pact","Inflame","Doubt","Rage+1"],"relics":["Burning Blood","MealTicket","Magic Flower","Molten Egg 2","Bag of Preparation"],"acts_visited":["Exordium"],"potions_floor_usage":[4,16],"damage_taken":[{"damage":5,"enemies":"Small Slimes","floor":1,"turns":4},{"damage":3,"enemies":"2 Louse","floor":3,"turns":3},{"damage":16,"enemies":"Jaw Worm","floor":4,"turns":3},{"damage":41,"enemies":"Lagavulin","floor":6,"turns":7},{"damage":13,"enemies":"Blue Slaver","floor":8,"turns":3},{"damage":6,"enemies":"2 Fungi Beasts","floor":14,"turns":3},{"damage":24,"enemies":"The Guardian","floor":16,"turns":9}],"seed_played":"-7890246987906090599","potions_obtained":[{"floor":3,"key":"Fruit Juice"},{"floor":6,"key":"Swift Potion"},{"floor":14,"key":"Dexterity Potion"}],"is_trial":false,"path_per_floor":["M","$","M","M","?","E","R","M","T","?","R","?","?","M","R","B"],"character_chosen":"IRONCLAD","items_purchased":["Fire Breathing","MealTicket"],"campfire_rested":2,"item_purchase_floors":[2,2],"current_hp_per_floor":[69,69,72,67,43,8,32,28,28,28,52,52,41,44,44,20,20],"gold":358,"neow_bonus":"TWO_FIFTY_GOLD","is_daily":false,"chose_seed":false,"campfire_upgraded":1,"win_rate":0.0,"timestamp":1609719988,"path_taken":["M","$","M","M","?","E","R","M","T","?","R","?","?","?","R","BOSS"],"items_purchased_type":["Card","Relic"],"build_version":"2020-12-22","purchased_purges":1,"victory":false,"max_hp_per_floor":[75,75,75,80,80,80,80,80,80,80,80,80,80,80,80,80,80],"relic_stats":{"counters":[7,32],"Magic Flower":[6],"MealTicket":0,"Bag of Preparation":[4],"obtain_stats":[{"Magic Flower":6,"MealTicket":2,"Molten Egg 2":9,"Bag of Preparation":13,"Burning Blood":0},{"Magic Flower":4,"MealTicket":1,"Molten Egg 2":5,"Bag of Preparation":5,"Burning Blood":0},{"Magic Flower":17,"MealTicket":4,"Molten Egg 2":20,"Bag of Preparation":20,"Burning Blood":0}],"Burning Blood":42},"card_choices":[{"not_picked":["Havoc","Clash"],"picked":"Hemokinesis","floor":1},{"not_picked":["Twin Strike","Iron Wave","Anger"],"picked":"SKIP","floor":3},{"not_picked":["Hemokinesis","Clash"],"picked":"Pommel Strike","floor":4},{"not_picked":["Twin Strike","Carnage"],"picked":"Shockwave","floor":6},{"not_picked":["Heavy Blade","Rage"],"picked":"Burning Pact","floor":8},{"not_picked":["Flex","Second Wind"],"picked":"Rage","floor":14}],"player_experience":643642,"relics_obtained":[{"floor":6,"key":"Magic Flower"},{"floor":9,"key":"Molten Egg 2"}],"event_choices":[{"damage_healed":0,"gold_gain":0,"player_choice":"Entered Light","damage_taken":24,"max_hp_gain":0,"max_hp_loss":0,"event_name":"Shining Light","floor":5,"gold_loss":0,"cards_upgraded":["Strike_R","Fire Breathing"]},{"damage_healed":0,"gold_gain":0,"cards_transformed":["Strike_R"],"player_choice":"Change","damage_taken":0,"max_hp_gain":0,"max_hp_loss":0,"event_name":"Living Wall","floor":10,"gold_loss":0,"cards_obtained":["Inflame"]},{"damage_healed":0,"gold_gain":150,"player_choice":"AGREE","damage_taken":0,"max_hp_gain":0,"max_hp_loss":0,"event_name":"Liars Game","floor":12,"gold_loss":0,"cards_obtained":["Doubt"]},{"damage_healed":0,"gold_gain":0,"player_choice":"Success","damage_taken":11,"relics_obtained":["Bag of Preparation"],"max_hp_gain":0,"max_hp_loss":0,"event_name":"Scrap Ooze","floor":13,"gold_loss":0}],"is_beta":false,"boss_relics":[],"items_purged_floors":[2],"is_endless":false,"potions_floor_spawned":[3,6,14],"killed_by":"The Guardian","ascension_level":15}}