{"host":"344lv32hnei0mdhu","time":1609744807,"event":{"mods":["Act Like it!","BaseMod","Better Match","Better Sensory Stone","Better Skull","Better Third Choice","Better Vampires","Colored Powertips","Highlight Path","Minty Spire (QoL Compilation)","Quick Restart","Random Character Button","Rare Cards Sparkle","StSLib"],"gold_per_floor":[118,118,293,293,218,244,244,273,273,235,235,270,280,280,280,384,384,404,404,404,404,419,419,430,430,430,430,456,456,456,188,188,188,188],"floor_reached":33,"playtime":1558,"items_purged":["Doubt"],"score":508,"play_id":"a8a6f4e5-745c-4c68-ad69-e39f921c179f","local_time":"20210104012007","is_ascension_mode":true,"campfire_choices":[{"data":"BowlingBash","floor":7.0,"key":"SMITH"},{"data":"Conclude","floor":11.0,"key":"SMITH"},{"data":"PathToVictory","floor":15.0,"key":"SMITH"},{"data":"DevaForm","floor":23.0,"key":"SMITH"},{"floor":25.0,"key":"REST"},{"data":"Eruption","floor":27.0,"key":"SMITH"},{"data":"WheelKick","floor":29.0,"key":"SMITH"},{"data":"LikeWater","floor":32.0,"key":"SMITH"}],"circlet_count":0,"master_deck":["Strike_P","Strike_P","Strike_P","Strike_P","Defend_P","Defend_P","Defend_P","Defend_P","Eruption+1","Vigilance","Conclude+1","BowlingBash+1","WheelKick+1","MentalFortress","ClearTheMind","PathToVictory+1","DevaForm+1","Sanctity+1","Indignation","BowlingBash+1","LikeWater+1","SignatureMove","Evaluate","DeceiveReality"],"relics":["PureWater","NeowsBlessing","FossilizedHelix","Juzu Bracelet","TeardropLocket","Sundial","Mummified Hand","Velvet Choker","Bag of Preparation","Mercury Hourglass","Membership Card"],"acts_visited":["Exordium","TheCity"],"potions_floor_usage":[],"damage_taken":[{"damage":0.0,"enemies":"Small Slimes","floor":1.0,"turns":1.0},{"damage":0.0,"enemies":"Lagavulin","floor":6.0,"turns":1.0},{"damage":0.0,"enemies":"Gremlin Nob","floor":8.0,"turns":1.0},{"damage":0.0,"enemies":"Lagavulin","floor":12.0,"turns":5.0},{"damage":0.0,"enemies":"2 Louse","floor":13.0,"turns":1.0},{"damage":25.0,"enemies":"The Guardian","floor":16.0,"turns":11.0},{"damage":7.0,"enemies":"Shell Parasite","floor":18.0,"turns":3.0},{"damage":20.0,"enemies":"3 Byrds","floor":22.0,"turns":5.0},{"damage":0.0,"enemies":"Snecko","floor":24.0,"turns":3.0},{"damage":7.0,"enemies":"Gremlin Leader","floor":28.0,"turns":4.0},{"damage":87,"enemies":"Champ","floor":33,"turns":12}],"seed_played":"-5406815820402135530","potions_obtained":[{"floor":1.0,"key":"Swift Potion"},{"floor":6.0,"key":"Fire Potion"},{"floor":12.0,"key":"FearPotion"},{"floor":22.0,"key":"BottledMiracle"},{"floor":24.0,"key":"GamblersBrew"}],"is_trial":false,"path_per_floor":["M","$","?","?","$","E","R","E","T","$","R","E","M","T","R","B",null,"M","?","?","?","M","R","M","R","T","R","E","R","?","$","R","B"],"character_chosen":"WATCHER","items_purchased":["MentalFortress","Membership Card","LikeWater","SignatureMove","Evaluate","DeceiveReality"],"campfire_rested":1,"item_purchase_floors":[10,31,31,31,31,31],"current_hp_per_floor":[65,65,65,70,70,70,70,70,70,70,70,70,70,70,70,45,69,62,62,66,66,46,46,46,69,69,69,62,62,62,62,62,0,0],"gold":188,"neow_bonus":"THREE_ENEMY_KILL","is_daily":false,"chose_seed":false,"campfire_upgraded":7,"win_rate":0.0,"timestamp":1609744807,"path_taken":["M","$","?","?","?","E","R","E","T","$","R","E","M","?","R","BOSS","M","?","?","?","M","R","M","R","T","R","E","R","?","$","R","BOSS"],"items_purchased_type":["Card","Relic","Card","Card","Card","Card"],"build_version":"2020-12-22","purchased_purges":1,"victory":false,"max_hp_per_floor":[72,72,72,77,77,77,77,77,77,77,77,77,77,77,77,77,77,77,77,77,77,77,77,77,77,77,77,77,77,77,77,77,77,77],"card_choices":[{"not_picked":["Perseverance","ClearTheMind"],"picked":"Conclude","floor":1.0},{"not_picked":["Perseverance","SandsOfTime"],"picked":"BowlingBash","floor":6.0},{"not_picked":["Sanctity","FollowUp"],"picked":"WheelKick","floor":8.0},{"not_picked":["Vengeance","Weave"],"picked":"ClearTheMind","floor":12.0},{"not_picked":["Collect","Protect"],"picked":"PathToVictory","floor":13.0},{"not_picked":["Vault","Brilliance"],"picked":"DevaForm","floor":16.0},{"not_picked":["Evaluate","Indignation+1"],"picked":"Sanctity+1","floor":18.0},{"not_picked":["Perseverance+1","WindmillStrike"],"picked":"Indignation","floor":22.0},{"not_picked":["EmptyBody","WindmillStrike+1"],"picked":"BowlingBash+1","floor":24.0},{"not_picked":["Worship","InnerPeace","CrushJoints"],"picked":"SKIP","floor":28.0}],"player_experience":308329,"relics_obtained":[{"floor":6.0,"key":"FossilizedHelix"},{"floor":8.0,"key":"Juzu Bracelet"},{"floor":9.0,"key":"TeardropLocket"},{"floor":12.0,"key":"Sundial"},{"floor":14.0,"key":"Mummified Hand"},{"floor":26.0,"key":"Bag of Preparation"},{"floor":28.0,"key":"Mercury Hourglass"}],"event_choices":[{"damage_healed":0.0,"max_hp_gain":0.0,"max_hp_loss":0.0,"gold_gain":175.0,"event_name":"betterThird:BetterSerpent","player_choice":"AGREE","floor":3.0,"gold_loss":0.0,"damage_taken":118.0},{"damage_healed":0.0,"max_hp_gain":5.0,"max_hp_loss":0.0,"gold_gain":0.0,"event_name":"Big Fish","player_choice":"Donut","floor":4.0,"gold_loss":0.0,"damage_taken":0.0},{"damage_healed":0.0,"max_hp_gain":0.0,"max_hp_loss":0.0,"gold_gain":0.0,"event_name":"Ghosts","player_choice":"Ignored","floor":19.0,"gold_loss":0.0,"damage_taken":0.0},{"damage_healed":4.0,"max_hp_gain":0.0,"max_hp_loss":0.0,"gold_gain":0.0,"event_name":"betterSkull:BetterSkull","player_choice":"LEAVE ","floor":20.0,"gold_loss":0.0,"damage_taken":0.0,"cards_upgraded":[],"relics_obtained":[]},{"damage_healed":0.0,"max_hp_gain":0.0,"max_hp_loss":0.0,"gold_gain":2.0,"event_name":"betterStone:BetterStone","player_choice":"1","floor":21.0,"gold_loss":0.0,"damage_taken":0.0},{"damage_healed":0.0,"max_hp_gain":0.0,"max_hp_loss":0.0,"gold_gain":0.0,"event_name":"The Mausoleum","player_choice":"Ignored","floor":30.0,"gold_loss":0.0,"damage_taken":0.0}],"is_beta":false,"boss_relics":[{"not_picked":["Cursed Key","Fusion Hammer"],"picked":"Velvet Choker"}],"items_purged_floors":[5],"is_endless":false,"potions_floor_spawned":[1,6,12,22,24],"killed_by":"Champ","ascension_level":9}}