{"host":"pdgvu626dlon98qh","time":1609785211,"event":{"mods":["AchievementEnabler","Aspiration","BaseMod","Better Third Choice","BetterRewards","Card Forge","Colored Map","Colored Powertips","Custom Start","Energized Spire","Gold Saver","Minty Spire (QoL Compilation)","Shop Mod","StSLib","Twitch Decklist","Waifu the Spire","slay the spire mod where everything is the same but ironclad has a cowboy hat"],"gold_per_floor":[578,215,234,234,234,234,261,261,261,261,314,328,328,365,365,467,467,487,487,496,435,453,487,487,505,581,595,628,628,464,482,482,585,585,604,654,654,681,698,728,740,740,740,757,857,857,884,903,903,903,903,903,214,249,249],"floor_reached":56,"playtime":1113,"items_purged":[],"score":2026,"play_id":"fb4f7e25-e91a-4046-acae-8d4040142fec","local_time":"20210104133331","is_ascension_mode":false,"campfire_choices":[{"floor":13,"key":"RECALL"},{"floor":15,"key":"REST"},{"floor":24,"key":"REST"},{"floor":32,"key":"REST"},{"floor":42,"key":"REST"},{"floor":46,"key":"REST"},{"floor":49,"key":"REST"},{"floor":52,"key":"REST"}],"circlet_count":0,"master_deck":["Neutralize+1","Accuracy+1","Blade Dance+1","Accuracy+1","Cloak And Dagger+1","Blur+1","Footwork+1","Blade Dance+1","Backflip+1","Footwork+1","Panache+1","Accuracy+1"],"relics":["Ring of the Snake","Hammer of Thor","Seething Fire","Anvil of the Gods","Letter Opener","Chemical X","MerchantsRug","Membership Card","Pantograph","TwistedFunnel","CeramicFish","Blood Vial","Anchor","Akabeko","aspiration:HatOfInfinitePower","HandDrill","Singing Bowl","Lee\u0027s Waffle","Lantern","Sling","Strawberry","aspiration:ChemicalBlood","Tough Bandages","aspiration:ArtOfWarUpgrade","Shuriken","Happy Flower","Orichalcum","Kunai","Ornamental Fan","Sundial","Boot","ClockworkSouvenir","aspiration:HummingbirdHeart","aspiration:Lifesprig","Pen Nib","Turnip","TheAbacus","InkBottle","Tiny Chest","aspiration:FetidBarrel","aspiration:StickyExplosives_weak","Ice Cream","Paper Crane","OrangePellets","The Courier","Bag of Marbles","Matryoshka","energizedSpire:MagnifyingGlass","HornCleat","Ancient Tea Set","FossilizedHelix","aspiration:FrozenJewel","Mummified Hand","Dream Catcher","Nunchaku","Potion Belt","Gremlin Horn","Busted Crown","Bronze Scales","Incense Burner","Ninja Scroll","Regal Pillow","Whetstone","Eternal Feather","Oddly Smooth Stone","War Paint","Ginger","Centennial Puzzle","Bottled Tornado","Tingsha","White Beast Statue"],"acts_visited":["Exordium","TheCity","TheBeyond","TheEnding"],"potions_floor_usage":[],"damage_taken":[{"damage":0,"enemies":"2 Louse","floor":1,"turns":1},{"damage":0,"enemies":"Cultist","floor":3,"turns":1},{"damage":0,"enemies":"Lagavulin","floor":7,"turns":2},{"damage":0,"enemies":"Jaw Worm","floor":12,"turns":1},{"damage":0,"enemies":"3 Sentries","floor":14,"turns":1},{"damage":0,"enemies":"Slime Boss","floor":16,"turns":2},{"damage":0,"enemies":"Chosen","floor":18,"turns":2},{"damage":0,"enemies":"3 Byrds","floor":22,"turns":2},{"damage":0,"enemies":"Slavers","floor":23,"turns":1},{"damage":0,"enemies":"Sentry and Sphere","floor":25,"turns":1},{"damage":0,"enemies":"3 Cultists","floor":27,"turns":1},{"damage":0,"enemies":"Book of Stabbing","floor":28,"turns":1},{"damage":0,"enemies":"Centurion and Healer","floor":31,"turns":1},{"damage":0,"enemies":"Champ","floor":33,"turns":2},{"damage":0,"enemies":"Orb Walker","floor":35,"turns":1},{"damage":0,"enemies":"2 Orb Walkers","floor":36,"turns":1},{"damage":0,"enemies":"3 Shapes","floor":39,"turns":1},{"damage":0,"enemies":"Nemesis","floor":40,"turns":1},{"damage":0,"enemies":"Maw","floor":41,"turns":1},{"damage":0,"enemies":"Sphere and 2 Shapes","floor":44,"turns":1},{"damage":0,"enemies":"Reptomancer","floor":47,"turns":1},{"damage":0,"enemies":"4 Shapes","floor":48,"turns":1},{"damage":0,"enemies":"Time Eater","floor":50,"turns":3},{"damage":0,"enemies":"Shield and Spear","floor":54,"turns":1},{"damage":0,"enemies":"The Heart","floor":55,"turns":4}],"seed_played":"1876355658753618160","potions_obtained":[{"floor":3,"key":"Ancient Potion"},{"floor":16,"key":"Fire Potion"},{"floor":22,"key":"Energy Potion"},{"floor":27,"key":"GhostInAJar"},{"floor":39,"key":"AttackPotion"},{"floor":48,"key":"Energy Potion"}],"is_trial":false,"path_per_floor":["M","$","M","?","?","R","E","R","T","?","T","M","R","E","R","B",null,"M","?","?","$","M","E","R","M","T","M","E","T","$","M","R","B",null,"M","?","?","T","M","E","M","R","T","M","?","R","E","M","R","B",null,"R","$","E","B",null],"character_chosen":"THE_SILENT","items_purchased":["Letter Opener","Chemical X","MerchantsRug","Membership Card","Pantograph","Accuracy","Blade Dance","TwistedFunnel","CeramicFish","Blood Vial","Anchor","Akabeko","Accuracy","Cloak And Dagger","Blur","Footwork","aspiration:HatOfInfinitePower","HandDrill","Blade Dance","Cloak And Dagger","Singing Bowl","Backflip","Lee\u0027s Waffle","Lantern","Sling","Strawberry","aspiration:ChemicalBlood","Tough Bandages","Art of War","Shuriken","Happy Flower","Orichalcum","Kunai","Ornamental Fan","Sundial","Boot","ClockworkSouvenir","Footwork","aspiration:HummingbirdHeart","aspiration:Lifesprig","Pen Nib","Turnip","TheAbacus","InkBottle","Panache","Tiny Chest","aspiration:FetidBarrel","aspiration:StickyExplosives_weak","Ice Cream","Paper Crane","OrangePellets","Accuracy","Ancient Tea Set","Potion Belt","Gremlin Horn","Whetstone","Eternal Feather","Oddly Smooth Stone","War Paint","Ginger","Centennial Puzzle","Bottled Tornado","Tingsha","Block Potion"],"campfire_rested":7,"item_purchase_floors":[0,0,0,0,0,0,0,0,0,0,0,0,0,0,0,0,0,0,0,0,0,0,0,0,0,0,0,0,0,0,0,0,0,0,0,0,0,0,0,0,0,0,0,0,0,0,0,0,2,2,2,2,21,30,30,53,53,53,53,53,53,53,53,53],"current_hp_per_floor":[86,86,88,88,88,88,90,90,90,90,90,92,92,92,92,94,94,96,96,96,96,98,100,100,102,102,104,106,106,106,108,110,112,112,114,116,118,118,120,122,124,126,126,128,128,130,132,134,136,136,136,138,138,140,140],"gold":249,"neow_bonus":"","is_daily":false,"chose_seed":false,"campfire_upgraded":0,"win_rate":0.0,"timestamp":1609785211,"path_taken":["M","$","M","?","?","R","E","R","T","?","?","?","R","E","R","BOSS","M","?","?","$","M","E","R","M","T","M","E","?","?","M","R","BOSS","M","?","?","?","M","E","M","R","T","M","?","R","E","M","R","BOSS","R","$","E","BOSS"],"items_purchased_type":["Relic","Relic","Relic","Relic","Relic","Card","Card","Relic","Relic","Relic","Relic","Relic","Card","Card","Card","Card","Relic","Relic","Card","Card","Relic","Card","Relic","Relic","Relic","Relic","Relic","Relic","Relic","Relic","Relic","Relic","Relic","Relic","Relic","Relic","Relic","Card","Relic","Relic","Relic","Relic","Relic","Relic","Card","Relic","Relic","Relic","Relic","Relic","Relic","Card","Relic","Relic","Relic","Relic","Relic","Relic","Relic","Relic","Relic","Relic","Relic","Potion"],"build_version":"2020-12-22","purchased_purges":0,"victory":true,"max_hp_per_floor":[86,86,88,88,88,88,90,90,90,90,90,92,92,92,92,94,94,96,96,96,96,98,100,100,102,102,104,106,106,106,108,110,112,112,114,116,118,118,120,122,124,126,126,128,128,130,132,134,136,136,136,138,138,140,140],"card_choices":[{"not_picked":["Dagger Spray","Endless Agony","Acrobatics"],"picked":"Singing Bowl","floor":1},{"not_picked":["Reflex","Dagger Spray","Deadly Poison"],"picked":"Singing Bowl","floor":3},{"not_picked":["Skewer","Venomology","Backflip"],"picked":"Singing Bowl","floor":7},{"not_picked":["Acrobatics","Outmaneuver","Terror"],"picked":"Singing Bowl","floor":12},{"not_picked":["Backstab","Tactician"],"picked":"After Image","floor":14},{"not_picked":["Adrenaline","Corpse Explosion","Storm of Steel"],"picked":"Singing Bowl","floor":16},{"not_picked":["Dagger Spray","Underhanded Strike+1","Catalyst+1"],"picked":"Singing Bowl","floor":18},{"not_picked":["Deadly Poison","Deflect","Acrobatics+1"],"picked":"Singing Bowl","floor":22},{"not_picked":["Acrobatics","Backstab+1","Endless Agony"],"picked":"Singing Bowl","floor":23},{"not_picked":["Backflip","Deflect","Bane"],"picked":"Singing Bowl","floor":25},{"not_picked":["Calculated Gamble","Footwork","Underhanded Strike"],"picked":"Singing Bowl","floor":27},{"not_picked":["Finisher+1","Escape Plan","Poisoned Stab"],"picked":"Singing Bowl","floor":28},{"not_picked":["Dagger Throw+1","Outmaneuver","Concentrate+1"],"picked":"Singing Bowl","floor":31},{"not_picked":["Blade Dance","Dagger Throw","Catalyst+1"],"picked":"Singing Bowl","floor":32},{"not_picked":["Night Terror","Wraith Form v2","aspiration:Lunge"],"picked":"Singing Bowl","floor":33},{"not_picked":["Blade Dance"],"picked":"Singing Bowl","floor":35},{"not_picked":["Outmaneuver+1"],"picked":"Singing Bowl","floor":36},{"not_picked":["Jack Of All Trades"],"picked":"Singing Bowl","floor":37},{"not_picked":["PiercingWail"],"picked":"Singing Bowl","floor":39},{"not_picked":["Poisoned Stab+1"],"picked":"Singing Bowl","floor":40},{"not_picked":["Concentrate+1"],"picked":"Singing Bowl","floor":41},{"not_picked":["Bane+1"],"picked":"Singing Bowl","floor":42},{"not_picked":["Deadly Poison+1"],"picked":"Singing Bowl","floor":44},{"not_picked":["Distraction+1"],"picked":"Singing Bowl","floor":46},{"not_picked":["Flying Knee+1"],"picked":"Singing Bowl","floor":47},{"not_picked":["Underhanded Strike"],"picked":"Singing Bowl","floor":48},{"not_picked":["Underhanded Strike+1"],"picked":"Singing Bowl","floor":49},{"not_picked":["Setup+1"],"picked":"Singing Bowl","floor":52},{"not_picked":["Skewer"],"picked":"Singing Bowl","floor":54}],"player_experience":820982,"relics_obtained":[{"floor":7,"key":"The Courier"},{"floor":9,"key":"Bag of Marbles"},{"floor":14,"key":"Matryoshka"},{"floor":23,"key":"FossilizedHelix"},{"floor":26,"key":"aspiration:FrozenJewel"},{"floor":26,"key":"Mummified Hand"},{"floor":29,"key":"Dream Catcher"},{"floor":29,"key":"Nunchaku"},{"floor":38,"key":"Bronze Scales"},{"floor":40,"key":"Incense Burner"},{"floor":43,"key":"Ninja Scroll"},{"floor":47,"key":"Regal Pillow"},{"floor":54,"key":"White Beast Statue"}],"event_choices":[{"damage_healed":88,"gold_gain":0,"player_choice":"Leave","damage_taken":0,"max_hp_gain":0,"max_hp_loss":88,"event_name":"betterThird:BetterShining","floor":4,"gold_loss":0},{"cards_removed":["Cloak And Dagger"],"damage_healed":0,"gold_gain":0,"player_choice":"Forget","damage_taken":0,"max_hp_gain":0,"max_hp_loss":0,"event_name":"Living Wall","floor":5,"gold_loss":0},{"damage_healed":0,"gold_gain":0,"player_choice":"Ignored","damage_taken":0,"max_hp_gain":0,"max_hp_loss":0,"event_name":"NoteForYourself","floor":10,"gold_loss":0},{"damage_healed":0,"gold_gain":0,"player_choice":"Ignored","damage_taken":0,"max_hp_gain":0,"max_hp_loss":0,"event_name":"Ghosts","floor":19,"gold_loss":0},{"damage_healed":0,"gold_gain":0,"player_choice":"Opened","damage_taken":0,"relics_obtained":["HornCleat"],"max_hp_gain":0,"max_hp_loss":0,"event_name":"The Mausoleum","floor":20,"gold_loss":0,"cards_obtained":["Writhe"]},{"damage_healed":0,"gold_gain":0,"player_choice":"Fight","damage_taken":0,"max_hp_gain":0,"max_hp_loss":0,"event_name":"Mysterious Sphere","floor":36,"gold_loss":0},{"damage_healed":0,"gold_gain":0,"player_choice":"Memory 1","damage_taken":0,"max_hp_gain":0,"max_hp_loss":0,"event_name":"SensoryStone","floor":37,"gold_loss":0},{"damage_healed":0,"gold_gain":100,"player_choice":"Pray","damage_taken":0,"max_hp_gain":0,"max_hp_loss":0,"event_name":"Golden Shrine","floor":45,"gold_loss":0}],"is_beta":false,"boss_relics":[{"not_picked":["energizedSpire:HighHeels","Runic Dome"],"picked":"energizedSpire:MagnifyingGlass"},{"not_picked":["energizedSpire:NeverEndingSparkler","aspiration:SecretTechniqueScroll"],"picked":"Busted Crown"}],"items_purged_floors":[],"is_endless":false,"potions_floor_spawned":[3,16,22,25,27,36,39,48],"ascension_level":0}}