{"host":"rolltorest","time":1609721430,"event":{"mods":["BaseMod","Minty Spire (QoL Compilation)","Relic Stats","Slay the Relics Exporter","StSLib","The Servant 0.9.4"],"gold_per_floor":[115,14,25,25,25,57,68,84,384,412,427,427,439,459,459,533,533,545,31,49,49,68,68,68,68],"floor_reached":24,"playtime":651,"items_purged":[],"score":470,"play_id":"13eec982-3dd5-46e5-b745-a6db3b70f40c","local_time":"20210103165030","is_ascension_mode":true,"campfire_choices":[{"data":"Spin","floor":12,"key":"SMITH"},{"data":"Sunlight","floor":15,"key":"SMITH"},{"floor":23,"key":"REST"}],"circlet_count":0,"master_deck":["AscendersBane","Strike_S","Strike_S","Strike_S","Defend_S","Defend_S","Defend_S","Defend_S","KidneyShot","Exchange","Comet","Starlight","SilverBlades","FanOfKnives","DoubleEdge","Spin+1","KillingDoll","Barrier","Defy","Rearm","Sunlight+1","Solidify","Ricochet+1","Luminosity","Foresight","Moondial"],"relics":["Uniform","NeowsBlessing","Gremlin Horn","Old Coin","Ginger","Runic Pyramid","Kunai","Oddly Smooth Stone","SsserpentHead"],"acts_visited":["Exordium","TheCity"],"potions_floor_usage":[10,18,18],"damage_taken":[{"damage":0,"enemies":"Jaw Worm","floor":1,"turns":1},{"damage":0,"enemies":"Cultist","floor":3,"turns":1},{"damage":0,"enemies":"Lagavulin","floor":6,"turns":2},{"damage":7,"enemies":"Small Slimes","floor":7,"turns":2},{"damage":6,"enemies":"Exordium Thugs","floor":8,"turns":2},{"damage":6,"enemies":"Gremlin Nob","floor":10,"turns":3},{"damage":0,"enemies":"Lots of Slimes","floor":11,"turns":1},{"damage":0,"enemies":"2 Fungi Beasts","floor":13,"turns":4},{"damage":3,"enemies":"Blue Slaver","floor":14,"turns":5},{"damage":6,"enemies":"Slime Boss","floor":16,"turns":7},{"damage":0,"enemies":"3 Byrds","floor":18,"turns":5},{"damage":19,"enemies":"Shell Parasite","floor":20,"turns":6},{"damage":15,"enemies":"Chosen and Byrds","floor":22,"turns":5},{"damage":38,"enemies":"Book of Stabbing","floor":24,"turns":5}],"seed_played":"-5976416229537617437","potions_obtained":[{"floor":6,"key":"Block Potion"},{"floor":7,"key":"Energy Potion"},{"floor":11,"key":"Swift Potion"},{"floor":20,"key":"SteroidPotion"}],"is_trial":false,"path_per_floor":["M","$","M","?","$","E","M","M","T","E","M","R","M","M","R","B",null,"M","$","M","?","M","R","E"],"character_chosen":"THE_SERVANT","items_purchased":["Starlight","SilverBlades","Kunai","Oddly Smooth Stone","Luminosity"],"campfire_rested":1,"item_purchase_floors":[2,2,19,19,19],"current_hp_per_floor":[54,54,54,54,54,54,47,41,41,35,35,35,35,32,32,26,52,52,52,33,33,18,36,0,0],"gold":68,"neow_bonus":"THREE_ENEMY_KILL","is_daily":false,"chose_seed":false,"campfire_upgraded":2,"win_rate":0.0,"timestamp":1609721430,"path_taken":["M","$","M","?","$","E","?","M","T","E","M","R","?","M","R","BOSS","M","$","M","?","M","R","E"],"items_purchased_type":["Card","Card","Relic","Relic","Card"],"build_version":"2020-12-18","purchased_purges":0,"victory":false,"max_hp_per_floor":[60,60,60,60,60,60,60,60,60,60,60,60,60,60,60,60,60,60,60,60,60,60,60,60,60],"relic_stats":{"SsserpentHead":0,"Gremlin Horn":[9,9],"counters":[14,49],"Ginger":[17],"Kunai":[3],"obtain_stats":[{"SsserpentHead":21,"NeowsBlessing":0,"Gremlin Horn":6,"Oddly Smooth Stone":19,"Uniform":0,"Ginger":10,"Kunai":19,"Old Coin":9,"Runic Pyramid":17},{"SsserpentHead":12,"NeowsBlessing":0,"Gremlin Horn":3,"Oddly Smooth Stone":11,"Uniform":0,"Ginger":6,"Kunai":11,"Old Coin":5,"Runic Pyramid":10},{"SsserpentHead":39,"NeowsBlessing":0,"Gremlin Horn":4,"Oddly Smooth Stone":33,"Uniform":0,"Ginger":11,"Kunai":33,"Old Coin":8,"Runic Pyramid":28}]},"card_choices":[{"not_picked":["Revamp","DancingSilver"],"picked":"Comet","floor":1},{"not_picked":["Defy","Comet"],"picked":"FanOfKnives","floor":3},{"not_picked":["Revamp","ReturningBlade"],"picked":"DoubleEdge","floor":6},{"not_picked":["Replace","Rearm"],"picked":"Spin","floor":7},{"not_picked":["FastForward","Potential"],"picked":"KillingDoll","floor":8},{"not_picked":["Alleviate","Revamp"],"picked":"Barrier","floor":10},{"not_picked":["TimeWarp","Potential"],"picked":"Defy","floor":11},{"not_picked":["Spin","DoubleEdge"],"picked":"Rearm","floor":13},{"not_picked":["Rewind","SpecialFormula"],"picked":"Sunlight","floor":14},{"not_picked":["Deny","Sunlight"],"picked":"Solidify","floor":16},{"not_picked":["StarChef","Rewind"],"picked":"Ricochet+1","floor":18},{"not_picked":["Rewind","Potential"],"picked":"Foresight","floor":20},{"not_picked":["ReturningBlade+1","Replace"],"picked":"Moondial","floor":22}],"player_experience":1912661,"relics_obtained":[{"floor":6,"key":"Gremlin Horn"},{"floor":9,"key":"Old Coin"},{"floor":10,"key":"Ginger"}],"event_choices":[{"cards_removed":["Strike_S"],"damage_healed":0,"gold_gain":0,"player_choice":"Offered Basic","damage_taken":0,"max_hp_gain":0,"max_hp_loss":0,"event_name":"Bonfire Elementals","floor":4,"gold_loss":0},{"damage_healed":0,"gold_gain":0,"player_choice":"Trade","damage_taken":0,"relics_obtained":["SsserpentHead"],"max_hp_gain":0,"max_hp_loss":0,"event_name":"FaceTrader","floor":21,"gold_loss":0}],"is_beta":true,"boss_relics":[{"not_picked":["Pandora\u0027s Box","Tiny House"],"picked":"Runic Pyramid"}],"items_purged_floors":[],"is_endless":false,"potions_floor_spawned":[6,7,11,14,20],"killed_by":"Book of Stabbing","ascension_level":20}}