{"host":"84q76aodgcnul3jg","time":1609727147,"event":{"mods":["Act Like it!","Ascension Reborn","BaseMod","Colored Map","Colored Powertips","Downfall","Highlight Path","Marked Mod","Minty Spire (QoL Compilation)","Quick Restart","Rare Cards Sparkle","Reimu£¨²©ÀöÁéÃÎ£©","Remilia£¨ÀÙÃ×ÀòÑÇ£©","Replay The Spire","RumiaBox-Â¶Ã×æ«µÄÉñÃØºÐ×Ó","StSLib","The Hierophant"],"gold_per_floor":[117,207,207,38,55,55,72,109,137,137,137],"floor_reached":10,"playtime":420,"items_purged":["Regret"],"score":0,"play_id":"741f9f17-4df8-45ec-9bf4-b63680682001","local_time":"20210104102547","is_ascension_mode":true,"campfire_choices":[{"data":"Acrobatics","floor":6,"key":"SMITH"}],"circlet_count":0,"master_deck":["Strike_G+1","Strike_G+2","Strike_G+2","Strike_G+1","Strike_G+1","Defend_G+1","Defend_G+1","Defend_G+1","Defend_G+1","Defend_G+1","Survivor+1","Neutralize+1","Backflip+1","Acrobatics+1","Footwork","Blade Dance","Pot Of Greed","Pot Of Greed"],"relics":["Ring of the Snake","Bronze Scales","Du-Vu Doll","Toy Ornithopter","Simple Rune","Grinning Jar","Happy Flower"],"acts_visited":["Exordium"],"potions_floor_usage":[8],"damage_taken":[{"damage":0,"enemies":"Jaw Worm","floor":1,"turns":2},{"damage":0,"enemies":"Small Slimes","floor":5,"turns":2},{"damage":0,"enemies":"2 Louse","floor":7,"turns":2},{"damage":0,"enemies":"Replay:BlueRogue","floor":8,"turns":2},{"damage":0,"enemies":"3 Sentries","floor":10,"turns":1}],"seed_played":"-7507429377803845501","potions_obtained":[{"floor":1,"key":"FairyPotion"},{"floor":5,"key":"Weak Potion"},{"floor":7,"key":"ColorlessPotion"},{"floor":8,"key":"Weak Potion"}],"is_trial":false,"path_per_floor":["M","?","?","$","M","R","M","E","T","E"],"character_chosen":"THE_SILENT","items_purchased":["Toy Ornithopter"],"campfire_rested":0,"item_purchase_floors":[4],"current_hp_per_floor":[81,70,70,70,70,70,70,77,77,77,77],"gold":137,"neow_bonus":"TEN_PERCENT_HP_BONUS","is_daily":false,"chose_seed":false,"campfire_upgraded":1,"win_rate":0.0,"timestamp":1609727147,"path_taken":["M","?","?","$","M","R","M","E","T","E"],"items_purchased_type":["Relic"],"build_version":"2020-12-22","purchased_purges":1,"victory":false,"max_hp_per_floor":[81,81,81,81,81,81,81,81,81,81,81],"card_choices":[{"not_picked":["Tactician+1","ReplayTheSpireMod:Speed Training"],"picked":"Backflip+1","floor":1},{"not_picked":["Sucker Punch","Backflip"],"picked":"Acrobatics","floor":5},{"not_picked":["Hidden Blade","ReplayTheSpireMod:Shiv Toss"],"picked":"Footwork","floor":7},{"not_picked":["Catalyst","Noxious Fumes"],"picked":"Blade Dance","floor":8},{"not_picked":["Flechettes","Deadly Poison+1","Atom Bomb"],"picked":"SKIP","floor":8}],"player_experience":435143,"relics_obtained":[{"floor":1,"key":"Bronze Scales"},{"floor":5,"key":"Simple Rune"},{"floor":8,"key":"Grinning Jar"},{"floor":9,"key":"Happy Flower"}],"event_choices":[{"damage_healed":0,"gold_gain":75,"player_choice":"Gather Gold","damage_taken":11,"max_hp_gain":0,"max_hp_loss":0,"event_name":"World of Goop","floor":2,"gold_loss":0},{"damage_healed":0,"gold_gain":0,"player_choice":"Box","damage_taken":0,"relics_obtained":["Du-Vu Doll"],"max_hp_gain":0,"max_hp_loss":0,"event_name":"Big Fish","floor":3,"gold_loss":0,"cards_obtained":["Regret"]}],"is_beta":false,"boss_relics":[],"items_purged_floors":[4],"is_endless":false,"potions_floor_spawned":[],"killed_by":"3 Sentries","ascension_level":-20}}