{"host":"qzblds3hycbe0oxf","time":1609747665,"event":{"mods":["2.2 Compatiblity","AchievementEnabler","BaseMod","Colored Map","DeckTracker","Highlight Path","Minty Spire (QoL Compilation)","Random Character Button","Rare Cards Sparkle"],"gold_per_floor":[115,61,73,19,19,19,46,56,134,169,188,222,222,240,240,337,387,397,417,434,139,158,158,158,189,264,264,282,316,170,203,203,307,307,318,337,76,76,93,93,93,93,93,40,59,59,88,88,88],"floor_reached":48,"playtime":3149,"items_purged":[],"score":702,"play_id":"5fd41825-1105-43ba-a3d3-e36d7a9894fe","local_time":"20210104090745","is_ascension_mode":true,"campfire_choices":[{"data":"Devotion","floor":6.0,"key":"SMITH"},{"data":"Eruption","floor":15.0,"key":"SMITH"},{"floor":23.0,"key":"REST"},{"floor":27.0,"key":"REST"},{"floor":32.0,"key":"REST"},{"data":"Alpha","floor":41.0,"key":"SMITH"},{"data":"BattleHymn","floor":46.0,"key":"SMITH"}],"circlet_count":0,"master_deck":["Strike_P","Strike_P","Strike_P","Strike_P","Defend_P","Defend_P","Defend_P","Eruption+1","Vigilance","CutThroughFate","EmptyBody","Meditate+1","EmptyFist","Devotion+1","Wallop","Consecrate","BowlingBash","DeceiveReality","Perseverance","ReachHeaven","Alpha+1","FlurryOfBlows","ForeignInfluence","ClearTheMind","Study+1","Consecrate+1","DeusExMachina","Protect+1","Pray","JustLucky","ThirdEye","ReachHeaven+1","FollowUp+1","SashWhip","ConjureBlade","Wireheading","BattleHymn+1","Vault","CutThroughFate+1","Indignation+1","BowlingBash","Apotheosis+1","Halt+1","SandsOfTime+1","Prostrate","WaveOfTheHand","WreathOfFlame","CrushJoints+1"],"relics":["PureWater","NeowsBlessing","MealTicket","Mummified Hand","Dream Catcher","Prayer Wheel","Tiny House","Bottled Tornado","Strawberry","Letter Opener","Bottled Flame","Happy Flower","Red Mask","Philosopher\u0027s Stone","Pear","Vajra"],"acts_visited":["Exordium","TheCity","TheBeyond"],"potions_floor_usage":[48],"damage_taken":[{"damage":0.0,"enemies":"Jaw Worm","floor":1.0,"turns":1.0},{"damage":0.0,"enemies":"Cultist","floor":3.0,"turns":1.0},{"damage":0.0,"enemies":"Gremlin Nob","floor":7.0,"turns":1.0},{"damage":0.0,"enemies":"Small Slimes","floor":8.0,"turns":2.0},{"damage":20.0,"enemies":"3 Sentries","floor":10.0,"turns":5.0},{"damage":10.0,"enemies":"2 Fungi Beasts","floor":11.0,"turns":3.0},{"damage":16.0,"enemies":"Lagavulin","floor":12.0,"turns":7.0},{"damage":0.0,"enemies":"Large Slime","floor":14.0,"turns":4.0},{"damage":6.0,"enemies":"Slime Boss","floor":16.0,"turns":7.0},{"damage":13.0,"enemies":"Shell Parasite","floor":18.0,"turns":5.0},{"damage":32.0,"enemies":"2 Thieves","floor":19.0,"turns":4.0},{"damage":12.0,"enemies":"Centurion and Healer","floor":20.0,"turns":6.0},{"damage":11.0,"enemies":"Chosen and Byrds","floor":22.0,"turns":5.0},{"damage":16.0,"enemies":"Book of Stabbing","floor":25.0,"turns":4.0},{"damage":24.0,"enemies":"Snake Plant","floor":28.0,"turns":4.0},{"damage":17.0,"enemies":"Gremlin Leader","floor":29.0,"turns":5.0},{"damage":40.0,"enemies":"Masked Bandits","floor":31.0,"turns":4.0},{"damage":28.0,"enemies":"Champ","floor":33.0,"turns":10.0},{"damage":0.0,"enemies":"3 Darklings","floor":35.0,"turns":2.0},{"damage":7.0,"enemies":"3 Shapes","floor":36.0,"turns":4.0},{"damage":7.0,"enemies":"Jaw Worm Horde","floor":39.0,"turns":4.0},{"damage":0.0,"enemies":"4 Shapes","floor":40.0,"turns":1.0},{"damage":14.0,"enemies":"Spire Growth","floor":45.0,"turns":4.0},{"damage":63.0,"enemies":"Reptomancer","floor":47.0,"turns":5.0},{"damage":27,"enemies":"3 Darklings","floor":48,"turns":2}],"seed_played":"-6565631429977389044","potions_obtained":[{"floor":1.0,"key":"SkillPotion"},{"floor":7.0,"key":"Ancient Potion"},{"floor":8.0,"key":"Swift Potion"},{"floor":11.0,"key":"DuplicationPotion"},{"floor":17.0,"key":"StancePotion"},{"floor":20.0,"key":"SpeedPotion"},{"floor":25.0,"key":"StancePotion"},{"floor":29.0,"key":"BlessingOfTheForge"},{"floor":33.0,"key":"DuplicationPotion"},{"floor":35.0,"key":"SmokeBomb"},{"floor":47.0,"key":"BlessingOfTheForge"}],"is_trial":false,"path_per_floor":["M","$","M","$","?","R","E","M","T","E","M","E","?","M","R","B",null,"M","M","M","$","M","R","?","E","T","R","M","E","$","?","R","B",null,"M","M","$","?","M","M","R","?","T","$","M","R","E","M"],"character_chosen":"WATCHER","items_purchased":["EmptyBody","EmptyFist","Fire Potion","Bottled Tornado","Happy Flower","Apotheosis","StancePotion","Prostrate"],"campfire_rested":3,"item_purchase_floors":[2,4,21,21,30,37,37,44],"current_hp_per_floor":[72,72,72,72,72,72,72,72,72,52,42,26,82,82,82,76,87,74,42,30,45,34,60,60,51,51,79,55,38,53,13,41,13,94,94,87,94,94,87,87,87,87,97,104,90,90,27,0,0],"gold":88,"neow_bonus":"THREE_ENEMY_KILL","is_daily":false,"chose_seed":false,"campfire_upgraded":4,"win_rate":0.0,"timestamp":1609747665,"path_taken":["M","$","M","$","?","R","E","M","T","E","?","E","?","M","R","BOSS","M","?","M","$","M","R","?","E","T","R","M","E","$","?","R","BOSS","M","M","$","?","M","M","R","?","T","$","M","R","E","?"],"items_purchased_type":["Card","Card","Potion","Relic","Relic","Card","Potion","Card"],"build_version":"2020-12-22","purchased_purges":0,"victory":false,"max_hp_per_floor":[72,72,72,72,72,72,72,72,72,72,72,72,82,82,82,82,87,87,87,87,87,87,87,87,94,94,94,94,94,94,94,94,94,94,94,94,94,94,94,94,94,94,104,104,104,104,104,104,104],"card_choices":[{"not_picked":["Sanctity","Halt"],"picked":"CutThroughFate","floor":1.0},{"not_picked":["JustLucky","Halt"],"picked":"Meditate","floor":3.0},{"not_picked":["Wireheading","SashWhip"],"picked":"Wallop","floor":7.0},{"not_picked":["SashWhip","EmptyFist"],"picked":"Consecrate","floor":8.0},{"not_picked":["PathToVictory","SashWhip"],"picked":"BowlingBash","floor":10.0},{"not_picked":["ForeignInfluence","WheelKick"],"picked":"DeusExMachina","floor":11.0},{"not_picked":["WheelKick","Halt"],"picked":"DeceiveReality","floor":12.0},{"not_picked":["Wallop","WaveOfTheHand"],"picked":"Perseverance","floor":14.0},{"not_picked":["ClearTheMind","Wallop"],"picked":"ReachHeaven","floor":14.0},{"not_picked":["Omniscience","Judgement"],"picked":"Alpha","floor":16.0},{"not_picked":["FlyingSleeves","TalkToTheHand"],"picked":"FlurryOfBlows","floor":17.0},{"not_picked":["CutThroughFate","Scrawl"],"picked":"ForeignInfluence","floor":18.0},{"not_picked":["CrushJoints","Protect+1"],"picked":"ClearTheMind","floor":18.0},{"not_picked":["ClearTheMind","TalkToTheHand"],"picked":"Study+1","floor":19.0},{"not_picked":["Halt+1","EmptyMind"],"picked":"Consecrate+1","floor":19.0},{"not_picked":["Wireheading","EmptyBody+1"],"picked":"DeusExMachina","floor":20.0},{"not_picked":["EmptyFist","EmptyMind"],"picked":"Protect+1","floor":20.0},{"not_picked":["SandsOfTime","JustLucky"],"picked":"Pray","floor":22.0},{"not_picked":["Consecrate","Halt"],"picked":"JustLucky","floor":22.0},{"not_picked":["Scrawl","EmptyFist+1"],"picked":"ThirdEye","floor":23.0},{"not_picked":["ThirdEye","BowlingBash"],"picked":"ReachHeaven+1","floor":25.0},{"not_picked":["SandsOfTime","Protect+1"],"picked":"FollowUp+1","floor":27.0},{"not_picked":["ReachHeaven","EmptyBody+1"],"picked":"SashWhip","floor":28.0},{"not_picked":["CrushJoints","Halt","DeceiveReality"],"picked":"SKIP","floor":28.0},{"not_picked":["EmptyBody+1","Halt"],"picked":"ConjureBlade","floor":29.0},{"not_picked":["FlurryOfBlows","Consecrate"],"picked":"Wireheading","floor":31.0},{"not_picked":["FlyingSleeves+1","FollowUp"],"picked":"BattleHymn","floor":32.0},{"not_picked":["Wish","Omniscience"],"picked":"Vault","floor":33.0},{"not_picked":["LikeWater","Meditate+1"],"picked":"CutThroughFate+1","floor":35.0},{"not_picked":["ThirdEye","PathToVictory"],"picked":"FlyingSleeves","floor":35.0},{"not_picked":["Wireheading+1","EmptyBody"],"picked":"Indignation+1","floor":36.0},{"not_picked":["ThirdEye+1","MasterReality"],"picked":"BowlingBash","floor":36.0},{"not_picked":["PathToVictory","EmptyBody"],"picked":"Halt+1","floor":39.0},{"not_picked":["Evaluate","WaveOfTheHand+1"],"picked":"SandsOfTime+1","floor":39.0},{"not_picked":["Evaluate+1","ClearTheMind"],"picked":"WaveOfTheHand","floor":45.0},{"not_picked":["CutThroughFate","LikeWater"],"picked":"WreathOfFlame","floor":45.0},{"not_picked":["BowlingBash","Study"],"picked":"CrushJoints+1","floor":47.0}],"player_experience":168154,"relics_obtained":[{"floor":7.0,"key":"MealTicket"},{"floor":9.0,"key":"Mummified Hand"},{"floor":10.0,"key":"Dream Catcher"},{"floor":12.0,"key":"Prayer Wheel"},{"floor":25.0,"key":"Strawberry"},{"floor":26.0,"key":"Letter Opener"},{"floor":29.0,"key":"Bottled Flame"},{"floor":31.0,"key":"Red Mask"},{"floor":43.0,"key":"Pear"},{"floor":47.0,"key":"Vajra"}],"event_choices":[{"damage_healed":0.0,"max_hp_gain":0.0,"max_hp_loss":0.0,"gold_gain":0.0,"cards_transformed":["Defend_P"],"event_name":"Transmorgrifier","player_choice":"Transformed","floor":5.0,"gold_loss":0.0,"damage_taken":0.0,"cards_obtained":["Devotion"]},{"cards_removed":["DeusExMachina"],"damage_healed":46.0,"max_hp_gain":10.0,"max_hp_loss":0.0,"gold_gain":0.0,"event_name":"Bonfire Elementals","player_choice":"Offered Rare","floor":13.0,"gold_loss":0.0,"damage_taken":0.0},{"damage_healed":0.0,"max_hp_gain":0.0,"max_hp_loss":0.0,"gold_gain":0.0,"event_name":"Ghosts","player_choice":"Ignored","floor":24.0,"gold_loss":0.0,"damage_taken":0.0},{"damage_healed":0.0,"max_hp_gain":0.0,"max_hp_loss":0.0,"gold_gain":0.0,"event_name":"Masked Bandits","player_choice":"Fought Bandits","floor":31.0,"gold_loss":0.0,"damage_taken":0.0},{"cards_removed":["FlyingSleeves"],"damage_healed":0.0,"max_hp_gain":0.0,"max_hp_loss":0.0,"gold_gain":0.0,"event_name":"Falling","player_choice":"Removed Attack","floor":38.0,"gold_loss":0.0,"damage_taken":0.0},{"damage_healed":0.0,"max_hp_gain":0.0,"max_hp_loss":0.0,"gold_gain":0.0,"event_name":"Accursed Blacksmith","player_choice":"Forge","floor":42.0,"gold_loss":0.0,"damage_taken":0.0,"cards_upgraded":["Apotheosis"]}],"is_beta":false,"boss_relics":[{"not_picked":["Runic Pyramid","Fusion Hammer"],"picked":"Tiny House"},{"not_picked":["Coffee Dripper","HolyWater"],"picked":"Philosopher\u0027s Stone"}],"items_purged_floors":[],"is_endless":false,"potions_floor_spawned":[1,7,8,11,20,25,29,31,33,35,47],"killed_by":"3 Darklings","ascension_level":3}}