{"host":"roto7j7840a50pxh","time":1609768721,"event":{"mods":["Act Like it!","BaseMod","Better Altar","Better Note","Better Sensory Stone","Better Skull","Better Third Choice","BetterRewards","Colored Map","Colored Powertips","Downfall","Hermit","Highlight Path","Hubris","Infinite Spire","Minty Spire (QoL Compilation)","Replay The Spire","Robot Space Explorer","Shade Mod","Spicy Shops","StSLib","The Cursed","The Dragon Tamer","The Hierophant","The Necromancer","The Runesmith","The Servant 0.9.4","TheVacant"],"gold_per_floor":[113,113,130,147,160,160,173,173,196,224,224,224,249,266,266,371,371,383,396,396,409,419,419,15,15,15],"floor_reached":25,"playtime":1575,"items_purged":[],"score":301,"play_id":"d1ffa1df-2c92-4de1-9bde-4d908d81bc6e","local_time":"20210104085841","is_ascension_mode":true,"campfire_choices":[{"data":"TheCursedMod:CircleOfWindfury","floor":6,"key":"SMITH"},{"data":"TheCursedMod:CursedMace","floor":8,"key":"SMITH"},{"data":"TheCursedMod:CircleOfCorruption","floor":15,"key":"SMITH"},{"floor":23,"key":"REST"}],"circlet_count":0,"master_deck":["TheCursedMod:CursedWand+1","TheCursedMod:CleanUpWorkshop","TheCursedMod:Wield","Finesse","TheCursedMod:Stretching","TheCursedMod:Stretching","TheCursedMod:CircleOfCorruption","TheCursedMod:CircleOfCorruption","TheCursedMod:CircleOfWindfury+1","TheCursedMod:CircleOfAbyss","TheCursedMod:Obscuration","TheCursedMod:CursedMace+1","TheCursedMod:Wield","TheCursedMod:CircleOfCorruption+1","TheCursedMod:Stretching","TheCursedMod:RavingStaff","TheCursedMod:CursedMace+1","Replay:Hysterical Blindness","Delirium","infinitespire:FutureSight","TheCursedMod:WearCloak","TheCursedMod:Evocation","TheCursedMod:DarkBarrier","CurseOfTheBell","TheCursedMod:Stigma","TheCursedMod:LuckyCharm","TheCursedMod:CircleOfWindfury+1","TheCursedMod:RapidMovement","TheCursedMod:SurpriseAttack+1","TheCursedMod:HellsGateOpen"],"relics":["TheCursedMod:PinkPellets","hubris:MedicalManual","Orichalcum","Ornamental Fan","White Beast Statue","Calling Bell","Lantern","Pantograph","Replay:Kaleidoscope","Whetstone","Mirror"],"acts_visited":["Exordium","TheCity"],"potions_floor_usage":[16,16,19,21,22,22],"damage_taken":[{"damage":0,"enemies":"2 Louse","floor":1,"turns":2},{"damage":0,"enemies":"Small Slimes","floor":3,"turns":2},{"damage":0,"enemies":"Jaw Worm","floor":4,"turns":2},{"damage":0,"enemies":"Looter","floor":5,"turns":1},{"damage":0,"enemies":"3 Louse","floor":7,"turns":1},{"damage":4,"enemies":"3 Sentries","floor":10,"turns":5},{"damage":6,"enemies":"Gremlin Nob","floor":13,"turns":3},{"damage":0,"enemies":"2 Fungi Beasts","floor":14,"turns":3},{"damage":6,"enemies":"Hexaghost","floor":16,"turns":5},{"damage":24,"enemies":"Shell Parasite","floor":18,"turns":8},{"damage":8,"enemies":"3 Byrds","floor":19,"turns":4},{"damage":0,"enemies":"Shelled Parasite and Fungi","floor":21,"turns":4},{"damage":26,"enemies":"Snake Plant","floor":22,"turns":4},{"damage":27,"enemies":"Replay:Snechameleon","floor":25,"turns":4}],"seed_played":"-3034019358404762092","potions_obtained":[{"floor":1,"key":"SpeedPotion"},{"floor":5,"key":"LifebloodPotion"},{"floor":10,"key":"Swift Potion"},{"floor":14,"key":"PowerPotion"},{"floor":16,"key":"sneckomod:MuddlingPotion"},{"floor":18,"key":"Fire Potion"},{"floor":19,"key":"FearPotion"},{"floor":21,"key":"sneckomod:MuddlingPotion"},{"floor":22,"key":"Dexterity Potion"}],"is_trial":false,"path_per_floor":["M","?","M","M","M","R","M","R","T","E","?","?","E","M","R","B",null,"M","M","?","M","M","R","$","E"],"character_chosen":"THE_CURSED","items_purchased":["Whetstone","TheCursedMod:HellsGateOpen","Mirror"],"campfire_rested":1,"item_purchase_floors":[24,24,24],"current_hp_per_floor":[68,68,68,68,68,68,68,68,68,64,64,64,58,58,58,52,64,40,32,32,32,6,26,26,0,0],"gold":15,"neow_bonus":"ONE_RARE_RELIC","is_daily":false,"chose_seed":false,"campfire_upgraded":3,"win_rate":0.0,"timestamp":1609768721,"path_taken":["M","?","M","M","M","R","M","R","T","E","?","?","E","M","R","BOSS","M","M","?","M","M","R","$","E"],"items_purchased_type":["Relic","Card","Relic"],"build_version":"2020-12-22","purchased_purges":0,"victory":false,"max_hp_per_floor":[68,68,68,68,68,68,68,68,68,68,68,68,68,68,68,68,68,68,68,68,68,68,68,68,68,68],"card_choices":[{"not_picked":["TheCursedMod:FleshFromBone","TheCursedMod:AbyssShockwave"],"picked":"TheCursedMod:Obscuration","floor":1},{"not_picked":["TheCursedMod:SmokeScreen","TheCursedMod:CircleOfCorruption"],"picked":"TheCursedMod:Wield","floor":3},{"not_picked":["TheCursedMod:CircleOfAbyss","TheCursedMod:CircleOfBlood"],"picked":"TheCursedMod:CircleOfCorruption","floor":4},{"not_picked":["TheCursedMod:ManaBullet","TheCursedMod:Stigma"],"picked":"TheCursedMod:Stretching","floor":5},{"not_picked":["TheCursedMod:AshesToAshes","TheCursedMod:ManaBullet"],"picked":"TheCursedMod:RavingStaff","floor":7},{"not_picked":["TheCursedMod:PrepareRite","TheCursedMod:Wield"],"picked":"TheCursedMod:CursedMace","floor":10},{"not_picked":["infinitespire:Oblivion","infinitespire:FinalStrike"],"picked":"infinitespire:FutureSight","floor":11},{"not_picked":["TheCursedMod:SpreadPlague","TheCursedMod:CursedArmor"],"picked":"TheCursedMod:WearCloak","floor":13},{"not_picked":["TheCursedMod:BloodBarrier","TheCursedMod:FuryStrike"],"picked":"TheCursedMod:Evocation","floor":14},{"not_picked":["TheCursedMod:CollectTribute","TheCursedMod:ManaCirculation"],"picked":"TheCursedMod:DarkBarrier","floor":16},{"not_picked":["TheCursedMod:CircleOfAmplification","TheCursedMod:BloodBarrier+1"],"picked":"TheCursedMod:Stigma","floor":18},{"not_picked":["TheCursedMod:TacticalStrike","TheCursedMod:SaltUponWound"],"picked":"TheCursedMod:LuckyCharm","floor":19},{"not_picked":["TheCursedMod:CursedAmulet","TheCursedMod:Torture"],"picked":"TheCursedMod:RapidMovement","floor":21},{"not_picked":["TheCursedMod:ReleasedStrength+1","TheCursedMod:CircleOfFlame"],"picked":"TheCursedMod:SurpriseAttack","floor":22}],"player_experience":1419822,"relics_obtained":[{"floor":9,"key":"Orichalcum"},{"floor":10,"key":"Ornamental Fan"},{"floor":13,"key":"White Beast Statue"},{"floor":17,"key":"Lantern"},{"floor":17,"key":"Pantograph"},{"floor":17,"key":"Replay:Kaleidoscope"}],"event_choices":[{"damage_healed":0,"gold_gain":0,"player_choice":"Copied","damage_taken":0,"max_hp_gain":0,"max_hp_loss":0,"event_name":"Duplicator","floor":20,"gold_loss":0,"cards_obtained":["TheCursedMod:CircleOfWindfury"]}],"is_beta":false,"boss_relics":[{"not_picked":["Painkiller Herb","hubris:VirtuousBlindfold"],"picked":"Calling Bell"}],"items_purged_floors":[],"is_endless":false,"potions_floor_spawned":[1,5,10,13,14,16,18,19,21,22],"killed_by":"Replay:Snechameleon","ascension_level":8}}