{"host":"f5ezd1v29dtbwkzo","time":1609777296,"event":{"mods":["2.2 Compatiblity","BaseMod","Hermit","Hubris","Infinite Spire","Minty Spire (QoL Compilation)","Rare Cards Sparkle","Replay The Spire","StSLib"],"gold_per_floor":[113,131,131,131,149,149,180,197,197,197,197,217,328,343,343,343,343],"floor_reached":16,"playtime":813,"items_purged":[],"score":102,"play_id":"56925043-d15f-44cf-96bd-853a99a7c5ca","local_time":"20210104192136","is_ascension_mode":false,"campfire_choices":[{"data":"Dropkick","floor":6,"key":"SMITH"},{"data":"Barricade","floor":11,"key":"SMITH"},{"floor":15,"key":"REST"}],"circlet_count":0,"master_deck":["Strike_R","Strike_R","Strike_R","Strike_R","Strike_R","Defend_R","Defend_R","Defend_R","Defend_R","Bash+1","Dropkick+1","Shrug It Off","Pommel Strike","Barricade+1","hubris:ReadiedAction","Feel No Pain","Armaments","True Grit","Cleave","Battle Trance"],"relics":["Burning Blood","hubris:Towel","Torii","Replay:Multitool"],"acts_visited":["Exordium"],"potions_floor_usage":[12,16],"damage_taken":[{"damage":1,"enemies":"Cultist","floor":1,"turns":3},{"damage":9,"enemies":"2 Louse","floor":2,"turns":3},{"damage":0,"enemies":"Small Slimes","floor":5,"turns":3},{"damage":46,"enemies":"3 Sentries","floor":7,"turns":13},{"damage":3,"enemies":"3 Louse","floor":8,"turns":4},{"damage":11,"enemies":"Exordium Wildlife","floor":12,"turns":8},{"damage":4,"enemies":"Exordium Thugs","floor":14,"turns":6},{"damage":53,"enemies":"Hexaghost","floor":16,"turns":16}],"seed_played":"3815450369075817592","potions_obtained":[{"floor":2,"key":"AttackPotion"},{"floor":7,"key":"FearPotion"},{"floor":8,"key":"EssenceOfSteel"},{"floor":12,"key":"DistilledChaos"}],"is_trial":false,"path_per_floor":["M","M","?","?","M","R","E","M","T","?","R","M","?","M","R","B"],"character_chosen":"IRONCLAD","items_purchased":[],"campfire_rested":1,"item_purchase_floors":[],"current_hp_per_floor":[80,77,77,69,75,75,35,38,38,64,64,59,27,29,53,0,0],"gold":343,"neow_bonus":"RANDOM_EVENT","is_daily":false,"chose_seed":false,"campfire_upgraded":2,"win_rate":0.0,"timestamp":1609777296,"path_taken":["M","M","?","?","M","R","E","?","T","?","R","M","?","M","R","BOSS"],"items_purchased_type":[],"build_version":"2020-12-22","purchased_purges":0,"victory":false,"max_hp_per_floor":[80,80,80,80,80,80,80,80,80,80,80,80,80,80,80,80,80],"card_choices":[{"not_picked":["ReplayTheSpireMod:Limb From Limb","Shockwave"],"picked":"Dropkick","floor":1},{"not_picked":["Cleave","ReplayTheSpireMod:Strike From Hell"],"picked":"Shrug It Off","floor":2},{"not_picked":["Perfected Strike","hubris:SharpeningStone"],"picked":"Pommel Strike","floor":5},{"not_picked":["Havoc","ReplayTheSpireMod:Strike From Hell"],"picked":"Barricade","floor":7},{"not_picked":["ReplayTheSpireMod:Muscle Training","ReplayTheSpireMod:Strike From Hell"],"picked":"hubris:ReadiedAction","floor":8},{"not_picked":["Run Through","Wild Strike"],"picked":"Feel No Pain","floor":12},{"not_picked":["Flex","Replay:Undeath\u0027s Touch"],"picked":"Armaments","floor":13},{"not_picked":["Sever Soul","Carnage"],"picked":"True Grit","floor":13},{"not_picked":["Heavy Blade","Armaments"],"picked":"Cleave","floor":13},{"not_picked":["ReplayReversal","Anger"],"picked":"Battle Trance","floor":14}],"player_experience":345193,"relics_obtained":[{"floor":7,"key":"Torii"},{"floor":9,"key":"Replay:Multitool"}],"event_choices":[{"damage_healed":0,"gold_gain":0,"player_choice":"Damaged","damage_taken":8,"max_hp_gain":0,"max_hp_loss":0,"event_name":"Wheel of Change","floor":4,"gold_loss":0},{"damage_healed":26,"gold_gain":0,"player_choice":"Banana","damage_taken":0,"max_hp_gain":0,"max_hp_loss":0,"event_name":"Big Fish","floor":10,"gold_loss":0}],"is_beta":false,"boss_relics":[],"items_purged_floors":[],"is_endless":false,"potions_floor_spawned":[2,7,8,12],"killed_by":"Hexaghost","ascension_level":0}}