{"host":"a6mtgqd1w6td3a4j","time":1609753332,"event":{"mods":["BaseMod","Mimic Mod","Minty Spire (QoL Compilation)","Prisma Mod","Remilia£¨?Ú·×é?£©","Shop Mod","StSLib"],"gold_per_floor":[111,130,157,232,263,263,298,313,365,365,315,315,490,518,518,518,518],"floor_reached":16,"playtime":473,"items_purged":[],"score":127,"play_id":"676ee41b-c0f4-47b1-92da-1b7d9d465835","local_time":"20210104184212","is_ascension_mode":true,"campfire_choices":[{"floor":6,"key":"REST"},{"floor":10,"key":"REST"},{"floor":15,"key":"REST"}],"circlet_count":0,"master_deck":["Strike_G+1","Strike_G","Strike_G","Defend_G","Defend_G","Defend_G","Survivor","Neutralize","Clumsy","Escape Plan","Well Laid Plans","Deadly Poison","Backstab","PiercingWail","Backstab","Dagger Spray+1","Doubt"],"relics":["Ring of the Snake","Juzu Bracelet","Strawberry","Boot","MealTicket","Whetstone"],"acts_visited":["Exordium"],"potions_floor_usage":[14,14],"damage_taken":[{"damage":5,"enemies":"Cultist","floor":1,"turns":5},{"damage":3,"enemies":"2 Louse","floor":2,"turns":3},{"damage":22,"enemies":"Jaw Worm","floor":5,"turns":8},{"damage":36,"enemies":"Gremlin Nob","floor":7,"turns":6},{"damage":9,"enemies":"Jaw Worm","floor":8,"turns":2},{"damage":16,"enemies":"Lagavulin","floor":14,"turns":5},{"damage":47,"enemies":"The Guardian","floor":16,"turns":13}],"seed_played":"8938771171760658795","potions_obtained":[{"floor":1,"key":"EssenceOfSteel"},{"floor":2,"key":"Swift Potion"}],"is_trial":false,"path_per_floor":["M","M","T","?","MIM","R","E","M","T","R","?","?","?","E","R","B"],"character_chosen":"THE_SILENT","items_purchased":[],"campfire_rested":3,"item_purchase_floors":[],"current_hp_per_floor":[65,62,62,51,36,59,23,14,14,37,37,37,37,21,44,0,0],"gold":518,"neow_bonus":"TRANSFORM_TWO_CARDS","is_daily":false,"chose_seed":false,"campfire_upgraded":0,"win_rate":0.0,"timestamp":1609753332,"path_taken":["M","M","?","?","?","R","E","M","T","R","?","?","?","E","R","BOSS"],"items_purchased_type":[],"build_version":"2020-12-22","purchased_purges":0,"victory":false,"max_hp_per_floor":[70,70,70,70,77,77,77,77,77,77,77,77,77,77,77,77,77],"card_choices":[{"not_picked":["Underhanded Strike","Heel Hook"],"picked":"Deadly Poison","floor":1},{"not_picked":["Cloak And Dagger","Outmaneuver"],"picked":"Backstab","floor":2},{"not_picked":["Deflect","Flying Knee"],"picked":"PiercingWail","floor":5},{"not_picked":["Reflex","Blade Dance","Deflect"],"picked":"SKIP","floor":7},{"not_picked":["Cloak And Dagger","Expertise"],"picked":"Backstab","floor":8},{"not_picked":["Malaise","Slice","Terror"],"picked":"SKIP","floor":14}],"player_experience":806789,"relics_obtained":[{"floor":3,"key":"Juzu Bracelet"},{"floor":5,"key":"Strawberry"},{"floor":7,"key":"Boot"},{"floor":9,"key":"MealTicket"},{"floor":14,"key":"Whetstone"}],"event_choices":[{"damage_healed":0,"gold_gain":75,"player_choice":"Gather Gold","damage_taken":11,"max_hp_gain":0,"max_hp_loss":0,"event_name":"World of Goop","floor":4,"gold_loss":0},{"cards_removed":["Strike_G"],"damage_healed":0,"gold_gain":0,"player_choice":"Card Removal","damage_taken":0,"max_hp_gain":0,"max_hp_loss":0,"event_name":"The Cleric","floor":11,"gold_loss":50},{"damage_healed":0,"gold_gain":0,"cards_transformed":["Defend_G"],"player_choice":"Change","damage_taken":0,"max_hp_gain":0,"max_hp_loss":0,"event_name":"Living Wall","floor":12,"gold_loss":0,"cards_obtained":["Dagger Spray"]},{"damage_healed":0,"gold_gain":175,"player_choice":"AGREE","damage_taken":0,"max_hp_gain":0,"max_hp_loss":0,"event_name":"Liars Game","floor":13,"gold_loss":0,"cards_obtained":["Doubt"]}],"is_beta":false,"boss_relics":[],"items_purged_floors":[],"is_endless":false,"potions_floor_spawned":[1,2],"killed_by":"The Guardian","ascension_level":4}}