{"host":"xx5zt3jtdyh8iun7","time":1609769996,"event":{"mods":["AchievementEnabler","Act Like it!","BaseMod","Bestiary","Downfall","Minty Spire (QoL Compilation)","Replay The Spire","StSLib"],"gold_per_floor":[99,111,154,171,181,181,226,237,268,118,147,147,163,174,187,283,283,283,295,307,307,322,360,411,452,471,494,419,446,471,481,491,597,606,606,634,651,651,108,125,125,51,95,117,117,145,163,186,208,208,208,251,106,106,106],"floor_reached":56,"playtime":6049,"items_purged":["Slimebound:Tackle","Slimebound:Defend_Slimebound"],"score":1594,"play_id":"26fd039d-2c42-4abf-ab9e-519f33e184cc","local_time":"20210104151956","is_ascension_mode":true,"campfire_choices":[{"data":"Slimebound:CorrosiveSpit","floor":1,"key":"SMITH"},{"data":"Slimebound:Split","floor":10,"key":"SMITH"},{"floor":18,"key":"RECALL"},{"data":"Slimebound:DouseInSlime","floor":28,"key":"SMITH"},{"data":"Slimebound:SplitLeeching","floor":35,"key":"SMITH"},{"data":"Slimebound:MassRepurpose","floor":45,"key":"SMITH"},{"data":"Slimebound:Recollect","floor":54,"key":"SMITH"}],"circlet_count":0,"master_deck":["Slimebound:Defend_Slimebound","Slimebound:Defend_Slimebound","Slimebound:Split+1","Slimebound:CorrosiveSpit+1","Slimebound:OneTwoCombo","Slimebound:SplitLeeching+1","Slimebound:LeechLife","Slimebound:SpikyOuterGoop+1","Slimebound:SplitMire","Slimebound:AcidTongue+1","Slimebound:Overexert+1","Slimebound:Recycling+1","Slimebound:SplitLeeching","Slimebound:HungryTackle","Slimebound:SplitLeeching","Slimebound:Recollect+1","Slimebound:MinionMaster+1","CurseOfTheBell","Slimebound:RollThrough+1","Slimebound:DouseInSlime+1","Slimebound:Recollect","Slimebound:SplitMire+1","Slimebound:MassFeed+1","Slimebound:Prepare+1","Slimebound:Tackle+1","Slimebound:Tackle+1","Slimebound:Tackle+1","Slimebound:SelfFormingGoo+1","AbeCurse","Slimebound:ProtectTheBoss+1","Slimebound:FirmFortitude+1","Slimebound:FirmFortitude+1","Slimebound:MassFeed+1","Slimebound:MassRepurpose+1","Slimebound:ComboTackle+1","Slimebound:OneTwoCombo+1","Slimebound:FormOfPuddle+1","Slimebound:LevelUp+1"],"relics":["Slimebound:AbsorbEndCombat","Frozen Egg 2","Guardian:PocketSentry","downfall:HeartBlessingGreen","downfall:HeartBlessingBlue","Mercury Hourglass","Replay:Grab Bag","Slimebound:TarBlob","Painkiller Herb","Calling Bell","Bag of Preparation","Molten Egg 2","Durian","Mirror","CeramicFish","Pen Nib","Replay:Baseball","downfall:HeartBlessingRed","Gambling Chip","Abe\u0027s Treasure","Kunai","OrangePellets","Slimebound:MaxSlimesRelic","Snack Pack","Shuriken","Akabeko","Ice Cream","Strawberry"],"acts_visited":["Exordium","TheCity","TheBeyond","TheEnding"],"potions_floor_usage":[8,9,14,20,26,39,52],"damage_taken":[{"damage":4,"enemies":"2 Louse","floor":2,"turns":2},{"damage":8,"enemies":"Small Slimes","floor":4,"turns":4},{"damage":8,"enemies":"Cultist","floor":5,"turns":3},{"damage":4,"enemies":"Gremlin Gang","floor":8,"turns":2},{"damage":20,"enemies":"Gremlin Nob","floor":9,"turns":3},{"damage":32,"enemies":"Lagavulin","floor":11,"turns":4},{"damage":15,"enemies":"Red Slaver","floor":13,"turns":3},{"damage":14,"enemies":"Exordium Wildlife","floor":14,"turns":3},{"damage":23,"enemies":"Blue Slaver","floor":15,"turns":3},{"damage":40,"enemies":"downfall:Watcher","floor":16,"turns":5},{"damage":14,"enemies":"Shell Parasite","floor":19,"turns":3},{"damage":15,"enemies":"Snake Plant","floor":20,"turns":3},{"damage":10,"enemies":"Chosen and Byrds","floor":22,"turns":3},{"damage":6,"enemies":"Gremlin Leader","floor":23,"turns":4},{"damage":10,"enemies":"Replay:Snechameleon","floor":25,"turns":3},{"damage":6,"enemies":"Centurion and Healer","floor":26,"turns":5},{"damage":0,"enemies":"Snake Plant","floor":27,"turns":3},{"damage":18,"enemies":"Book of Stabbing","floor":30,"turns":3},{"damage":6,"enemies":"Shelled Parasite and Fungi","floor":31,"turns":3},{"damage":6,"enemies":"Chosen and Byrds","floor":32,"turns":4},{"damage":32,"enemies":"downfall:Ironclad","floor":33,"turns":4},{"damage":9,"enemies":"Orb Walker","floor":36,"turns":3},{"damage":4,"enemies":"3 Darklings","floor":37,"turns":4},{"damage":4,"enemies":"downfall:FleeingMerchant","floor":39,"turns":4},{"damage":27,"enemies":"4 Shapes","floor":40,"turns":4},{"damage":12,"enemies":"downfall:FleeingMerchant","floor":42,"turns":4},{"damage":9,"enemies":"R_Hoarder","floor":43,"turns":6},{"damage":6,"enemies":"Maw","floor":44,"turns":5},{"damage":15,"enemies":"Reptomancer","floor":46,"turns":5},{"damage":8,"enemies":"3 Darklings","floor":47,"turns":3},{"damage":6,"enemies":"Transient","floor":48,"turns":5},{"damage":24,"enemies":"Writhing Mass","floor":49,"turns":3},{"damage":12,"enemies":"downfall:Defect","floor":50,"turns":5},{"damage":6,"enemies":"downfall:CharBossMerchant","floor":52,"turns":4},{"damage":6,"enemies":"downfall:NeowBoss","floor":55,"turns":14}],"seed_played":"3653955994037213491","potions_obtained":[{"floor":4,"key":"SkillPotion"},{"floor":5,"key":"Explosive Potion"},{"floor":9,"key":"PowerPotion"},{"floor":14,"key":"LiquidMemories"},{"floor":20,"key":"SmokeBomb"},{"floor":23,"key":"Dexterity Potion"},{"floor":25,"key":"Adrenaline Potion"},{"floor":30,"key":"DistilledChaos"},{"floor":49,"key":"SkillPotion"},{"floor":52,"key":"LiquidMemories"}],"is_trial":false,"path_per_floor":["R","M","?","M","M","?","T","M","E","R","E","?","M","M","M","B",null,"T","?","?","T","?","E","T","E","?","?","T","?","E","?","?","B",null,"T","?","?","?","T","?","T","T","E","?","T","E","?","?","?","B",null,"E","T","T","B",null],"character_chosen":"SLIMEBOUND","items_purchased":["Kunai","OrangePellets","Slimebound:FirmFortitude+1","Snack Pack","Adrenaline Potion","Strawberry"],"campfire_rested":0,"item_purchase_floors":[39,39,39,42,42,53],"current_hp_per_floor":[60,60,45,59,60,60,60,60,60,70,70,70,70,60,49,70,75,75,75,75,75,75,75,75,75,79,83,83,83,85,91,95,99,99,99,99,99,99,99,95,95,99,103,107,107,107,111,111,111,115,115,115,122,122,122],"gold":106,"neow_bonus":"ONE_RANDOM_RARE_CARD","is_daily":false,"chose_seed":false,"campfire_upgraded":6,"win_rate":0.0,"timestamp":1609769996,"path_taken":["R","M","?","M","M","?","T","?","E","R","E","?","M","?","M","BOSS","T","?","?","?","?","E","T","E","?","?","T","?","E","?","?","BOSS","T","?","?","?","T","?","T","T","E","?","T","E","?","?","?","BOSS","E","T","T","BOSS"],"items_purchased_type":["Relic","Relic","Card","Relic","Potion","Relic"],"build_version":"2020-12-22","purchased_purges":2,"victory":true,"max_hp_per_floor":[60,60,60,60,60,60,60,60,60,70,70,70,70,70,70,70,75,75,75,75,75,75,75,75,75,79,83,83,83,87,91,95,99,99,99,99,99,99,99,99,99,99,103,107,107,107,111,111,111,115,115,115,122,122,122],"card_choices":[{"not_picked":["Slimebound:GrowthPunch","Slimebound:MegaLick"],"picked":"Slimebound:SplitLeeching","floor":2},{"not_picked":["Slimebound:SplitAcid","Slimebound:Schlurp"],"picked":"Slimebound:LeechLife","floor":3},{"not_picked":["Slimebound:SplitMire","Slimebound:RollThrough"],"picked":"Slimebound:SpikyOuterGoop+1","floor":3},{"not_picked":["Slimebound:FinishingTackle","Slimebound:LeechEnergy"],"picked":"Slimebound:SplitMire","floor":4},{"not_picked":["Slimebound:RollThrough","Slimebound:BestDefense+1"],"picked":"Slimebound:AcidTongue+1","floor":5},{"not_picked":["Slimebound:GrowthPunch","Slimebound:Schlurp"],"picked":"Slimebound:Overexert+1","floor":8},{"not_picked":["Slimebound:SplitLeeching","Slimebound:GoopSpray"],"picked":"Slimebound:Recycling+1","floor":9},{"not_picked":["Slimebound:MegaLick","Slimebound:TongueLash"],"picked":"Slimebound:SplitLeeching","floor":11},{"not_picked":["Slimebound:ViciousTackle","Slimebound:Grow+1"],"picked":"Slimebound:HungryTackle","floor":13},{"not_picked":["Slimebound:FinishingTackle","Slimebound:DisruptingSlam"],"picked":"Slimebound:SplitLeeching","floor":14},{"not_picked":["Slimebound:Gluttony+1","Slimebound:SplitBruiser"],"picked":"Slimebound:Recollect","floor":15},{"not_picked":["Slimebound:LeechLife","Slimebound:WasteNot"],"picked":"Slimebound:MinionMaster+1","floor":16},{"not_picked":["Slimebound:SamplingLick","Slimebound:HungryTackle+1"],"picked":"Slimebound:RollThrough+1","floor":19},{"not_picked":["Slimebound:SplitAcid","Slimebound:SlimeSpikes"],"picked":"Slimebound:DouseInSlime","floor":20},{"not_picked":["Slimebound:GoopSpray","Slimebound:SamplingLick+1"],"picked":"Slimebound:Recollect","floor":22},{"not_picked":["Slimebound:SplitLeeching+1","Slimebound:GoopSpray"],"picked":"Slimebound:SplitMire+1","floor":23},{"not_picked":["Slimebound:SplitAcid","Slimebound:RollThrough+1"],"picked":"Slimebound:MassFeed+1","floor":25},{"not_picked":["Slimebound:SplitAcid","Slimebound:LivingWall","Slimebound:HauntingLick+1"],"picked":"SKIP","floor":26},{"not_picked":["Slimebound:ItLooksTasty+1","Slimebound:PressTheAttack+1"],"picked":"Slimebound:Prepare+1","floor":27},{"not_picked":["Slimebound:GoopSpray","Slimebound:PressTheAttack+1","Slimebound:RollThrough+1"],"picked":"SKIP","floor":30},{"not_picked":["Slimebound:SplitAcid","Slimebound:LeechEnergy+1","Slimebound:SamplingLick+1"],"picked":"SKIP","floor":31},{"not_picked":["Slimebound:Gluttony+1","Slimebound:FlameTackle+1","Slimebound:Recollect"],"picked":"SKIP","floor":32},{"not_picked":["Slimebound:MassFeed+1","Slimebound:CheckThePlaybook"],"picked":"Slimebound:SelfFormingGoo+1","floor":33},{"not_picked":["Slimebound:RollThrough+1","Slimebound:SpikyOuterGoop+1"],"picked":"Slimebound:ProtectTheBoss+1","floor":36},{"not_picked":["Slimebound:PressTheAttack+1","Slimebound:Schlurp","Slimebound:LeechingTouch+1"],"picked":"SKIP","floor":37},{"not_picked":["Slimebound:SplitLeeching","Slimebound:DisruptingSlam+1","Slimebound:SplitMire"],"picked":"SKIP","floor":39},{"not_picked":["Slimebound:SamplingLick+1","Slimebound:ComboTackle+1","Slimebound:SplitMire+1"],"picked":"SKIP","floor":40},{"not_picked":["Slimebound:LevelUp+1","Slimebound:FinishingTackle+1"],"picked":"Slimebound:MassFeed+1","floor":42},{"not_picked":["Slimebound:Prepare","Slimebound:PressTheAttack+1"],"picked":"Slimebound:MassRepurpose","floor":43},{"not_picked":["Slimebound:ItLooksTasty+1","Slimebound:ViciousTackle+1"],"picked":"Slimebound:ComboTackle+1","floor":44},{"not_picked":["Slimebound:Schlurp+1","Slimebound:HauntingLick","Slimebound:RejuvenatingLick+1"],"picked":"SKIP","floor":46},{"not_picked":["Slimebound:SplitMire","Slimebound:GrowthPunch+1","Slimebound:FinishingTackle+1"],"picked":"SKIP","floor":47},{"not_picked":["Slimebound:FinishingTackle+1","Slimebound:GoopSpray+1"],"picked":"Slimebound:OneTwoCombo+1","floor":48},{"not_picked":["Slimebound:SamplingLick+1","Slimebound:Recollect"],"picked":"Slimebound:FormOfPuddle+1","floor":49},{"not_picked":["Slimebound:SamplingLick+1","Slimebound:GoopTackle+1"],"picked":"Slimebound:LevelUp+1","floor":52}],"player_experience":812360,"relics_obtained":[{"floor":3,"key":"Frozen Egg 2"},{"floor":9,"key":"Guardian:PocketSentry"},{"floor":11,"key":"Mercury Hourglass"},{"floor":17,"key":"Bag of Preparation"},{"floor":17,"key":"Molten Egg 2"},{"floor":17,"key":"Durian"},{"floor":21,"key":"Mirror"},{"floor":23,"key":"CeramicFish"},{"floor":24,"key":"Pen Nib"},{"floor":25,"key":"Replay:Baseball"},{"floor":30,"key":"Gambling Chip"},{"floor":41,"key":"Slimebound:MaxSlimesRelic"},{"floor":43,"key":"Shuriken"},{"floor":46,"key":"Akabeko"},{"floor":52,"key":"Ice Cream"}],"event_choices":[{"damage_healed":0,"gold_gain":0,"player_choice":"Ignored","damage_taken":0,"max_hp_gain":0,"max_hp_loss":0,"event_name":"NoteForYourself","floor":6,"gold_loss":0},{"cards_removed":["Slimebound:Defend_Slimebound"],"damage_healed":0,"gold_gain":0,"player_choice":"Purged","damage_taken":0,"max_hp_gain":0,"max_hp_loss":0,"event_name":"Purifier","floor":12,"gold_loss":0}],"is_beta":false,"boss_relics":[{"not_picked":["Ring of Chaos","Pandora\u0027s Box"],"picked":"Replay:Grab Bag"},{"not_picked":["downfall:Hecktoplasm","ChewingGum"],"picked":"Slimebound:TarBlob"},{"not_picked":["Velvet Choker","Sozu"],"picked":"Painkiller Herb"},{"not_picked":["Astrolabe","SacredBark"],"picked":"Calling Bell"},{"not_picked":["Honey Jar","ReplayTheSpireMod:DimensionalGlitch"],"picked":"Abe\u0027s Treasure"}],"items_purged_floors":[39,42],"is_endless":false,"potions_floor_spawned":[4,5,9,14,20,23,25,30,32,33,36,37,47,49,52],"ascension_level":1}}