{"host":"1c52r9kaxdyo25eq","time":1609802098,"event":{"mods":["AchievementEnabler","BaseMod","Minty Spire (QoL Compilation)","Rare Cards Sparkle","SuperFastMode","everything is the same but u backflip on backflip"],"gold_per_floor":[113,131,145,161,179,179,191,191,191,211,68,68,84,97,97,198,198,198,198,198,198,198,198,198,198,198,198,198,73,73,73,73,73,73,73,73,73,73,73,73,73,73,73,73,73,73,73,73,73,73,73,73,25,25,25,25],"floor_reached":55,"playtime":1630,"items_purged":["Strike_R"],"score":1003,"play_id":"8c983e55-8360-4a27-9c64-20b7ef3c1414","local_time":"20210105081458","is_ascension_mode":true,"campfire_choices":[{"data":"Dropkick","floor":6.0,"key":"SMITH"},{"data":"Battle Trance","floor":8.0,"key":"SMITH"},{"data":"Bash","floor":12.0,"key":"SMITH"},{"data":"Rupture","floor":15.0,"key":"SMITH"},{"data":"Heavy Blade","floor":23.0,"key":"SMITH"},{"data":"Reaper","floor":25.0,"key":"SMITH"},{"data":"Shrug It Off","floor":27.0,"key":"SMITH"},{"floor":32.0,"key":"REST"},{"floor":40.0,"key":"REST"},{"floor":42.0,"key":"RECALL"},{"floor":47.0,"key":"REST"},{"floor":49.0,"key":"REST"},{"floor":52.0,"key":"REST"}],"circlet_count":0,"master_deck":["Strike_R","Strike_R","Strike_R","Defend_R","Defend_R","Defend_R","Defend_R","Bash+1","Brutality","Battle Trance+1","Dropkick+1","Heavy Blade+1","Evolve","Shrug It Off+1","Rupture+1","Reaper+1","Iron Wave","Shrug It Off","Hemokinesis+1","Demon Form+1","Second Wind","Shrug It Off+1","Power Through","Reaper"],"relics":["Burning Blood","Shuriken","Lee\u0027s Waffle","Ectoplasm","Gremlin Horn","Happy Flower","Fusion Hammer","Red Skull","StoneCalendar"],"acts_visited":["Exordium","TheCity","TheBeyond","TheEnding"],"potions_floor_usage":[54,55,55],"damage_taken":[{"damage":10.0,"enemies":"Small Slimes","floor":1.0,"turns":4.0},{"damage":4.0,"enemies":"2 Louse","floor":2.0,"turns":3.0},{"damage":1.0,"enemies":"Cultist","floor":3.0,"turns":3.0},{"damage":17.0,"enemies":"Exordium Wildlife","floor":4.0,"turns":5.0},{"damage":17.0,"enemies":"Looter","floor":5.0,"turns":3.0},{"damage":13.0,"enemies":"Exordium Thugs","floor":7.0,"turns":4.0},{"damage":28.0,"enemies":"Large Slime","floor":10.0,"turns":5.0},{"damage":31.0,"enemies":"3 Louse","floor":13.0,"turns":3.0},{"damage":8.0,"enemies":"Blue Slaver","floor":14.0,"turns":3.0},{"damage":36.0,"enemies":"The Guardian","floor":16.0,"turns":8.0},{"damage":21.0,"enemies":"Shell Parasite","floor":18.0,"turns":4.0},{"damage":31.0,"enemies":"Spheric Guardian","floor":20.0,"turns":4.0},{"damage":52.0,"enemies":"Gremlin Leader","floor":24.0,"turns":5.0},{"damage":13.0,"enemies":"Snecko","floor":28.0,"turns":4.0},{"damage":19.0,"enemies":"Centurion and Healer","floor":30.0,"turns":5.0},{"damage":12.0,"enemies":"Chosen and Byrds","floor":31.0,"turns":5.0},{"damage":34.0,"enemies":"Champ","floor":33.0,"turns":7.0},{"damage":51.0,"enemies":"3 Darklings","floor":35.0,"turns":4.0},{"damage":29.0,"enemies":"3 Shapes","floor":36.0,"turns":5.0},{"damage":45.0,"enemies":"3 Darklings","floor":37.0,"turns":5.0},{"damage":27.0,"enemies":"Sphere and 2 Shapes","floor":38.0,"turns":4.0},{"damage":32.0,"enemies":"Transient","floor":39.0,"turns":5.0},{"damage":62.0,"enemies":"Giant Head","floor":45.0,"turns":6.0},{"damage":8.0,"enemies":"Maw","floor":46.0,"turns":5.0},{"damage":33.0,"enemies":"3 Darklings","floor":48.0,"turns":5.0},{"damage":96.0,"enemies":"Donu and Deca","floor":50.0,"turns":9.0},{"damage":98,"enemies":"Shield and Spear","floor":54,"turns":7},{"damage":13,"enemies":"The Heart","floor":55,"turns":2}],"seed_played":"5178712320379608241","potions_obtained":[{"floor":3.0,"key":"Energy Potion"},{"floor":4.0,"key":"DistilledChaos"},{"floor":5.0,"key":"Explosive Potion"},{"floor":13.0,"key":"PowerPotion"},{"floor":30.0,"key":"DuplicationPotion"},{"floor":33.0,"key":"Ancient Potion"},{"floor":35.0,"key":"Strength Potion"},{"floor":38.0,"key":"DistilledChaos"},{"floor":45.0,"key":"Explosive Potion"},{"floor":54,"key":"Dexterity Potion"}],"is_trial":false,"path_per_floor":["M","M","M","M","M","R","M","R","T","M","$","R","M","M","R","B",null,"M","?","M","?","?","R","E","R","T","R","M","$","M","M","R","B",null,"M","M","M","M","M","R","?","R","T","?","E","M","R","M","R","B",null,"R","$","E","B"],"character_chosen":"IRONCLAD","items_purchased":["Lee\u0027s Waffle","Shrug It Off","Strength Potion"],"campfire_rested":5,"item_purchase_floors":[11,29,53],"current_hp_per_floor":[68,70,75,64,53,53,46,46,46,24,87,87,62,60,60,30,73,70,70,54,54,54,54,40,40,40,40,33,33,36,50,76,66,82,53,56,41,34,16,42,76,76,76,76,41,60,76,76,76,24,63,76,76,12,0,0],"gold":25,"neow_bonus":"ONE_RANDOM_RARE_CARD","is_daily":false,"chose_seed":false,"campfire_upgraded":7,"win_rate":0.0,"timestamp":1609802098,"path_taken":["M","M","M","M","M","R","M","R","T","M","$","R","M","M","R","BOSS","M","?","M","?","?","R","E","R","T","R","M","$","M","M","R","BOSS","M","M","M","?","M","R","?","R","T","?","E","?","R","M","R","BOSS","R","$","E","BOSS"],"items_purchased_type":["Relic","Card","Potion"],"build_version":"2020-12-22","purchased_purges":1,"victory":false,"max_hp_per_floor":[80,80,80,80,80,80,80,80,80,80,87,87,87,87,87,87,87,87,87,87,87,87,87,87,87,87,87,87,87,87,87,87,87,87,87,87,87,87,87,87,76,76,76,76,76,76,76,76,76,76,76,76,76,76,76,76],"card_choices":[{"not_picked":["Warcry","Clothesline"],"picked":"Battle Trance","floor":1.0},{"not_picked":["Anger","True Grit","Twin Strike"],"picked":"SKIP","floor":2.0},{"not_picked":["Rampage","Wild Strike"],"picked":"Dropkick","floor":3.0},{"not_picked":["Sever Soul","Twin Strike","True Grit"],"picked":"SKIP","floor":4.0},{"not_picked":["Sever Soul","Twin Strike","True Grit"],"picked":"SKIP","floor":4.0},{"not_picked":["Spot Weakness","Intimidate"],"picked":"Heavy Blade","floor":5.0},{"not_picked":["Heavy Blade","Bloodletting"],"picked":"Evolve","floor":7.0},{"not_picked":["Power Through","Combust","Sword Boomerang"],"picked":"SKIP","floor":10.0},{"not_picked":["Entrench","Clash"],"picked":"Shrug It Off","floor":13.0},{"not_picked":["Sword Boomerang","Havoc"],"picked":"Rupture","floor":14.0},{"not_picked":["Demon Form","Double Tap"],"picked":"Reaper","floor":16.0},{"not_picked":["Headbutt","Infernal Blade","Twin Strike+1"],"picked":"SKIP","floor":18.0},{"not_picked":["Clothesline","Evolve","Warcry"],"picked":"SKIP","floor":20.0},{"not_picked":["Headbutt","Impervious","Cleave"],"picked":"SKIP","floor":24.0},{"not_picked":["Searing Blow","Twin Strike+1","Second Wind"],"picked":"SKIP","floor":28.0},{"not_picked":["Iron Wave","Fire Breathing","Clothesline"],"picked":"SKIP","floor":30.0},{"not_picked":["Sever Soul","Heavy Blade"],"picked":"Hemokinesis+1","floor":31.0},{"not_picked":["Immolate","Double Tap"],"picked":"Demon Form","floor":33.0},{"not_picked":["Shrug It Off","Sword Boomerang","Warcry"],"picked":"SKIP","floor":35.0},{"not_picked":["Pommel Strike","Twin Strike","Clothesline+1"],"picked":"SKIP","floor":36.0},{"not_picked":["Heavy Blade","Pommel Strike"],"picked":"Second Wind","floor":37.0},{"not_picked":["Immolate","Pummel+1","Pommel Strike"],"picked":"SKIP","floor":38.0},{"not_picked":["Pummel","Rampage","Anger+1"],"picked":"SKIP","floor":39.0},{"not_picked":["True Grit+1","Dark Embrace+1"],"picked":"Shrug It Off+1","floor":45.0},{"not_picked":["Iron Wave","Infernal Blade"],"picked":"Power Through","floor":46.0},{"not_picked":["Uppercut","Searing Blow+1","Dark Embrace+1"],"picked":"SKIP","floor":48.0},{"not_picked":["Rupture","Clash+1"],"picked":"Reaper","floor":54}],"player_experience":547579,"relics_obtained":[{"floor":9.0,"key":"Shuriken"},{"floor":24.0,"key":"Gremlin Horn"},{"floor":26.0,"key":"Happy Flower"},{"floor":45.0,"key":"Red Skull"},{"floor":54,"key":"StoneCalendar"}],"event_choices":[{"damage_healed":0.0,"max_hp_gain":0.0,"max_hp_loss":0.0,"gold_gain":0.0,"event_name":"The Mausoleum","player_choice":"Ignored","floor":19.0,"gold_loss":0.0,"damage_taken":0.0},{"damage_healed":0.0,"max_hp_gain":0.0,"max_hp_loss":0.0,"gold_gain":0.0,"event_name":"Ghosts","player_choice":"Ignored","floor":21.0,"gold_loss":0.0,"damage_taken":0.0},{"damage_healed":0.0,"max_hp_gain":0.0,"max_hp_loss":0.0,"gold_gain":0.0,"cards_transformed":["Strike_R"],"event_name":"Transmorgrifier","player_choice":"Transformed","floor":22.0,"gold_loss":0.0,"damage_taken":0.0,"cards_obtained":["Iron Wave"]},{"damage_healed":76.0,"max_hp_gain":0.0,"max_hp_loss":11.0,"gold_gain":0.0,"event_name":"The Moai Head","player_choice":"Heal","floor":41.0,"gold_loss":0.0,"damage_taken":0.0},{"damage_healed":0.0,"max_hp_gain":0.0,"max_hp_loss":0.0,"gold_gain":0.0,"event_name":"Upgrade Shrine","player_choice":"Upgraded","floor":44.0,"gold_loss":0.0,"damage_taken":0.0,"cards_upgraded":["Demon Form"]}],"is_beta":false,"boss_relics":[{"not_picked":["Black Blood","Tiny House"],"picked":"Ectoplasm"},{"not_picked":["Velvet Choker","Runic Dome"],"picked":"Fusion Hammer"}],"items_purged_floors":[29],"is_endless":false,"potions_floor_spawned":[3,4,5,7,13,14,30,33,35,38,45,46,54],"killed_by":"The Heart","ascension_level":9}}