{"host":"yiit85oc4oi3nqs8","time":1609754298,"event":{"mods":["AchievementEnabler","BaseMod","Better Third Choice","Block Reminder","DeckTracker","Highlight Path","Keyboard Shortcuts","Minty Spire (QoL Compilation)","MonsterHotkey","Quick Restart","Random Character Button","Relic Stats","StSLib"],"gold_per_floor":[117,133,151,101,101,101,115,115,142,142,156,156,183,196,196,300,300,317,333,258,271,271,271,271,271],"floor_reached":24,"playtime":1501,"items_purged":["Strike_R"],"score":198,"play_id":"1c7716c9-cba3-45f9-b7f9-014c9f191573","local_time":"20210104185818","is_ascension_mode":false,"campfire_choices":[{"data":"Pommel Strike","floor":6.0,"key":"SMITH"},{"data":"Shrug It Off","floor":8.0,"key":"SMITH"},{"data":"Headbutt","floor":12.0,"key":"SMITH"},{"data":"Cleave","floor":15.0,"key":"SMITH"},{"data":"Limit Break","floor":23,"key":"SMITH"}],"circlet_count":0,"master_deck":["Strike_R","Strike_R","Strike_R","Defend_R","Defend_R","Defend_R","Bash","Pommel Strike+1","Dark Embrace","Shrug It Off+1","Shrug It Off","Headbutt+1","Cleave+1","Fire Breathing","Limit Break+1","Spot Weakness","Spot Weakness","RitualDagger"],"relics":["Burning Blood"],"acts_visited":["Exordium","TheCity"],"potions_floor_usage":[21],"damage_taken":[{"damage":1.0,"enemies":"Cultist","floor":1.0,"turns":4.0},{"damage":2.0,"enemies":"2 Louse","floor":2.0,"turns":3.0},{"damage":1.0,"enemies":"Jaw Worm","floor":3.0,"turns":4.0},{"damage":0.0,"enemies":"2 Fungi Beasts","floor":7.0,"turns":5.0},{"damage":1.0,"enemies":"Exordium Wildlife","floor":11.0,"turns":4.0},{"damage":19.0,"enemies":"Gremlin Nob","floor":13.0,"turns":4.0},{"damage":10.0,"enemies":"Gremlin Gang","floor":14.0,"turns":4.0},{"damage":65.0,"enemies":"The Guardian","floor":16.0,"turns":18.0},{"damage":30.0,"enemies":"Spheric Guardian","floor":18.0,"turns":11.0},{"damage":19.0,"enemies":"2 Thieves","floor":19.0,"turns":4.0},{"damage":33,"enemies":"Snake Plant","floor":21,"turns":5},{"damage":21,"enemies":"Sentry and Sphere","floor":24,"turns":3}],"seed_played":"-936240088503782726","potions_obtained":[{"floor":3.0,"key":"ColorlessPotion"},{"floor":7.0,"key":"Block Potion"},{"floor":13.0,"key":"Fire Potion"},{"floor":18.0,"key":"PowerPotion"},{"floor":21,"key":"Weak Potion"}],"is_trial":false,"path_per_floor":["M","M","M","?","?","R","M","R","T","?","M","R","E","M","R","B",null,"M","M","$","M","?","R","M"],"character_chosen":"IRONCLAD","items_purchased":[],"campfire_rested":0,"item_purchase_floors":[],"current_hp_per_floor":[80,80,80,80,80,80,80,80,80,85,85,85,72,68,68,9,85,61,48,48,21,15,15,0,0],"gold":271,"neow_bonus":"REMOVE_CARD","is_daily":false,"chose_seed":false,"campfire_upgraded":5,"win_rate":0.0,"timestamp":1609754298,"path_taken":["M","M","M","?","?","R","M","R","T","?","M","R","E","M","R","BOSS","M","M","$","M","?","R","M"],"items_purchased_type":[],"build_version":"2020-12-22","purchased_purges":1,"victory":false,"max_hp_per_floor":[80,80,80,80,80,80,80,80,80,85,85,85,85,85,85,85,85,85,85,85,85,85,85,85,85],"relic_stats":{"counters":[12,69],"obtain_stats":[{"Burning Blood":0},{"Burning Blood":0},{"Burning Blood":0}],"Burning Blood":41},"card_choices":[{"not_picked":["Heavy Blade","Fire Breathing"],"picked":"Pommel Strike","floor":1.0},{"not_picked":["Clash","Shockwave"],"picked":"Dark Embrace","floor":2.0},{"not_picked":["Burning Pact","Uppercut"],"picked":"Shrug It Off","floor":3.0},{"not_picked":["Battle Trance","Heavy Blade"],"picked":"Shrug It Off","floor":7.0},{"not_picked":["Flex","Pommel Strike"],"picked":"Headbutt","floor":11.0},{"not_picked":["Burning Pact","Shrug It Off"],"picked":"Cleave","floor":13.0},{"not_picked":["Body Slam","Bludgeon"],"picked":"Fire Breathing","floor":14.0},{"not_picked":["Fiend Fire","Barricade"],"picked":"Limit Break","floor":16.0},{"not_picked":["True Grit","Blood for Blood"],"picked":"Spot Weakness","floor":18.0},{"not_picked":["Intimidate","Flex"],"picked":"Spot Weakness","floor":19.0},{"not_picked":["Anger+1","Dark Embrace","Blood for Blood"],"picked":"SKIP","floor":21}],"player_experience":435224,"relics_obtained":[],"event_choices":[{"cards_removed":["Defend_R"],"damage_healed":0.0,"max_hp_gain":0.0,"max_hp_loss":0.0,"gold_gain":0.0,"event_name":"The Cleric","player_choice":"Card Removal","floor":4.0,"gold_loss":50.0,"damage_taken":0.0},{"damage_healed":0.0,"max_hp_gain":0.0,"max_hp_loss":0.0,"gold_gain":0.0,"event_name":"Golden Idol","player_choice":"Ignored","floor":5.0,"gold_loss":0.0,"damage_taken":0.0},{"damage_healed":0.0,"max_hp_gain":5.0,"max_hp_loss":0.0,"gold_gain":0.0,"event_name":"Big Fish","player_choice":"Donut","floor":10.0,"gold_loss":0.0,"damage_taken":0.0},{"damage_healed":0,"gold_gain":0,"player_choice":"Dagger","damage_taken":6,"max_hp_gain":0,"max_hp_loss":0,"event_name":"betterThird:BetterNest","floor":22,"gold_loss":0,"cards_obtained":["RitualDagger"]}],"is_beta":false,"boss_relics":[{"not_picked":[]}],"items_purged_floors":[20],"is_endless":false,"potions_floor_spawned":[3,7,13,18,21],"killed_by":"Sentry and Sphere","ascension_level":0}}