{"host":"q79spna8ofw6hj3r","time":1609767839,"event":{"mods":["Aspiration","BaseMod","Bestiary","BetterRewards","Block Reminder","Card Filter","Challenge The Spire","Colored Map","Colored Powertips","Conspire","Custom Start","Energized Spire","Halation","Hubris","Infinite Spire","Jedi Mod","Mimic Mod","Minty Spire (QoL Compilation)","Permanent Neow","Quick Restart","Relic Filter","Relic Sorter","Replay The Spire","Shop Mod","StSLib","SuperFastMode","Synergy Search","vexMod"],"gold_per_floor":[119,119,119,84,84,84,111,122,122,122,142,142,142],"floor_reached":12,"playtime":260,"items_purged":[],"score":111,"play_id":"ea65fc30-f932-4939-87e9-f70e3a07307b","local_time":"20210104154359","is_ascension_mode":true,"campfire_choices":[{"data":"jedi:collectorstrike","floor":6,"key":"SMITH"},{"data":"Bash","floor":10,"key":"SMITH"}],"circlet_count":0,"master_deck":["Strike_R","Strike_R","Strike_R","Strike_R","Defend_R","Defend_R","Defend_R","Defend_R","Bash+1","jedi:collectorstrike+1","Cleave+1"],"relics":["Burning Blood","Blue Doll","hubris:EvacipatedBox","hubris:FruitBowl","Pear","Molten Egg 2","hubris:ChampionShield","vexMod:HeadHunter"],"acts_visited":["Exordium"],"potions_floor_usage":[12],"damage_taken":[{"damage":7,"enemies":"Small Slimes","floor":1,"turns":5},{"damage":20,"enemies":"Jaw Worm","floor":8,"turns":5},{"damage":11,"enemies":"Cultist","floor":11,"turns":4},{"damage":25,"enemies":"3 Sentries","floor":12,"turns":3}],"seed_played":"3108521369483797453","potions_obtained":[{"floor":1,"key":"Elixir"},{"floor":8,"key":"FearPotion"},{"floor":11,"key":"BlessingOfTheForge"}],"is_trial":false,"path_per_floor":["M","?","$","?","?","R","T","M","T","R","M","E"],"character_chosen":"IRONCLAD","items_purchased":["hubris:EvacipatedBox","hubris:FruitBowl","Pear","Molten Egg 2"],"campfire_rested":0,"item_purchase_floors":[3,3,3,3],"current_hp_per_floor":[71,71,16,39,39,39,39,25,25,25,20,0,0],"gold":142,"neow_bonus":"RANDOM_COMMON_RELIC","is_daily":false,"chose_seed":false,"campfire_upgraded":2,"win_rate":0.0,"timestamp":1609767839,"path_taken":["M","?","?","?","?","R","?","?","T","R","M","E"],"items_purchased_type":["Relic","Relic","Relic","Relic"],"build_version":"2020-12-22","purchased_purges":0,"victory":false,"max_hp_per_floor":[80,80,95,95,95,95,95,95,95,95,95,95,95],"card_choices":[{"not_picked":["conspire:Charge","Twin Strike"],"picked":"jedi:collectorstrike","floor":1},{"not_picked":["Havoc","Shockwave"],"picked":"Cleave+1","floor":8},{"not_picked":["Havoc","Twin Strike+1","Clothesline+1"],"picked":"SKIP","floor":11}],"player_experience":199761,"relics_obtained":[{"floor":7,"key":"hubris:ChampionShield"},{"floor":9,"key":"vexMod:HeadHunter"}],"event_choices":[{"damage_healed":23,"gold_gain":0,"player_choice":"Healed","damage_taken":0,"max_hp_gain":0,"max_hp_loss":0,"event_name":"The Cleric","floor":4,"gold_loss":35}],"is_beta":false,"boss_relics":[],"items_purged_floors":[],"is_endless":false,"potions_floor_spawned":[1,8,11],"killed_by":"3 Sentries","ascension_level":6}}