{"host":"0fmi5fguj5lvt8pf","time":1609725506,"event":{"mods":["BaseMod","Colored Map","Curses Come First","Downfall","Minty Spire (QoL Compilation)","Permanent Neow","StSLib","Waifu the Spire"],"gold_per_floor":[99,117,117,117,117,117,141,141,161,176,70,70,94,127,144,244,244,19,29,59,59,77,87,87,72,90,190,204,216,2,17,28,124,124,124,137,155,168,168,168,195,213,242,253,153,203,203,229,246,246,246,276,14,14,14],"floor_reached":56,"playtime":4513,"items_purged":["champ:Strike","champ:Defend","champ:Strike","champ:Execute"],"score":1306,"play_id":"c04ef68f-f9cb-4b3c-969f-9b77ee6f1868","local_time":"20210103175826","is_ascension_mode":false,"campfire_choices":[{"data":"champ:Taunt","floor":1.0,"key":"SMITH"},{"data":"champ:StanceDance","floor":6.0,"key":"SMITH"},{"floor":8.0,"key":"RECALL"},{"data":"champ:ShieldSigil","floor":18.0,"key":"SMITH"},{"data":"champ:MurderStrike","floor":35.0,"key":"SMITH"},{"floor":47.0,"key":"REST"},{"data":"champ:CrownThrow","floor":54.0,"key":"SMITH"}],"circlet_count":0,"master_deck":["champ:Strike+1","champ:Strike+1","champ:Defend+1","champ:Defend+1","champ:Taunt+1","champ:PreciseThrust+1","champ:StanceDance+1","champ:ShieldSigil+1","champ:MurderStrike+1","Finesse","champ:CrownThrow+1","champ:RisingSlash","Finesse","Flash of Steel","champ:RageSigil+1","champ:ShieldSlam","champ:RapidStrikes"],"relics":["champ:ChampionCrown","War Paint","Potion Belt","Nunchaku","SlaversCollar","downfall:HeartBlessingRed","downfall:HeartBlessingGreen","downfall:HeartBlessingBlue","Red Mask","The Courier","Busted Crown","Happy Flower","Lizard Tail","Peace Pipe","CeramicFish","Boot"],"acts_visited":["Exordium","TheCity","TheBeyond","TheEnding"],"potions_floor_usage":[55,55,55,55],"damage_taken":[{"damage":0.0,"enemies":"2 Louse","floor":2.0,"turns":2.0},{"damage":12.0,"enemies":"Jaw Worm","floor":9.0,"turns":3.0},{"damage":5.0,"enemies":"Small Slimes","floor":10.0,"turns":3.0},{"damage":16.0,"enemies":"downfall:FleeingMerchant","floor":11.0,"turns":4.0},{"damage":23.0,"enemies":"Lagavulin","floor":14.0,"turns":7.0},{"damage":5.0,"enemies":"Blue Slaver","floor":15.0,"turns":5.0},{"damage":36.0,"enemies":"downfall:Ironclad","floor":16.0,"turns":10.0},{"damage":0.0,"enemies":"Chosen","floor":19.0,"turns":4.0},{"damage":31.0,"enemies":"Masked Bandits","floor":20.0,"turns":5.0},{"damage":23.0,"enemies":"3 Cultists","floor":22.0,"turns":5.0},{"damage":9.0,"enemies":"Cultist and Chosen","floor":23.0,"turns":6.0},{"damage":9.0,"enemies":"downfall:FleeingMerchant","floor":25.0,"turns":4.0},{"damage":16.0,"enemies":"Snecko","floor":26.0,"turns":6.0},{"damage":12.0,"enemies":"Shelled Parasite and Fungi","floor":28.0,"turns":5.0},{"damage":5.0,"enemies":"Snake Plant","floor":29.0,"turns":5.0},{"damage":5.0,"enemies":"downfall:FleeingMerchant","floor":30.0,"turns":4.0},{"damage":0.0,"enemies":"Centurion and Healer","floor":31.0,"turns":5.0},{"damage":9.0,"enemies":"Snecko","floor":32.0,"turns":4.0},{"damage":18.0,"enemies":"downfall:Watcher","floor":33.0,"turns":7.0},{"damage":23.0,"enemies":"3 Darklings","floor":36.0,"turns":5.0},{"damage":0.0,"enemies":"Orb Walker","floor":37.0,"turns":3.0},{"damage":4.0,"enemies":"Spire Growth","floor":38.0,"turns":4.0},{"damage":3.0,"enemies":"3 Darklings","floor":42.0,"turns":3.0},{"damage":6.0,"enemies":"downfall:FleeingMerchant","floor":43.0,"turns":3.0},{"damage":34.0,"enemies":"Maw","floor":44.0,"turns":6.0},{"damage":5.0,"enemies":"Mind Bloom Boss Battle","floor":46.0,"turns":4.0},{"damage":38.0,"enemies":"Nemesis","floor":48.0,"turns":1.0},{"damage":22.0,"enemies":"Writhing Mass","floor":49.0,"turns":6.0},{"damage":22.0,"enemies":"downfall:Silent","floor":50.0,"turns":4.0},{"damage":15.0,"enemies":"downfall:CharBossMerchant","floor":52.0,"turns":5.0},{"damage":27,"enemies":"downfall:NeowBoss","floor":55,"turns":19}],"seed_played":"6179896569503315746","potions_obtained":[{"floor":9.0,"key":"Weak Potion"},{"floor":10.0,"key":"Block Potion"},{"floor":14.0,"key":"Swift Potion"},{"floor":15.0,"key":"BlessingOfTheForge"},{"floor":16.0,"key":"SneckoOil"},{"floor":20.0,"key":"LiquidBronze"},{"floor":26.0,"key":"SkillPotion"},{"floor":29.0,"key":"Guardian:BlockOnCardUsePotion"},{"floor":31.0,"key":"CultistPotion"},{"floor":33.0,"key":"champ:UltimateStancePotion"},{"floor":36.0,"key":"SkillPotion"},{"floor":38.0,"key":"ColorlessPotion"},{"floor":46.0,"key":"Weak Potion"},{"floor":48.0,"key":"AttackPotion"},{"floor":49.0,"key":"EssenceOfSteel"}],"is_trial":false,"path_per_floor":["R","M","?","?","?","R","T","R","M","M","$","?","T","E","M","B",null,"R","M","?","?","M","M","T","$","M","?","M","M","$","M","M","B",null,"R","M","M","M","?","?","T","M","$","M","$","?","R","E","M","B",null,"E","$","R","B",null],"character_chosen":"THE_CHAMP","items_purchased":["Finesse","Finesse","Flash of Steel","Lizard Tail","hexamod:EctoCoolerPotion","Dexterity Potion","Dexterity Potion"],"campfire_rested":1,"item_purchase_floors":[11,30,30,43,53,53,53],"current_hp_per_floor":[90,90,87,87,87,87,87,87,80,75,69,74,74,56,56,20,95,105,105,79,79,61,57,57,53,42,42,30,25,25,25,21,13,105,105,92,92,88,88,88,88,85,84,55,55,55,86,86,64,42,105,90,90,90,63],"gold":14,"neow_bonus":"THREE_CARDS","is_daily":false,"chose_seed":false,"campfire_upgraded":5,"win_rate":0.0,"timestamp":1609725506,"path_taken":["R","M","?","?","?","R","T","R","?","M","$","?","?","E","M","BOSS","R","M","?","?","M","M","T","$","?","?","M","M","$","M","M","BOSS","R","M","M","M","?","?","T","M","?","?","$","?","R","E","M","BOSS","E","$","R","BOSS"],"items_purchased_type":["Card","Card","Card","Relic","Potion","Potion","Potion"],"build_version":"2020-12-22","purchased_purges":4,"victory":true,"max_hp_per_floor":[90,90,90,90,90,90,90,90,90,90,90,95,95,95,95,95,95,105,105,105,105,105,105,105,105,105,105,105,105,105,105,105,105,105,105,105,105,105,105,105,105,105,105,105,105,105,105,105,105,105,105,105,105,105,105],"card_choices":[{"not_picked":["champ:BladeFlurry","champ:PerfectedStrike"],"picked":"champ:PreciseThrust","floor":0.0},{"not_picked":["champ:TornadoPunch","champ:Aggression"],"picked":"champ:StanceDance","floor":2.0},{"not_picked":["champ:DefensiveShout","champ:TornadoPunch"],"picked":"champ:ShieldSigil","floor":9.0},{"not_picked":["champ:CrookedStrike","champ:ShieldSigil"],"picked":"champ:MurderStrike","floor":10.0},{"not_picked":["champ:StanceDance","champ:BerserkersShout","champ:BladeFlurry"],"picked":"SKIP","floor":11.0},{"not_picked":["champ:GutPunch","champ:GladiatorsShout","champ:AdrenalArmor"],"picked":"SKIP","floor":14.0},{"not_picked":["champ:Circumvent","champ:PerfectedStrike","champ:EnragedBash"],"picked":"SKIP","floor":15.0},{"not_picked":["champ:EnchantSword","champ:SwordThrow"],"picked":"champ:CrownThrow","floor":16.0},{"not_picked":["champ:GutPunch+1","champ:TornadoPunch","champ:RecklessLeap"],"picked":"SKIP","floor":19.0},{"not_picked":["champ:EndlessRage","champ:GladiatorsShout"],"picked":"champ:RisingSlash","floor":20.0},{"not_picked":["champ:BladeFlurry","champ:Encircle","champ:Backstep"],"picked":"SKIP","floor":22.0},{"not_picked":["champ:Aggression","champ:TornadoPunch","champ:BringItOn"],"picked":"SKIP","floor":23.0},{"not_picked":["champ:ViciousMockery","champ:FalseCounter","champ:Balance"],"picked":"SKIP","floor":25.0},{"not_picked":["champ:BerserkerStyle","champ:ShieldThrow","champ:BringItOn+1"],"picked":"SKIP","floor":26.0},{"not_picked":["champ:Aggression","champ:FocusedBerserking","champ:Backstep+1"],"picked":"SKIP","floor":28.0},{"not_picked":["champ:StanceDance","champ:BringItOn","champ:DefensiveShout"],"picked":"SKIP","floor":29.0},{"not_picked":["champ:FlashCut","champ:AdrenalArmor","champ:TornadoPunch"],"picked":"SKIP","floor":30.0},{"not_picked":["champ:ShieldSigil","champ:Backstep","champ:DefensiveStyle"],"picked":"SKIP","floor":31.0},{"not_picked":["champ:GladiatorsShout","champ:ShieldSigil+1"],"picked":"champ:RageSigil+1","floor":32.0},{"not_picked":["champ:ShieldThrow","champ:HoldFirm"],"picked":"champ:ShieldSlam","floor":33.0},{"not_picked":["champ:EnGarde+1"],"picked":"SKIP","floor":36.0},{"not_picked":["champ:FalseCounter"],"picked":"SKIP","floor":37.0},{"not_picked":[],"picked":"champ:RapidStrikes","floor":38.0},{"not_picked":["champ:AdrenalArmor+1"],"picked":"SKIP","floor":42.0},{"not_picked":["champ:AdrenalArmor"],"picked":"SKIP","floor":43.0},{"not_picked":["champ:AdrenalArmor"],"picked":"SKIP","floor":44.0},{"not_picked":["champ:AdrenalArmor+1"],"picked":"SKIP","floor":48.0},{"not_picked":["champ:BerserkerStyle"],"picked":"SKIP","floor":49.0},{"not_picked":["champ:ViciousMockery"],"picked":"SKIP","floor":52.0}],"player_experience":1279237,"relics_obtained":[{"floor":13.0,"key":"Potion Belt"},{"floor":14.0,"key":"Nunchaku"},{"floor":20.0,"key":"Red Mask"},{"floor":24.0,"key":"The Courier"},{"floor":41.0,"key":"Happy Flower"},{"floor":46.0,"key":"Peace Pipe"},{"floor":48.0,"key":"CeramicFish"},{"floor":52.0,"key":"Boot"}],"event_choices":[{"damage_healed":0.0,"max_hp_gain":0.0,"max_hp_loss":0.0,"gold_gain":0.0,"event_name":"Scrap Ooze","player_choice":"Success","floor":3.0,"gold_loss":0.0,"damage_taken":3.0,"relics_obtained":["War Paint"]},{"cards_removed":["Regret"],"damage_healed":0.0,"max_hp_gain":0.0,"max_hp_loss":0.0,"gold_gain":0.0,"event_name":"Living Wall","player_choice":"Forget","floor":5.0,"gold_loss":0.0,"damage_taken":0.0},{"damage_healed":0.0,"max_hp_gain":5.0,"max_hp_loss":0.0,"gold_gain":0.0,"event_name":"Big Fish","player_choice":"Donut","floor":12.0,"gold_loss":0.0,"damage_taken":0.0},{"damage_healed":0.0,"max_hp_gain":0.0,"max_hp_loss":0.0,"gold_gain":0.0,"event_name":"Masked Bandits","player_choice":"Fought Bandits","floor":20.0,"gold_loss":0.0,"damage_taken":0.0},{"cards_removed":["champ:Defend"],"damage_healed":0.0,"max_hp_gain":0.0,"max_hp_loss":0.0,"gold_gain":0.0,"event_name":"Falling","player_choice":"Removed Skill","floor":39.0,"gold_loss":0.0,"damage_taken":0.0}],"is_beta":false,"boss_relics":[{"not_picked":["downfall:Hecktoplasm","Velvet Choker"],"picked":"SlaversCollar"},{"not_picked":["Fusion Hammer","Tiny House"],"picked":"Busted Crown"}],"items_purged_floors":[30,43,45,53],"is_endless":false,"potions_floor_spawned":[9,10,14,15,16,20,26,29,31,33,36,38,46,48,49],"ascension_level":0}}