{"host":"wfaw4t0decg690yu","time":1609783150,"event":{"mods":["Act Like it!","BaseMod","Downfall","Friendly Minions","Gensokyo","KinomotoSakuraMod(木之本樱)","Kiyohime（清姬）","LagranYue(拉格朗・月)","Marisa（F雨　魔理沙）","Minty Spire (QoL Compilation)","Remilia（蕾米莉亚）","Replay The Spire","StSLib","Td1madao Mod","The Animator","The Bug Knight","The Servant 0.9.4","Youmu（魂魄妖梦）"],"gold_per_floor":[99,99,99,374,374,374,374,388,313,331,346,156,156,156,156],"floor_reached":13,"playtime":758,"items_purged":["Regret"],"score":71,"play_id":"37856a7e-43c4-4381-9cb6-e6f64656d6d4","local_time":"20210105015910","is_ascension_mode":false,"campfire_choices":[{"data":"Slimebound:CorrosiveSpit","floor":1,"key":"SMITH"}],"circlet_count":0,"master_deck":["Slimebound:Strike_Slimebound","Slimebound:Strike_Slimebound","Slimebound:Strike_Slimebound","Slimebound:Tackle","Slimebound:Defend_Slimebound","Slimebound:Defend_Slimebound","Slimebound:Defend_Slimebound","Slimebound:Defend_Slimebound","Slimebound:Split","Slimebound:CorrosiveSpit+1","Slimebound:GoopTackle","Slimebound:AcidTongue","Slimebound:Gluttony","Slimebound:RallyTheTroops","Slimebound:Repurpose","Slimebound:SamplingLick","ReplayTheSpireMod:Brewmster","Slimebound:MegaLick+1"],"relics":["Slimebound:AbsorbEndCombat","LagranYue:RandomDrawCardRelic","downfall:HeartsMalice","The Courier"],"acts_visited":["Exordium"],"potions_floor_usage":[13,13],"damage_taken":[{"damage":0,"enemies":"Cultist","floor":2,"turns":1},{"damage":0,"enemies":"Jaw Worm","floor":3,"turns":1},{"damage":0,"enemies":"Small Slimes","floor":5,"turns":1},{"damage":18,"enemies":"3 Louse","floor":8,"turns":2},{"damage":11,"enemies":"downfall:FleeingMerchant","floor":9,"turns":4},{"damage":22,"enemies":"Blue Slaver","floor":10,"turns":2},{"damage":21,"enemies":"Red Slaver","floor":11,"turns":2},{"damage":28,"enemies":"downfall:FleeingMerchant","floor":12,"turns":4},{"damage":43,"enemies":"Lagavulin","floor":13,"turns":5}],"seed_played":"7659407456866076352","potions_obtained":[{"floor":6,"key":"downfall:CursedFountainPotion"},{"floor":8,"key":"SkillPotion"},{"floor":10,"key":"Elixir"},{"floor":11,"key":"Fruit Juice"}],"is_trial":false,"path_per_floor":["R","M","M","?","M","?","T","M","$","M","M","$","E"],"character_chosen":"SLIMEBOUND","items_purchased":["ReplayTheSpireMod:Brewmster","Slimebound:MegaLick+1"],"campfire_rested":0,"item_purchase_floors":[12,12],"current_hp_per_floor":[60,60,60,60,60,60,60,49,54,40,27,11,0,0,0],"gold":156,"neow_bonus":"THREE_ENEMY_KILL","is_daily":false,"chose_seed":false,"campfire_upgraded":1,"win_rate":0.0,"timestamp":1609783150,"path_taken":["R","M","M","?","?","?","T","M","$","?","M","?","E"],"items_purchased_type":["Card","Card"],"build_version":"2020-12-22","purchased_purges":1,"victory":false,"max_hp_per_floor":[60,60,60,60,60,60,60,60,60,60,60,60,65,65,65],"card_choices":[{"not_picked":["Slimebound:SplitAcid","Slimebound:GoopSpray"],"picked":"Slimebound:GoopTackle","floor":2},{"not_picked":["Slimebound:GrowthPunch","Slimebound:HauntingLick"],"picked":"Slimebound:AcidTongue","floor":3},{"not_picked":["Slimebound:GrowthPunch","Slimebound:GoopSpray","Slimebound:BestDefense"],"picked":"SKIP","floor":5},{"not_picked":["Slimebound:SplitAcid","Slimebound:LeechingTouch"],"picked":"Slimebound:Gluttony","floor":8},{"not_picked":["Slimebound:LeechEnergy","Slimebound:ViciousTackle","Slimebound:ComboTackle"],"picked":"SKIP","floor":9},{"not_picked":["Slimebound:SplitMire","Slimebound:RollThrough"],"picked":"Slimebound:RallyTheTroops","floor":10},{"not_picked":["Slimebound:SplitLeeching","Slimebound:Nibble"],"picked":"Slimebound:Repurpose","floor":11},{"not_picked":["Slimebound:SlimeSpikes","Slimebound:SplitAcid"],"picked":"Slimebound:SamplingLick","floor":12}],"player_experience":515157,"relics_obtained":[{"floor":7,"key":"The Courier"}],"event_choices":[],"is_beta":false,"boss_relics":[],"items_purged_floors":[9],"is_endless":false,"potions_floor_spawned":[8,10,11],"killed_by":"Lagavulin","ascension_level":0}}