{"host":"7krnriczr1b2ou5r","time":1609764213,"event":{"mods":["BaseMod","Keyboard Shortcuts","Minty Spire (QoL Compilation)","Relic Stats","StSLib"],"gold_per_floor":[368,443,460,479,36,64,64,98,98,112,142,142,142,175,175,253,253,268,268,281,123,142,173,184,59,138,167,167,82,182,210,210,287,287,306,276,28,38,52,84,84,95,95,123,123,123,133,160,160,160,160,160,160,21,56,56],"floor_reached":57,"playtime":3190,"items_purged":["Strike_G","Strike_G","Strike_G","Defend_G"],"score":3627,"play_id":"7cd7acaa-f3b7-4716-8ced-a7430c3609a3","local_time":"20210104214333","is_ascension_mode":true,"campfire_choices":[{"data":"Footwork","floor":7,"key":"SMITH"},{"data":"Calculated Gamble","floor":13,"key":"SMITH"},{"data":"Neutralize","floor":15,"key":"SMITH"},{"data":"Envenom","floor":28,"key":"SMITH"},{"data":"Defend_G","floor":32,"key":"PURGE"},{"data":"Reflex","floor":41,"key":"SMITH"},{"data":"Doppelganger+1","floor":45,"key":"PURGE"},{"data":"Defend_G","floor":49,"key":"PURGE"},{"data":"Flechettes","floor":53,"key":"PURGE"}],"circlet_count":0,"master_deck":["AscendersBane","Survivor","Neutralize+1","Footwork+1","Calculated Gamble+1","Reflex+1","Cloak And Dagger+1","Prepared+1","Envenom+1","Acrobatics+1","Prepared+1","After Image+1","Corpse Explosion+1","Acrobatics+1","Tactician+1","Blade Dance+1","After Image","Backflip+1","Infinite Blades","Tactician+1","Finisher","Flash of Steel+1","Escape Plan+1","Madness+1","Madness+1"],"relics":["Ring of the Snake","Ornamental Fan","Mango","Eternal Feather","Toxic Egg 2","Bag of Marbles","Strawberry","HoveringKite","Potion Belt","Question Card","Pear","Peace Pipe","Letter Opener","Pen Nib","Coffee Dripper","Nunchaku","Gambling Chip","Orichalcum","Toy Ornithopter","TungstenRod"],"acts_visited":["Exordium","TheCity","TheBeyond","TheEnding"],"potions_floor_usage":[6,8,20,30,48,50,50,56,56,56],"damage_taken":[{"damage":0,"enemies":"Jaw Worm","floor":1,"turns":5},{"damage":0,"enemies":"Small Slimes","floor":3,"turns":4},{"damage":8,"enemies":"Cultist","floor":4,"turns":5},{"damage":29,"enemies":"Gremlin Nob","floor":6,"turns":4},{"damage":18,"enemies":"Lagavulin","floor":8,"turns":7},{"damage":0,"enemies":"3 Louse","floor":10,"turns":6},{"damage":6,"enemies":"3 Sentries","floor":11,"turns":7},{"damage":20,"enemies":"Gremlin Nob","floor":14,"turns":4},{"damage":10,"enemies":"The Guardian","floor":16,"turns":20},{"damage":11,"enemies":"3 Byrds","floor":18,"turns":5},{"damage":0,"enemies":"Chosen","floor":20,"turns":5},{"damage":0,"enemies":"Centurion and Healer","floor":22,"turns":3},{"damage":0,"enemies":"Slavers","floor":23,"turns":2},{"damage":0,"enemies":"3 Cultists","floor":24,"turns":2},{"damage":0,"enemies":"Gremlin Leader","floor":27,"turns":6},{"damage":0,"enemies":"Colosseum Slavers","floor":30,"turns":3},{"damage":0,"enemies":"Colosseum Nobs","floor":30,"turns":3},{"damage":8,"enemies":"Book of Stabbing","floor":31,"turns":4},{"damage":0,"enemies":"Collector","floor":33,"turns":6},{"damage":0,"enemies":"3 Darklings","floor":35,"turns":1},{"damage":0,"enemies":"3 Shapes","floor":38,"turns":2},{"damage":0,"enemies":"Maw","floor":39,"turns":3},{"damage":0,"enemies":"Nemesis","floor":40,"turns":5},{"damage":0,"enemies":"3 Darklings","floor":42,"turns":1},{"damage":0,"enemies":"Giant Head","floor":44,"turns":3},{"damage":2,"enemies":"4 Shapes","floor":47,"turns":2},{"damage":0,"enemies":"Nemesis","floor":48,"turns":3},{"damage":0,"enemies":"Time Eater","floor":50,"turns":3},{"damage":0,"enemies":"Awakened One","floor":51,"turns":3},{"damage":0,"enemies":"Shield and Spear","floor":55,"turns":1},{"damage":0,"enemies":"The Heart","floor":56,"turns":5}],"seed_played":"-4575664827748736172","potions_obtained":[{"floor":1,"key":"DistilledChaos"},{"floor":6,"key":"AttackPotion"},{"floor":10,"key":"Ancient Potion"},{"floor":18,"key":"CunningPotion"},{"floor":24,"key":"LiquidMemories"},{"floor":31,"key":"PowerPotion"},{"floor":33,"key":"GamblersBrew"},{"floor":36,"key":"BlessingOfTheForge"},{"floor":36,"key":"DuplicationPotion"},{"floor":48,"key":"DistilledChaos"}],"is_trial":false,"path_per_floor":["M","?","M","M","$","E","R","E","T","M","E","?","R","E","R","B",null,"M","?","M","$","M","E","M","$","T","E","R","$","?","E","R","B",null,"M","?","$","M","M","E","R","M","T","E","R","?","M","E","R","B","B",null,"R","$","E","B",null],"character_chosen":"THE_SILENT","items_purchased":["Endless Agony","Ornamental Fan","Acrobatics+1","Infinite Blades","Flash of Steel","LiquidBronze","PowerPotion"],"campfire_rested":0,"item_purchase_floors":[5,5,21,29,37,54,54],"current_hp_per_floor":[59,48,48,40,40,25,25,7,7,7,31,36,45,32,44,34,73,62,62,62,62,62,62,62,62,62,72,84,84,84,76,91,91,95,95,95,95,95,95,95,96,96,96,96,96,79,77,77,92,96,96,96,96,96,96,96],"gold":56,"neow_bonus":"TWO_FIFTY_GOLD","is_daily":false,"chose_seed":false,"campfire_upgraded":5,"win_rate":0.0,"timestamp":1609764213,"path_taken":["M","?","M","M","$","E","R","E","T","M","E","?","R","E","R","BOSS","M","?","M","$","M","E","M","$","T","E","R","?","?","E","R","BOSS","M","?","$","M","?","E","R","M","T","E","R","?","M","E","R","BOSS","BOSS","R","$","E","BOSS"],"items_purchased_type":["Card","Relic","Card","Card","Card","Potion","Potion"],"build_version":"2020-12-22","purchased_purges":4,"victory":true,"max_hp_per_floor":[60,60,60,60,60,74,74,74,74,74,74,79,79,86,86,86,86,86,86,86,86,86,86,86,86,86,96,96,96,96,96,96,96,96,96,96,96,96,96,96,96,96,96,96,96,96,96,96,96,96,96,96,96,96,96,96],"relic_stats":{"counters":[31,133],"HoveringKite":[58],"Eternal Feather":64,"Pen Nib":[26],"Letter Opener":[514],"Orichalcum":[6],"Question Card":13,"Peace Pipe":4,"Nunchaku":[15],"Ornamental Fan":[552],"Gambling Chip":[23],"obtain_stats":[{"Potion Belt":23,"Pear":27,"HoveringKite":17,"Mango":6,"Eternal Feather":8,"Pen Nib":31,"Letter Opener":30,"Orichalcum":44,"Question Card":26,"Peace Pipe":30,"Nunchaku":40,"Ornamental Fan":5,"Strawberry":14,"Gambling Chip":43,"Bag of Marbles":11,"Coffee Dripper":34,"Toxic Egg 2":9,"Toy Ornithopter":48,"TungstenRod":55,"Ring of the Snake":0},{"Potion Belt":13,"Pear":15,"HoveringKite":9,"Mango":4,"Eternal Feather":5,"Pen Nib":18,"Letter Opener":17,"Orichalcum":25,"Question Card":14,"Peace Pipe":17,"Nunchaku":23,"Ornamental Fan":3,"Strawberry":8,"Gambling Chip":24,"Bag of Marbles":7,"Coffee Dripper":19,"Toxic Egg 2":5,"Toy Ornithopter":27,"TungstenRod":30,"Ring of the Snake":0},{"Potion Belt":77,"Pear":85,"HoveringKite":62,"Mango":18,"Eternal Feather":25,"Pen Nib":95,"Letter Opener":91,"Orichalcum":116,"Question Card":79,"Peace Pipe":91,"Nunchaku":112,"Ornamental Fan":14,"Strawberry":42,"Gambling Chip":113,"Bag of Marbles":38,"Coffee Dripper":101,"Toxic Egg 2":25,"Toy Ornithopter":121,"TungstenRod":128,"Ring of the Snake":0}],"Toy Ornithopter":4,"TungstenRod":0,"Ring of the Snake":[63]},"card_choices":[{"not_picked":["Concentrate","Sucker Punch"],"picked":"Footwork","floor":1},{"not_picked":["Choke","All Out Attack"],"picked":"Calculated Gamble","floor":3},{"not_picked":["Sucker Punch","Dagger Spray","Slice"],"picked":"SKIP","floor":4},{"not_picked":["Setup","Bullet Time"],"picked":"Reflex","floor":6},{"not_picked":["Bane","Masterful Stab"],"picked":"Flechettes","floor":8},{"not_picked":["Quick Slash","Poisoned Stab"],"picked":"Flying Knee","floor":10},{"not_picked":["Leg Sweep+1","Underhanded Strike"],"picked":"Cloak And Dagger+1","floor":11},{"not_picked":["Flying Knee","Dash"],"picked":"Prepared+1","floor":14},{"not_picked":["Night Terror+1","Glass Knife"],"picked":"Envenom","floor":16},{"not_picked":["Prepared+1","Flying Knee"],"picked":"Acrobatics+1","floor":18},{"not_picked":["Dodge and Roll+1","Catalyst+1"],"picked":"Corpse Explosion+1","floor":20},{"not_picked":["Cloak And Dagger+1","Bane"],"picked":"Blade Dance+1","floor":22},{"not_picked":["Bane","Footwork","PiercingWail+1"],"picked":"SKIP","floor":23},{"not_picked":["Footwork","PiercingWail+1"],"picked":"Bane","floor":23},{"not_picked":["Outmaneuver+1","Prepared+1"],"picked":"After Image","floor":24},{"not_picked":["Poisoned Stab","Predator","Calculated Gamble+1"],"picked":"Backflip+1","floor":27},{"not_picked":["Predator","Dagger Spray","Dagger Throw"],"picked":"Tactician+1","floor":30},{"not_picked":["Acrobatics+1","Flying Knee","Outmaneuver+1","Dash"],"picked":"SKIP","floor":31},{"not_picked":["Die Die Die","Glass Knife","Envenom"],"picked":"Doppelganger+1","floor":33},{"not_picked":["All Out Attack","Distraction+1","Bouncing Flask+1","Underhanded Strike"],"picked":"SKIP","floor":35},{"not_picked":["Slice","Deadly Poison+1","Footwork+1","Heel Hook"],"picked":"SKIP","floor":38},{"not_picked":["Quick Slash","Backflip+1","Dagger Throw","Calculated Gamble+1"],"picked":"SKIP","floor":39},{"not_picked":["Cloak And Dagger+1","Terror+1","Bouncing Flask+1"],"picked":"Finisher","floor":40},{"not_picked":["All Out Attack","Tactician+1","Bane","Deflect+1"],"picked":"SKIP","floor":42},{"not_picked":["Slice+1","Dagger Throw+1","Doppelganger+1"],"picked":"Escape Plan+1","floor":44},{"not_picked":["Dodge and Roll+1","Poisoned Stab","Riddle With Holes","Footwork+1"],"picked":"SKIP","floor":47},{"not_picked":["Backstab","Escape Plan+1","PiercingWail+1","Heel Hook"],"picked":"SKIP","floor":48},{"not_picked":["Dagger Spray","Accuracy","Backflip+1","Escape Plan+1"],"picked":"SKIP","floor":55}],"player_experience":1062381,"relics_obtained":[{"floor":6,"key":"Mango"},{"floor":8,"key":"Eternal Feather"},{"floor":9,"key":"Toxic Egg 2"},{"floor":11,"key":"Bag of Marbles"},{"floor":14,"key":"Strawberry"},{"floor":23,"key":"Potion Belt"},{"floor":26,"key":"Question Card"},{"floor":27,"key":"Pear"},{"floor":30,"key":"Peace Pipe"},{"floor":30,"key":"Letter Opener"},{"floor":31,"key":"Pen Nib"},{"floor":40,"key":"Nunchaku"},{"floor":43,"key":"Gambling Chip"},{"floor":44,"key":"Orichalcum"},{"floor":48,"key":"Toy Ornithopter"},{"floor":55,"key":"TungstenRod"}],"event_choices":[{"damage_healed":0,"gold_gain":75,"player_choice":"Gather Gold","damage_taken":11,"max_hp_gain":0,"max_hp_loss":0,"event_name":"World of Goop","floor":2,"gold_loss":0},{"damage_healed":0,"gold_gain":0,"player_choice":"Donut","damage_taken":0,"max_hp_gain":5,"max_hp_loss":0,"event_name":"Big Fish","floor":12,"gold_loss":0},{"damage_healed":0,"gold_gain":0,"player_choice":"1 cards matched","damage_taken":0,"max_hp_gain":0,"max_hp_loss":0,"event_name":"Match and Keep!","floor":19,"gold_loss":0,"cards_obtained":["Prepared"]},{"damage_healed":0,"gold_gain":0,"player_choice":"Fight","damage_taken":0,"max_hp_gain":0,"max_hp_loss":0,"event_name":"Colosseum","floor":30,"gold_loss":0},{"damage_healed":0,"gold_gain":0,"player_choice":"Fought Nobs","damage_taken":0,"max_hp_gain":0,"max_hp_loss":0,"event_name":"Colosseum","floor":30,"gold_loss":0},{"damage_healed":0,"gold_gain":0,"player_choice":"Bought 2 Potions","damage_taken":0,"max_hp_gain":0,"max_hp_loss":0,"event_name":"The Woman in Blue","floor":36,"gold_loss":0},{"damage_healed":0,"gold_gain":0,"player_choice":"Embrace Madness","damage_taken":17,"max_hp_gain":0,"max_hp_loss":0,"event_name":"Winding Halls","floor":46,"gold_loss":0,"cards_obtained":["Madness","Madness"]}],"is_beta":false,"boss_relics":[{"not_picked":["SacredBark","Velvet Choker"],"picked":"HoveringKite"},{"not_picked":["Cursed Key","Pandora\u0027s Box"],"picked":"Coffee Dripper"}],"items_purged_floors":[5,21,25,37],"is_endless":false,"potions_floor_spawned":[1,6,10,18,24,31,33,38,40,47,48,55],"ascension_level":20}}