{"host":"27tk4xseidcli2mr","time":1609775803,"event":{"mods":["2.2 Compatiblity","AchievementEnabler","Aspiration","BaseMod","Better Third Choice","Conspire","Custom Start","Hubris","Jorbs\u0027s Wanderer Trilogy","Minty Spire (QoL Compilation)","Replay The Spire","StSLib","SuperFastMode","[IsaacMod]????"],"gold_per_floor":[209,209,20,34,48,48,48,48,82,44,102,161,200,224,236,282,294,399,411,437,449,461,473,496,545,557,569,581,593,593],"floor_reached":29,"playtime":1531,"items_purged":[],"score":518,"play_id":"b875bdf8-69a6-4384-8d0a-3a2c1bb7f4d3","local_time":"20210104165643","is_ascension_mode":true,"campfire_choices":[{"data":"After Image","floor":8.0,"key":"SMITH"},{"floor":17.0,"key":"REST"}],"circlet_count":0,"master_deck":["AscendersBane","Strike_G","Strike_G+1","Strike_G","Strike_G","Strike_G","Defend_G","Defend_G","Defend_G+1","Defend_G","Defend_G","Survivor","Neutralize","Replay:Poison Smokescreen","ReplayTheSpireMod:Scrap Shanks","hubris:SlightOfHand","Acrobatics","After Image+1","hubris:SlightOfHand","Slice","conspire:SpireCoStock","Blade Dance","Backstab","Backstab","Dagger Spray","Tools of the Trade","Prepared","Tactician","conspire:DoublingDagger"],"relics":["HushsDoor","BelialBook","MawBank","Regal Pillow","aspiration:VileToxins","Sizzling Blood","SharpPlug","SacredBark","TungstenRod","hubris:Towel"],"acts_visited":["Exordium","TheCity"],"potions_floor_usage":[],"damage_taken":[{"damage":0.0,"enemies":"2 Louse","floor":1.0,"turns":3.0},{"damage":0.0,"enemies":"Small Slimes","floor":4.0,"turns":4.0},{"damage":0.0,"enemies":"Jaw Worm","floor":5.0,"turns":6.0},{"damage":12.0,"enemies":"Lagavulin","floor":9.0,"turns":8.0},{"damage":20.0,"enemies":"Replay:BlueRogue","floor":12.0,"turns":11.0},{"damage":1.0,"enemies":"conspire:2 RoseBushes","floor":13.0,"turns":7.0},{"damage":0.0,"enemies":"Looter","floor":14.0,"turns":4.0},{"damage":3.0,"enemies":"3 Sentries","floor":16.0,"turns":5.0},{"damage":45.0,"enemies":"Hexaghost","floor":18.0,"turns":16.0},{"damage":23.0,"enemies":"Chosen","floor":20.0,"turns":6.0},{"damage":1.0,"enemies":"3 Byrds","floor":24.0,"turns":6.0},{"damage":33.0,"enemies":"Book of Stabbing","floor":25.0,"turns":5.0},{"damage":25,"enemies":"Replay:Snechameleon","floor":29,"turns":11}],"seed_played":"6134963482456209643","potions_obtained":[{"floor":1.0,"key":"Explosive Potion"},{"floor":5.0,"key":"Weak Potion"},{"floor":18.0,"key":"Elixir"},{"floor":20.0,"key":"GamblersBrew"},{"floor":24.0,"key":"Swift Potion"}],"is_trial":false,"path_per_floor":["M","?","$","M","M","PTL","PTL","R","E","?","T","E","M","M","?","E","R","B",null,"M","$","?","?","M","E","?","?","T","E"],"character_chosen":"THE_SILENT","items_purchased":["ReplayTheSpireMod:Scrap Shanks","hubris:SlightOfHand","Acrobatics"],"campfire_rested":1,"item_purchase_floors":[3,3,3],"current_hp_per_floor":[59,39,39,39,39,39,39,39,27,27,27,7,6,6,10,11,47,6,54,35,35,49,49,52,23,23,23,23,0,0],"gold":593,"neow_bonus":"HUNDRED_GOLD","is_daily":false,"chose_seed":false,"campfire_upgraded":1,"win_rate":0.0,"timestamp":1609775803,"path_taken":["M","?","$","M","M","PTL","PTL","R","E","?","T","E","M","M","?","E","R","BOSS","M","?","?","?","?","E","?","?","T","E"],"items_purchased_type":["Card","Card","Card"],"build_version":"2020-12-22","purchased_purges":0,"victory":false,"max_hp_per_floor":[66,66,66,66,66,66,66,66,66,66,66,66,66,66,70,70,70,70,70,70,70,70,70,70,70,70,70,70,70,70],"card_choices":[{"not_picked":["Prepared","Slice"],"picked":"Replay:Poison Smokescreen","floor":1.0},{"not_picked":["Prepared","Expertise"],"picked":"After Image","floor":4.0},{"not_picked":["Bomb","Dodge and Roll"],"picked":"hubris:SlightOfHand","floor":5.0},{"not_picked":["Draining Mist","ReplayTheSpireMod:Exploit Weakness"],"picked":"Slice","floor":9.0},{"not_picked":["Unload","Hidden Blade"],"picked":"Blade Dance","floor":12.0},{"not_picked":["Crippling Poison","Skewer"],"picked":"Backstab","floor":13.0},{"not_picked":["Prepared","Underhanded Strike"],"picked":"Backstab","floor":14.0},{"not_picked":["Quick Slash","Terror"],"picked":"Dagger Spray","floor":16.0},{"not_picked":["aspiration:Lunge","Corpse Explosion"],"picked":"Tools of the Trade","floor":18.0},{"not_picked":["Catalyst","Underhanded Strike"],"picked":"Prepared","floor":20.0},{"not_picked":["Flying Knee","Fluid Movement"],"picked":"Tactician","floor":24.0},{"not_picked":["Cloak And Dagger","Reflex+1"],"picked":"conspire:DoublingDagger","floor":25.0}],"player_experience":1248469,"relics_obtained":[{"floor":9.0,"key":"MawBank"},{"floor":11.0,"key":"Regal Pillow"},{"floor":12.0,"key":"aspiration:VileToxins"},{"floor":16.0,"key":"SharpPlug"},{"floor":25.0,"key":"TungstenRod"}],"event_choices":[{"damage_healed":59.0,"max_hp_gain":0.0,"max_hp_loss":66.0,"gold_gain":0.0,"event_name":"betterThird:BetterShining","player_choice":"Upgrade","floor":2.0,"gold_loss":0.0,"damage_taken":20.0,"cards_upgraded":["Strike_G","Defend_G"]},{"damage_healed":0.0,"max_hp_gain":0.0,"max_hp_loss":0.0,"gold_gain":0.0,"event_name":"conspire:Investor","player_choice":"Invest 1","floor":10.0,"gold_loss":0.0,"damage_taken":0.0},{"damage_healed":14.0,"max_hp_gain":0.0,"max_hp_loss":0.0,"gold_gain":0.0,"event_name":"The Library","player_choice":"Heal","floor":22.0,"gold_loss":0.0,"damage_taken":0.0}],"is_beta":false,"boss_relics":[{"not_picked":["Velvet Choker","aspiration:RunicSpoon"],"picked":"SacredBark"},{"not_picked":[]}],"items_purged_floors":[],"is_endless":false,"potions_floor_spawned":[1,5,18,20,24],"killed_by":"Replay:Snechameleon","ascension_level":20}}