{"host":"dgf4n6lo35jtjz0c","time":1609745221,"event":{"mods":["BaseMod","Bestiary","Colored Powertips","Minty Spire (QoL Compilation)"],"gold_per_floor":[112,112,131,149,163,163,163,163,163,163,163,49,49,73,73,202,202,227,227,227,246,246,246,273,273,273,291,391,91,91,110,110,209,209,229,279,32,32,47,47,67,80,133,144,215,215,215,13,13,13],"floor_reached":51,"playtime":1654,"items_purged":[],"score":833,"play_id":"bf236479-27e2-497b-a292-16dfe6283711","local_time":"20210104182701","daily_mods":["Hoarder","Specialized","Vintage","Heirloom","Time Dilation","Flight"],"is_ascension_mode":false,"campfire_choices":[{"data":"Demon Form","floor":6.0,"key":"SMITH"},{"data":"DevaForm","floor":7.0,"key":"SMITH"},{"data":"Echo Form","floor":8.0,"key":"SMITH"},{"floor":15.0,"key":"REST"},{"data":"Demon Form","floor":23,"key":"SMITH"},{"floor":32,"key":"REST"},{"data":"Demon Form","floor":40,"key":"SMITH"},{"data":"Apotheosis","floor":49,"key":"SMITH"}],"circlet_count":0,"master_deck":["Demon Form+1","Echo Form+1","DevaForm+1","Strike_R+1","Strike_R+1","Strike_R","Strike_R","Strike_R","Defend_R","Defend_R","Defend_R","Defend_R","Bash","Twin Strike","Twin Strike","Twin Strike","Twin Strike","Twin Strike","Twin Strike","Twin Strike+1","Twin Strike","Twin Strike","Twin Strike","Twin Strike","Twin Strike","Twin Strike","Twin Strike+1","Twin Strike","Inflame","Inflame","Demon Form+1","Demon Form+1","Demon Form+1","Sword Boomerang","Sword Boomerang","Sword Boomerang","Apotheosis+1","Apotheosis","Apotheosis"],"relics":["Unceasing Top","FossilizedHelix","Sundial","Tiny Chest","Thread and Needle","Meat on the Bone","Bloody Idol","StrikeDummy","Busted Crown","Whetstone","TungstenRod","PreservedInsect","Ancient Tea Set","Nloth\u0027s Gift","Bottled Tornado","Toy Ornithopter","Torii","Frozen Egg 2","HornCleat","InkBottle","Anchor","Mark of Pain","Bag of Marbles","Bird Faced Urn","Kunai","Champion Belt","Juzu Bracelet","Bag of Preparation","Dream Catcher","StoneCalendar","The Courier"],"acts_visited":["Exordium","TheCity","TheBeyond"],"potions_floor_usage":[16,21,21,27,50,50,50],"damage_taken":[{"damage":0.0,"enemies":"Small Slimes","floor":1.0,"turns":2.0},{"damage":0.0,"enemies":"Cultist","floor":3.0,"turns":3.0},{"damage":0.0,"enemies":"Jaw Worm","floor":4.0,"turns":2.0},{"damage":0.0,"enemies":"2 Fungi Beasts","floor":5.0,"turns":3.0},{"damage":0.0,"enemies":"Large Slime","floor":14.0,"turns":3.0},{"damage":0,"enemies":"Slime Boss","floor":16,"turns":4},{"damage":0,"enemies":"Spheric Guardian","floor":18,"turns":3},{"damage":0,"enemies":"2 Thieves","floor":21,"turns":3},{"damage":11,"enemies":"3 Cultists","floor":27,"turns":4},{"damage":25,"enemies":"Colosseum Slavers","floor":28,"turns":4},{"damage":20,"enemies":"Colosseum Nobs","floor":28,"turns":4},{"damage":0,"enemies":"Chosen and Byrds","floor":31,"turns":4},{"damage":19,"enemies":"Champ","floor":33,"turns":5},{"damage":0,"enemies":"Orb Walker","floor":35,"turns":3},{"damage":6,"enemies":"Mind Bloom Boss Battle","floor":36,"turns":3},{"damage":0,"enemies":"3 Darklings","floor":39,"turns":4},{"damage":26,"enemies":"4 Shapes","floor":41,"turns":4},{"damage":0,"enemies":"Spire Growth","floor":42,"turns":3},{"damage":0,"enemies":"Maw","floor":44,"turns":4},{"damage":102,"enemies":"Awakened One","floor":50,"turns":7}],"seed_played":"2784140388453884990","potions_obtained":[{"floor":1.0,"key":"Strength Potion"},{"floor":2.0,"key":"ColorlessPotion"},{"floor":2.0,"key":"Weak Potion"},{"floor":16,"key":"Weak Potion"},{"floor":27,"key":"ElixirPotion"},{"floor":28,"key":"PowerPotion"},{"floor":31,"key":"PowerPotion"}],"is_trial":true,"path_per_floor":["M","?","M","M","M","R","R","R","T","?","?","$","?","M","R","B",null,"M","T","?","M","?","R","T","?","T","M","?","$","T","M","R","B",null,"M","?","$","?","M","R","M","M","T","M","T","?","?","$","R","B",null],"character_chosen":"IRONCLAD","items_purchased":["Inflame","Regen Potion","Block Potion","HornCleat","Kunai","Apotheosis","DuplicationPotion"],"campfire_rested":2,"item_purchase_floors":[12,12,29,29,37,48,48],"current_hp_per_floor":[80,80,80,80,80,80,80,80,80,64,64,64,44,44,68,68,80,80,80,80,80,80,80,80,80,80,79,51,51,51,56,80,66,80,80,79,79,79,80,80,65,74,79,80,80,80,80,80,80,19],"gold":13,"neow_bonus":"","is_daily":false,"chose_seed":false,"campfire_upgraded":6,"win_rate":0.0,"timestamp":1609745221,"path_taken":["M","?","?","M","M","R","R","R","T","?","?","$","?","M","R","BOSS","M","?","?","?","?","R","?","?","T","?","?","$","?","M","R","BOSS","M","?","$","?","?","R","M","M","T","M","?","?","?","$","R","BOSS"],"items_purchased_type":["Card","Potion","Potion","Relic","Relic","Card","Potion"],"build_version":"2020-12-22","purchased_purges":0,"victory":true,"max_hp_per_floor":[80,80,80,80,80,80,80,80,80,80,80,80,80,80,80,80,80,80,80,80,80,80,80,80,80,80,80,80,80,80,80,80,80,80,80,80,80,80,80,80,80,80,80,80,80,80,80,80,80,80],"card_choices":[{"not_picked":["Double Tap","Limit Break"],"picked":"Demon Form","floor":16},{"not_picked":[],"picked":"Sword Boomerang","floor":28}],"player_experience":51916,"relics_obtained":[{"floor":1.0,"key":"Sundial"},{"floor":3.0,"key":"Tiny Chest"},{"floor":4.0,"key":"Boot"},{"floor":5.0,"key":"Thread and Needle"},{"floor":9.0,"key":"Meat on the Bone"},{"floor":14.0,"key":"StrikeDummy"},{"floor":18,"key":"Whetstone"},{"floor":19,"key":"TungstenRod"},{"floor":21,"key":"PreservedInsect"},{"floor":24,"key":"Ancient Tea Set"},{"floor":26,"key":"Bottled Tornado"},{"floor":27,"key":"Toy Ornithopter"},{"floor":28,"key":"Torii"},{"floor":28,"key":"Frozen Egg 2"},{"floor":30,"key":"InkBottle"},{"floor":31,"key":"Anchor"},{"floor":35,"key":"Bag of Marbles"},{"floor":36,"key":"Bird Faced Urn"},{"floor":39,"key":"Champion Belt"},{"floor":41,"key":"Juzu Bracelet"},{"floor":42,"key":"Bag of Preparation"},{"floor":43,"key":"Dream Catcher"},{"floor":44,"key":"StoneCalendar"},{"floor":45,"key":"The Courier"}],"event_choices":[{"damage_healed":0.0,"max_hp_gain":0.0,"max_hp_loss":0.0,"gold_gain":0.0,"event_name":"Lab","player_choice":"Got Potions","floor":2.0,"gold_loss":0.0,"damage_taken":0.0},{"damage_healed":0.0,"max_hp_gain":0.0,"max_hp_loss":0.0,"gold_gain":0.0,"event_name":"Shining Light","player_choice":"Entered Light","floor":10.0,"gold_loss":0.0,"damage_taken":16.0,"cards_upgraded":["Strike_R","Twin Strike"]},{"damage_healed":0.0,"max_hp_gain":0.0,"max_hp_loss":0.0,"gold_gain":0.0,"event_name":"Liars Game","player_choice":"Ignored","floor":11.0,"gold_loss":0.0,"damage_taken":0.0},{"damage_healed":0.0,"max_hp_gain":0.0,"max_hp_loss":0.0,"gold_gain":0.0,"event_name":"Golden Idol","player_choice":"Take Damage","floor":13.0,"gold_loss":0.0,"damage_taken":20.0,"relics_obtained":["Golden Idol"]},{"damage_healed":0,"gold_gain":0,"player_choice":"Upgraded","damage_taken":0,"max_hp_gain":0,"max_hp_loss":0,"event_name":"Upgrade Shrine","floor":20,"gold_loss":0,"cards_upgraded":["Demon Form"]},{"damage_healed":0,"gold_gain":0,"player_choice":"Gave Idol","damage_taken":0,"relics_obtained":["Bloody Idol"],"max_hp_gain":0,"max_hp_loss":0,"event_name":"Forgotten Altar","floor":22,"relics_lost":["Golden Idol"],"gold_loss":0},{"damage_healed":0,"gold_gain":0,"player_choice":"Traded Relic","damage_taken":0,"relics_obtained":["Nloth\u0027s Gift"],"max_hp_gain":0,"max_hp_loss":0,"event_name":"N\u0027loth","floor":25,"relics_lost":["Boot"],"gold_loss":0},{"damage_healed":0,"gold_gain":0,"player_choice":"Fight","damage_taken":0,"max_hp_gain":0,"max_hp_loss":0,"event_name":"Colosseum","floor":28,"gold_loss":0},{"damage_healed":0,"gold_gain":0,"player_choice":"Fought Nobs","damage_taken":0,"max_hp_gain":0,"max_hp_loss":0,"event_name":"Colosseum","floor":28,"gold_loss":0},{"damage_healed":0,"gold_gain":0,"player_choice":"Fight","damage_taken":0,"max_hp_gain":0,"max_hp_loss":0,"event_name":"MindBloom","floor":36,"gold_loss":0},{"cards_removed":["Wraith Form v2"],"damage_healed":0,"gold_gain":0,"player_choice":"Purged","damage_taken":0,"max_hp_gain":0,"max_hp_loss":0,"event_name":"Purifier","floor":38,"gold_loss":0},{"cards_removed":["Inflame"],"damage_healed":0,"gold_gain":0,"player_choice":"Removed Power","damage_taken":0,"max_hp_gain":0,"max_hp_loss":0,"event_name":"Falling","floor":46,"gold_loss":0},{"damage_healed":0,"gold_gain":0,"player_choice":"Memory 1","damage_taken":0,"max_hp_gain":0,"max_hp_loss":0,"event_name":"SensoryStone","floor":47,"gold_loss":0}],"is_beta":false,"boss_relics":[{"not_picked":["Runic Cube","Velvet Choker"],"picked":"Busted Crown"},{"not_picked":["SacredBark","Coffee Dripper"],"picked":"Mark of Pain"}],"items_purged_floors":[],"is_endless":false,"potions_floor_spawned":[1,14,16,27,28,31,36,41,44],"ascension_level":0}}