{"host":"2gugywxuw0nvjb3h","time":1609744417,"event":{"mods":["AchievementEnabler","BaseMod","Better Altar","Better Match","Better Note","Better Sensory Stone","Better Skull","Better Third Choice","BetterRewards","Colored Map","Colored Powertips","Curses Come First","Evolution","GifTheSpireLib","Hermit","Key Reminder","Marisa????????","Minty Spire (QoL Compilation)","Rare Cards Sparkle","Relic Sorter","Replay The Spire","Spicy Shops","StSLib","The Cursed","The Disciple","The Senshi","The Servant 0.9.4"],"gold_per_floor":[112,112,122,133,152,180,180,215,263,305,335,335],"floor_reached":11,"playtime":1272,"items_purged":[],"score":77,"play_id":"b2814d9b-0429-4e2e-9ced-521af4c581ef","local_time":"20210104001337","is_ascension_mode":false,"campfire_choices":[{"floor":7,"key":"REST"}],"circlet_count":0,"master_deck":["theSenshi:SailorKick","theSenshi:SailorKick","theSenshi:SailorKick","theSenshi:SailorBlock","theSenshi:SailorBlock","theSenshi:SailorBlock","theSenshi:SailorBlock","theSenshi:RoseThrow","theSenshi:MoonPrismPowerMakeUp","theSenshi:SailorMercuryAssists","theSenshi:SailorStarFighterAssists","theSenshi:MoonsReflection","theSenshi:SailorUranusAssists","theSenshi:SailorVenusAssists","theSenshi:PlutosSolemnity","theSenshi:MoonKick","theSenshi:SailorV"],"relics":["theSenshi:TransformationBroochRelic","EVO:Axolotl","Golden Egg","Toolbox","Replay:PocketPolymizer","theSenshi:ChokerRelic","Pet Ghost","Replay:Bandana"],"acts_visited":["Exordium"],"potions_floor_usage":[11],"damage_taken":[{"damage":0,"enemies":"Small Slimes","floor":1,"turns":3},{"damage":5,"enemies":"Jaw Worm","floor":3,"turns":3},{"damage":0,"enemies":"Cultist","floor":4,"turns":4},{"damage":7,"enemies":"3 Louse","floor":5,"turns":2},{"damage":17,"enemies":"Replay:BlueRogue","floor":6,"turns":8},{"damage":10,"enemies":"Exordium Wildlife","floor":8,"turns":4},{"damage":0,"enemies":"Large Slime","floor":10,"turns":5},{"damage":67,"enemies":"Gremlin Nob","floor":11,"turns":5}],"seed_played":"2120970110119847401","potions_obtained":[{"floor":3,"key":"SkillPotion"},{"floor":5,"key":"Elixir"}],"is_trial":false,"path_per_floor":["M","?","M","M","M","E","R","M","T","M","E"],"character_chosen":"THE_SENSHI","items_purchased":["Golden Egg","Toolbox","theSenshi:ChokerRelic"],"campfire_rested":1,"item_purchase_floors":[0,0,0],"current_hp_per_floor":[75,75,70,70,63,46,68,58,58,58,0,0],"gold":335,"neow_bonus":"","is_daily":false,"chose_seed":false,"campfire_upgraded":0,"win_rate":0.0,"timestamp":1609744417,"path_taken":["M","?","M","M","M","E","R","M","T","M","E"],"items_purchased_type":["Relic","Relic","Relic"],"build_version":"2020-12-22","purchased_purges":0,"victory":false,"max_hp_per_floor":[75,75,75,75,75,75,75,75,75,75,75,75],"card_choices":[{"not_picked":["theSenshi:MoonPrincessHalation","theSenshi:MoonlightKnight"],"picked":"theSenshi:SailorMercuryAssists","floor":1},{"not_picked":["theSenshi:TuxedoSmokingBomber","theSenshi:TallSilhouette"],"picked":"theSenshi:SailorStarFighterAssists","floor":3},{"not_picked":["theSenshi:MoonPrincessHalation","theSenshi:EncouragingSpeech"],"picked":"theSenshi:MoonsReflection","floor":4},{"not_picked":["theSenshi:MoonPrincessHalation","theSenshi:LunasBite"],"picked":"theSenshi:SailorUranusAssists","floor":5},{"not_picked":["theSenshi:LateForSchool","theSenshi:SailorPlutoAssists"],"picked":"theSenshi:SailorVenusAssists","floor":6},{"not_picked":["theSenshi:SchoolBag","theSenshi:LateForSchool"],"picked":"theSenshi:MoonKick","floor":8},{"not_picked":["theSenshi:SailorMarsAssists","theSenshi:LateForSchool"],"picked":"theSenshi:SailorV","floor":10}],"player_experience":232070,"relics_obtained":[{"floor":6,"key":"Pet Ghost"},{"floor":9,"key":"Replay:Bandana"}],"event_choices":[{"damage_healed":0,"gold_gain":0,"player_choice":"Ignored","damage_taken":0,"max_hp_gain":0,"max_hp_loss":0,"event_name":"Golden Wing","floor":2,"gold_loss":0}],"is_beta":false,"boss_relics":[],"items_purged_floors":[],"is_endless":false,"potions_floor_spawned":[3,5],"killed_by":"Gremlin Nob","ascension_level":0}}