{"host":"d9m9v0h6vo0edadb","time":1609761251,"event":{"mods":["BaseMod","Hermit","Keyboard Shortcuts","Minty Spire (QoL Compilation)","StSLib","SuperFastMode","The Cursed"],"gold_per_floor":[117,117,117,37,53,53,81,96,123,123,48,74,74,91,91,164,164,164,164],"floor_reached":18,"playtime":218,"items_purged":["Strike_G"],"score":386,"play_id":"9de566c7-2c6c-400d-95af-7dd365096cdc","local_time":"20210104205411","is_ascension_mode":true,"campfire_choices":[{"data":"Choke","floor":6,"key":"SMITH"},{"data":"Predator","floor":10,"key":"SMITH"},{"floor":15,"key":"REST"}],"circlet_count":0,"master_deck":["AscendersBane","Strike_G","Strike_G","Strike_G","Defend_G","Defend_G","Defend_G","Defend_G","Defend_G","Survivor","Neutralize","Blade Dance","Predator+1","Choke+1","Escape Plan","Finisher","Burst"],"relics":["Ring of the Snake","NeowsBlessing","Toy Ornithopter","Snake Skull","StoneCalendar","SacredBark"],"acts_visited":["Exordium","TheCity"],"potions_floor_usage":[16],"damage_taken":[{"damage":0,"enemies":"Jaw Worm","floor":1,"turns":1},{"damage":0,"enemies":"Small Slimes","floor":5,"turns":1},{"damage":0,"enemies":"Gremlin Nob","floor":7,"turns":1},{"damage":6,"enemies":"Cultist","floor":8,"turns":4},{"damage":30,"enemies":"3 Sentries","floor":12,"turns":9},{"damage":10,"enemies":"Red Slaver","floor":14,"turns":3},{"damage":3,"enemies":"Hexaghost","floor":16,"turns":9},{"damage":3,"enemies":"3 Byrds","floor":18,"turns":3}],"seed_played":"289618219165908275","potions_obtained":[{"floor":5,"key":"DistilledChaos"},{"floor":7,"key":"FairyPotion"}],"is_trial":false,"path_per_floor":["M","?","?","$","M","R","E","M","T","R","$","E","$","M","R","B",null,"M"],"character_chosen":"THE_SILENT","items_purchased":["Choke"],"campfire_rested":1,"item_purchase_floors":[4],"current_hp_per_floor":[59,59,59,59,59,59,59,53,53,53,53,23,23,13,32,34,58,55,55],"gold":164,"neow_bonus":"THREE_ENEMY_KILL","is_daily":false,"chose_seed":false,"campfire_upgraded":2,"win_rate":0.0,"timestamp":1609761251,"path_taken":["M","?","?","?","?","R","E","M","T","R","?","E","$","M","R","BOSS","M"],"items_purchased_type":["Card"],"build_version":"2020-12-22","purchased_purges":1,"victory":false,"max_hp_per_floor":[66,66,66,66,66,66,66,66,66,66,66,66,66,66,66,66,66,66,66],"card_choices":[{"not_picked":["Underhanded Strike","Footwork"],"picked":"Blade Dance","floor":1},{"not_picked":["Concentrate","Sucker Punch","Noxious Fumes"],"picked":"SKIP","floor":5},{"not_picked":["Concentrate","Slice"],"picked":"Escape Plan","floor":7},{"not_picked":["Outmaneuver","Dodge and Roll","Underhanded Strike"],"picked":"SKIP","floor":8},{"not_picked":["Tools of the Trade","Infinite Blades"],"picked":"Finisher","floor":12},{"not_picked":["Outmaneuver","Bane","Distraction"],"picked":"SKIP","floor":14},{"not_picked":["Glass Knife","Die Die Die"],"picked":"Burst","floor":16}],"player_experience":949764,"relics_obtained":[{"floor":7,"key":"Toy Ornithopter"},{"floor":9,"key":"Snake Skull"},{"floor":12,"key":"StoneCalendar"}],"event_choices":[{"damage_healed":0,"gold_gain":0,"player_choice":"Ignored","damage_taken":0,"max_hp_gain":0,"max_hp_loss":0,"event_name":"Liars Game","floor":2,"gold_loss":0},{"damage_healed":0,"gold_gain":0,"cards_transformed":["Strike_G"],"player_choice":"Change","damage_taken":0,"max_hp_gain":0,"max_hp_loss":0,"event_name":"Living Wall","floor":3,"gold_loss":0,"cards_obtained":["Predator"]}],"is_beta":false,"boss_relics":[{"not_picked":["Sozu","Philosopher\u0027s Stone"],"picked":"SacredBark"}],"items_purged_floors":[11],"is_endless":false,"potions_floor_spawned":[5,7,12],"killed_by":"3 Byrds","ascension_level":20}}