{"host":"hjw1ay65n7jm40lc","time":1609774022,"event":{"mods":["AchievementEnabler","BaseMod","Block Reminder","Colored Map","Colored Powertips","Curses Come First","Downfall","Googly Eyes","Hermit","Highlight Path","Jorbs\u0027s Wanderer Trilogy","Minty Spire (QoL Compilation)","Quick Restart","Relic Stats","StSLib"],"gold_per_floor":[112,125,135,151,161,161,198,198,198,238,247,247,262,306,306,306,306],"floor_reached":16,"playtime":5304,"items_purged":[],"score":145,"play_id":"d4cc1d52-419b-4cce-b9db-be0dfd53f4a6","local_time":"20210104102702","is_ascension_mode":true,"campfire_choices":[{"floor":6,"key":"REST"},{"floor":8,"key":"REST"},{"data":"hermit:EternalForm","floor":15,"key":"SMITH"}],"circlet_count":0,"master_deck":["hermit:Strike_Hermit","hermit:Strike_Hermit","hermit:Strike_Hermit","hermit:Strike_Hermit","hermit:Defend_Hermit","hermit:Defend_Hermit","hermit:Defend_Hermit","hermit:Defend_Hermit","hermit:Snapshot","hermit:Covet","hermit:Desperado","hermit:BigShot","hermit:Magnum","hermit:Gestalt","hermit:EternalForm+1","hermit:Brawl"],"relics":["hermit:Momento","Regal Pillow","CeramicFish","InkBottle","Letter Opener","Molten Egg 2","Spirit Poop","Bronze Scales"],"acts_visited":["Exordium"],"potions_floor_usage":[7,10,14,16],"damage_taken":[{"damage":1,"enemies":"Cultist","floor":1,"turns":4},{"damage":2,"enemies":"Small Slimes","floor":2,"turns":4},{"damage":2,"enemies":"Jaw Worm","floor":3,"turns":3},{"damage":30,"enemies":"Exordium Thugs","floor":4,"turns":6},{"damage":16,"enemies":"Blue Slaver","floor":5,"turns":3},{"damage":46,"enemies":"Gremlin Nob","floor":7,"turns":5},{"damage":21,"enemies":"3 Sentries","floor":10,"turns":9},{"damage":7,"enemies":"Looter","floor":13,"turns":3},{"damage":2,"enemies":"Lagavulin","floor":14,"turns":5},{"damage":36,"enemies":"The Guardian","floor":16,"turns":5}],"seed_played":"857661724358436163","potions_obtained":[{"floor":1,"key":"Regen Potion"},{"floor":3,"key":"SpeedPotion"},{"floor":7,"key":"Swift Potion"},{"floor":10,"key":"EssenceOfSteel"},{"floor":13,"key":"Swift Potion"}],"is_trial":false,"path_per_floor":["M","M","M","M","M","R","E","R","T","E","?","?","M","E","R","B"],"character_chosen":"HERMIT","items_purchased":[],"campfire_rested":2,"item_purchase_floors":[],"current_hp_per_floor":[74,72,70,40,24,61,29,66,66,45,45,45,38,36,36,0,0],"gold":306,"neow_bonus":"RANDOM_COMMON_RELIC","is_daily":false,"chose_seed":false,"campfire_upgraded":1,"win_rate":0.0,"timestamp":1609774022,"path_taken":["M","M","M","M","M","R","E","R","T","E","?","?","?","E","R","BOSS"],"items_purchased_type":[],"build_version":"2020-12-22","purchased_purges":0,"victory":false,"max_hp_per_floor":[75,75,75,75,75,75,75,75,75,75,75,75,75,75,75,75,75],"relic_stats":{"Regal Pillow":30,"counters":[10,47],"CeramicFish":36,"Bronze Scales":[9],"Letter Opener":[10],"obtain_stats":[{"Regal Pillow":0,"CeramicFish":7,"Bronze Scales":14,"Spirit Poop":12,"Molten Egg 2":11,"Letter Opener":10,"hermit:Momento":0,"InkBottle":9},{"Regal Pillow":0,"CeramicFish":6,"Bronze Scales":9,"Spirit Poop":7,"Molten Egg 2":7,"Letter Opener":7,"hermit:Momento":0,"InkBottle":6},{"Regal Pillow":0,"CeramicFish":25,"Bronze Scales":42,"Spirit Poop":34,"Molten Egg 2":34,"Letter Opener":34,"hermit:Momento":0,"InkBottle":25}],"InkBottle":[6]},"card_choices":[{"not_picked":["hermit:Coalescence","hermit:TrackingShot","hermit:Cheat"],"picked":"SKIP","floor":1},{"not_picked":["hermit:Coalescence","hermit:Horror"],"picked":"hermit:Desperado","floor":2},{"not_picked":["hermit:TrackingShot","hermit:Midnight","hermit:Shortfuse"],"picked":"SKIP","floor":3},{"not_picked":["hermit:Vantage","hermit:Roulette"],"picked":"hermit:BigShot","floor":4},{"not_picked":["hermit:Headshot","hermit:BigShot"],"picked":"hermit:Magnum","floor":5},{"not_picked":["hermit:ItchyTrigger","hermit:TrackingShot"],"picked":"hermit:Gestalt","floor":7},{"not_picked":["hermit:Adapt","hermit:Coalescence"],"picked":"hermit:EternalForm","floor":10},{"not_picked":["hermit:Horror","hermit:HoleUp","hermit:CursedWeapon+1"],"picked":"SKIP","floor":13},{"not_picked":["hermit:WideOpen+1","hermit:Desperado+1"],"picked":"hermit:Brawl","floor":14}],"player_experience":798740,"relics_obtained":[{"floor":7,"key":"CeramicFish"},{"floor":9,"key":"InkBottle"},{"floor":10,"key":"Letter Opener"},{"floor":14,"key":"Bronze Scales"}],"event_choices":[{"damage_healed":0,"gold_gain":0,"player_choice":"Box","damage_taken":0,"relics_obtained":["Molten Egg 2"],"max_hp_gain":0,"max_hp_loss":0,"event_name":"Big Fish","floor":11,"gold_loss":0,"cards_obtained":["Regret"]},{"cards_removed":["Regret"],"damage_healed":0,"gold_gain":0,"player_choice":"Offered Curse","damage_taken":0,"relics_obtained":["Spirit Poop"],"max_hp_gain":0,"max_hp_loss":0,"event_name":"Bonfire Elementals","floor":12,"gold_loss":0}],"is_beta":false,"boss_relics":[],"items_purged_floors":[],"is_endless":false,"potions_floor_spawned":[1,3,7,10,13],"killed_by":"The Guardian","ascension_level":4}}