{"host":"jh7kh5nqtgzr3auj","time":1609783219,"event":{"mods":["AchievementEnabler","Act Like it!","Arknights The Spire","BaseMod","CapriCore","Highlight Path","HumanHunterMod(π÷ŒÔ…±»Àmod)","Minty Spire (QoL Compilation)","Quick Restart","StSLib","TestMod"],"gold_per_floor":[118,133,144,161,171,171,171],"floor_reached":6,"playtime":1429,"items_purged":[],"score":40,"play_id":"b66c03fd-e519-47ef-987d-6b1291095f52","local_time":"20210105020019","is_ascension_mode":false,"campfire_choices":[],"circlet_count":0,"master_deck":["ats:Strike C","ats:Strike G","ats:Strike S","ats:Strike V","ats:Armor Crushing Shot","ats:Defend","ats:Defend","ats:Defend","ats:Defend","ats:Emotion Absorption","ats:Consecutive Shot Auto","ats:Mental Burst","ats:Rapid Magazine","ats:Closed Bolt Burst Fire","ats:Healing Drone"],"relics":["ats:Sanity","testmod-TestBox","testmod-LifeArmor","testmod-CardMagician"],"acts_visited":["Exordium"],"potions_floor_usage":[],"damage_taken":[{"damage":0,"enemies":"Cultist","floor":1,"turns":4},{"damage":2,"enemies":"Small Slimes","floor":2,"turns":4},{"damage":16,"enemies":"Jaw Worm","floor":3,"turns":2},{"damage":5,"enemies":"3 Louse","floor":4,"turns":3},{"damage":6,"enemies":"Exordium Wildlife","floor":5,"turns":3},{"damage":52,"enemies":"Lagavulin","floor":6,"turns":7}],"seed_played":"8928024513779586523","potions_obtained":[],"is_trial":false,"path_per_floor":["M","M","M","M","M","E"],"character_chosen":"DOCTOR_CLASS","items_purchased":[],"campfire_rested":0,"item_purchase_floors":[],"current_hp_per_floor":[72,70,54,49,43,0,0],"gold":171,"neow_bonus":"RANDOM_COMMON_RELIC","is_daily":false,"chose_seed":false,"campfire_upgraded":0,"win_rate":0.0,"timestamp":1609783219,"path_taken":["M","?","M","?","M","E"],"items_purchased_type":[],"build_version":"2020-12-22","purchased_purges":0,"victory":false,"max_hp_per_floor":[72,72,72,72,72,72,72],"card_choices":[{"not_picked":["ats:Leaping Hammer","ats:Assault Order"],"picked":"ats:Consecutive Shot Auto","floor":1},{"not_picked":["ats:Cat Scratch","ats:Charging Defense"],"picked":"ats:Mental Burst","floor":2},{"not_picked":["ats:Beaten Up","ats:Revitalization"],"picked":"ats:Rapid Magazine","floor":3},{"not_picked":["ats:Hammer On","ats:Counter Healing Mode"],"picked":"ats:Closed Bolt Burst Fire","floor":4},{"not_picked":["ats:Shell Defense","ats:Part Time Job"],"picked":"ats:Healing Drone","floor":5}],"player_experience":267625,"relics_obtained":[],"event_choices":[],"is_beta":false,"boss_relics":[],"items_purged_floors":[],"is_endless":false,"potions_floor_spawned":[],"killed_by":"Lagavulin","ascension_level":0}}