{"host":"s437j9t81dsq7bjm","time":1609794844,"event":{"mods":["BaseMod","Bestiary","Hermit","Highlight Path","Minty Spire (QoL Compilation)","Shade Mod","StSLib","The Animator","The Blackbeard","The Cursed","The Elementalist","The Necromancer","The Runesmith"],"gold_per_floor":[114,114,129,148,98,130,92,92,143,143,178,178,213,248,248,248,248,248],"floor_reached":16,"playtime":982,"items_purged":[],"score":102,"play_id":"ce04425f-ec55-4ad7-a41a-60013f24aad1","local_time":"20210104191403","is_ascension_mode":false,"campfire_choices":[{"data":"blackbeard:Rum","floor":12,"key":"SMITH"},{"data":"blackbeard:WeaponProficiency","floor":15,"key":"SMITH"}],"circlet_count":0,"master_deck":["blackbeard:BlackbeardStrike+1","blackbeard:BlackbeardStrike","blackbeard:BlackbeardStrike","blackbeard:IntimidatingStrike+1","blackbeard:BlackbeardDefend","blackbeard:BlackbeardDefend","blackbeard:BlackbeardDefend","blackbeard:BlackbeardDefend","blackbeard:Cutlass+1","blackbeard:Rum+1","blackbeard:Fencing","blackbeard:PiratesWill","blackbeard:GoldenStrike","blackbeard:WeaponProficiency+1","blackbeard:DoubleCannonball","blackbeard:MegaUpgrade","blackbeard:AgileStrike","blackbeard:Dagger"],"relics":["blackbeard:LoadTheCannons","Ancient Tea Set","blackbeard:TreasureChest"],"acts_visited":["Exordium"],"potions_floor_usage":[11,13],"damage_taken":[{"damage":0,"enemies":"2 Louse","floor":1,"turns":2},{"damage":0,"enemies":"Jaw Worm","floor":3,"turns":3},{"damage":0,"enemies":"Cultist","floor":4,"turns":2},{"damage":23,"enemies":"Lagavulin","floor":6,"turns":6},{"damage":8,"enemies":"Looter","floor":11,"turns":3},{"damage":0,"enemies":"Exordium Wildlife","floor":13,"turns":1},{"damage":2,"enemies":"Gremlin Gang","floor":14,"turns":4},{"damage":29,"enemies":"The Guardian","floor":16,"turns":7}],"seed_played":"3276371838598208629","potions_obtained":[{"floor":4,"key":"Regen Potion"},{"floor":6,"key":"LiquidMemories"}],"is_trial":false,"path_per_floor":["M","?","M","M","?","E","$","?","T","?","M","R","M","M","R","B"],"character_chosen":"BLACKBEARD_CLASS","items_purchased":["blackbeard:DoubleCannonball"],"campfire_rested":0,"item_purchase_floors":[7],"current_hp_per_floor":[82,82,82,82,82,59,59,59,59,43,44,44,44,42,42,13,13,13],"gold":248,"neow_bonus":"TEN_PERCENT_HP_BONUS","is_daily":false,"chose_seed":false,"campfire_upgraded":2,"win_rate":0.0,"timestamp":1609794843,"path_taken":["M","?","M","M","?","E","$","?","T","?","M","R","M","M","R","BOSS"],"items_purchased_type":["Card"],"build_version":"2020-12-22","purchased_purges":0,"victory":false,"max_hp_per_floor":[82,82,82,82,82,82,82,82,82,82,82,82,82,82,82,82,82,82],"card_choices":[{"not_picked":["blackbeard:GoldenStrike","blackbeard:FieryDefense"],"picked":"blackbeard:Rum","floor":1},{"not_picked":["blackbeard:RearmingStrike","blackbeard:Spear"],"picked":"blackbeard:Fencing","floor":3},{"not_picked":["blackbeard:FishingNets","blackbeard:Shrapnel"],"picked":"blackbeard:PiratesWill","floor":4},{"not_picked":["blackbeard:DeadlyArsenal","blackbeard:CannonballSupply"],"picked":"blackbeard:WeaponProficiency","floor":6},{"not_picked":["blackbeard:RearmingStrike","blackbeard:AgileStrike"],"picked":"blackbeard:MegaUpgrade","floor":11},{"not_picked":["blackbeard:CaptainsCabin","blackbeard:GoldenStrike"],"picked":"blackbeard:AgileStrike","floor":13},{"not_picked":["blackbeard:Fencing","blackbeard:CannonballSupply"],"picked":"blackbeard:Dagger","floor":14}],"player_experience":185900,"relics_obtained":[{"floor":6,"key":"Ancient Tea Set"},{"floor":9,"key":"blackbeard:TreasureChest"}],"event_choices":[{"damage_healed":0,"gold_gain":0,"player_choice":"Grow","damage_taken":0,"max_hp_gain":0,"max_hp_loss":0,"event_name":"Living Wall","floor":2,"gold_loss":0,"cards_upgraded":["blackbeard:Cutlass"]},{"damage_healed":0,"gold_gain":0,"player_choice":"blackbeard:GoldenStrike","damage_taken":0,"max_hp_gain":0,"max_hp_loss":0,"event_name":"blackbeard:GoldsmithEvent","floor":5,"gold_loss":0,"cards_obtained":["blackbeard:GoldenStrike"]},{"damage_healed":0,"gold_gain":0,"player_choice":"Ignored","damage_taken":0,"max_hp_gain":0,"max_hp_loss":0,"event_name":"Golden Wing","floor":8,"gold_loss":0},{"damage_healed":0,"gold_gain":0,"player_choice":"Entered Light","damage_taken":16,"max_hp_gain":0,"max_hp_loss":0,"event_name":"Shining Light","floor":10,"gold_loss":0,"cards_upgraded":["blackbeard:IntimidatingStrike","blackbeard:BlackbeardStrike"]}],"is_beta":false,"boss_relics":[],"items_purged_floors":[],"is_endless":false,"potions_floor_spawned":[4,6],"killed_by":"The Guardian","ascension_level":0}}