{"host":"g7trc0x2teqyd8ye","time":1609802599,"event":{"mods":["BaseMod","Key Reminder","Minty Spire (QoL Compilation)","Relic Stats"],"gold_per_floor":[118,293,311,331,331,356,356,67,67,67,67],"floor_reached":10,"playtime":242,"items_purged":["Doubt"],"score":96,"play_id":"c08d44d7-44f2-4178-9f27-9cae99aec75a","local_time":"20210105002319","is_ascension_mode":true,"campfire_choices":[{"data":"Ball Lightning","floor":7,"key":"SMITH"}],"circlet_count":0,"master_deck":["Strike_B","Strike_B","Strike_B","Strike_B","Defend_B","Defend_B","Defend_B","Defend_B","Zap","Dualcast","Turbo","Coolheaded","Doom and Gloom","Ball Lightning+1","Doom and Gloom","Heatsinks"],"relics":["Cracked Core","PreservedInsect","Turnip","DollysMirror","Pocketwatch"],"acts_visited":["Exordium"],"potions_floor_usage":[6],"damage_taken":[{"damage":1,"enemies":"Cultist","floor":1,"turns":3},{"damage":4,"enemies":"Jaw Worm","floor":3,"turns":3},{"damage":4,"enemies":"2 Louse","floor":4,"turns":2},{"damage":34,"enemies":"Gremlin Nob","floor":6,"turns":5},{"damage":30,"enemies":"Lagavulin","floor":10,"turns":3}],"seed_played":"6224017378935903972","potions_obtained":[{"floor":4,"key":"SkillPotion"}],"is_trial":false,"path_per_floor":["M","?","M","M","?","E","R","$","T","E"],"character_chosen":"DEFECT","items_purchased":["DollysMirror","Heatsinks"],"campfire_rested":0,"item_purchase_floors":[8,8],"current_hp_per_floor":[67,67,63,59,64,30,30,30,30,0,0],"gold":67,"neow_bonus":"RANDOM_COMMON_RELIC","is_daily":false,"chose_seed":false,"campfire_upgraded":1,"win_rate":0.0,"timestamp":1609802599,"path_taken":["M","?","M","M","?","E","R","$","T","E"],"items_purchased_type":["Relic","Card"],"build_version":"2020-12-22","purchased_purges":1,"victory":false,"max_hp_per_floor":[75,75,75,75,80,80,80,80,80,80,80],"relic_stats":{"counters":[5,16],"PreservedInsect":50,"Turnip":[0],"obtain_stats":[{"DollysMirror":8,"PreservedInsect":0,"Turnip":6,"Cracked Core":0,"Pocketwatch":9},{"DollysMirror":4,"PreservedInsect":0,"Turnip":4,"Cracked Core":0,"Pocketwatch":4},{"DollysMirror":13,"PreservedInsect":0,"Turnip":13,"Cracked Core":0,"Pocketwatch":13}],"Pocketwatch":[6]},"card_choices":[{"not_picked":["Barrage","Gash"],"picked":"Turbo","floor":1},{"not_picked":["Rip and Tear","Go for the Eyes"],"picked":"Coolheaded","floor":3},{"not_picked":["Reprogram","Sweeping Beam"],"picked":"Doom and Gloom","floor":4},{"not_picked":["Hologram","Recycle"],"picked":"Ball Lightning","floor":6}],"player_experience":880187,"relics_obtained":[{"floor":6,"key":"Turnip"},{"floor":9,"key":"Pocketwatch"}],"event_choices":[{"damage_healed":0,"gold_gain":175,"player_choice":"AGREE","damage_taken":0,"max_hp_gain":0,"max_hp_loss":0,"event_name":"Liars Game","floor":2,"gold_loss":0,"cards_obtained":["Doubt"]},{"damage_healed":0,"gold_gain":0,"player_choice":"Donut","damage_taken":0,"max_hp_gain":5,"max_hp_loss":0,"event_name":"Big Fish","floor":5,"gold_loss":0}],"is_beta":false,"boss_relics":[],"items_purged_floors":[8],"is_endless":false,"potions_floor_spawned":[4],"killed_by":"Lagavulin","ascension_level":9}}