{"host":"8abfg9qscoja4hwf","time":1609800208,"event":{"mods":["AchievementEnabler","BaseMod","Colored Powertips","Highlight Path","Minty Spire (QoL Compilation)","Quick Restart","Relic Stats","Slay-I","slay the spire mod where everything is the same but ironclad has a cowboy hat"],"gold_per_floor":[109,34,34,53,53,87,87,87,112,112,122,141,216,248,248,348,348,366,121,121,121,133,164,164,192,192,207,64,92,92,124,124,225,225,238,253,29,0,52,52,82,82,82,132,149,169,14,40,40,40,40,40,3,33,33,33],"floor_reached":55,"playtime":4414,"items_purged":[],"score":1086,"play_id":"85f3af82-6e44-4fec-8368-0b207287fc86","local_time":"20210104224328","is_ascension_mode":true,"campfire_choices":[{"floor":7,"key":"RECALL"},{"data":"Infinite Blades","floor":10,"key":"SMITH"},{"floor":15,"key":"REST"},{"floor":24,"key":"REST"},{"data":"RitualDagger","floor":30,"key":"SMITH"},{"data":"Accuracy","floor":32,"key":"SMITH"},{"floor":40,"key":"REST"},{"floor":49,"key":"REST"},{"data":"Accuracy","floor":52,"key":"SMITH"}],"circlet_count":0,"master_deck":["Strike_G","Strike_G","Strike_G","Strike_G","Strike_G","Defend_G","Defend_G","Defend_G","Defend_G","Defend_G","Survivor","Neutralize","Infinite Blades+1","Sucker Punch","Slice","Dodge and Roll+1","Deadly Poison+1","Backstab","Corpse Explosion+1","Outmaneuver+1","RitualDagger+1","Cloak And Dagger+1","Footwork+1","Cloak And Dagger+1","Accuracy+1","Deflect+1","Infinite Blades+1","Storm of Steel+1","Infinite Blades","Distraction+1","Accuracy+1","Prepared+1","Terror+1","Discovery+1","Flash of Steel","Finisher+1","Bouncing Flask+1","Footwork","Blade Dance+1","Accuracy","Prepared+1"],"relics":["Ring of the Snake","NeowsBlessing","MealTicket","Toxic Egg 2","Omamori","Anchor","Black Star","Mummified Hand","Toy Ornithopter","Mercury Hourglass","Lantern","TungstenRod","Gremlin Horn","Lee\u0027s Waffle","Meat on the Bone","Orichalcum","Tough Bandages","Pen Nib","Philosopher\u0027s Stone","OrangePellets","Red Mask","Thread and Needle","StrikeDummy","Smiling Mask","Tingsha","Medical Kit","Question Card","Nunchaku","Ginger","Bottled Flame"],"acts_visited":["Exordium","TheCity","TheBeyond","TheEnding"],"potions_floor_usage":[14,14,31,33,39,50,50,54],"damage_taken":[{"damage":0,"enemies":"Cultist","floor":1,"turns":1},{"damage":0,"enemies":"2 Louse","floor":4,"turns":1},{"damage":0,"enemies":"Gremlin Nob","floor":6,"turns":1},{"damage":0,"enemies":"Small Slimes","floor":11,"turns":3},{"damage":26,"enemies":"Gremlin Gang","floor":12,"turns":6},{"damage":5,"enemies":"Lagavulin","floor":14,"turns":6},{"damage":32,"enemies":"The Guardian","floor":16,"turns":13},{"damage":8,"enemies":"Chosen","floor":18,"turns":5},{"damage":0,"enemies":"3 Byrds","floor":22,"turns":2},{"damage":24,"enemies":"Gremlin Leader","floor":23,"turns":9},{"damage":8,"enemies":"Slavers","floor":25,"turns":2},{"damage":2,"enemies":"Cultist and Chosen","floor":27,"turns":4},{"damage":0,"enemies":"Gremlin Leader","floor":29,"turns":5},{"damage":0,"enemies":"Slavers","floor":31,"turns":4},{"damage":58,"enemies":"Champ","floor":33,"turns":10},{"damage":4,"enemies":"Orb Walker","floor":35,"turns":3},{"damage":5,"enemies":"3 Darklings","floor":36,"turns":3},{"damage":24,"enemies":"2 Orb Walkers","floor":39,"turns":4},{"damage":31,"enemies":"Giant Head","floor":41,"turns":8},{"damage":0,"enemies":"Mind Bloom Boss Battle","floor":44,"turns":6},{"damage":15,"enemies":"4 Shapes","floor":45,"turns":4},{"damage":0,"enemies":"Maw","floor":46,"turns":4},{"damage":18,"enemies":"Nemesis","floor":48,"turns":4},{"damage":29,"enemies":"Donu and Deca","floor":50,"turns":5},{"damage":26,"enemies":"Shield and Spear","floor":54,"turns":3},{"damage":94,"enemies":"The Heart","floor":55,"turns":6}],"seed_played":"-6611722126795434950","potions_obtained":[{"floor":4,"key":"Weak Potion"},{"floor":6,"key":"FearPotion"},{"floor":27,"key":"Fruit Juice"},{"floor":29,"key":"BlessingOfTheForge"},{"floor":31,"key":"BlessingOfTheForge"},{"floor":39,"key":"Energy Potion"},{"floor":41,"key":"Regen Potion"},{"floor":46,"key":"LiquidBronze"}],"is_trial":false,"path_per_floor":["M","$","$","M","?","E","R","?","T","R","M","M","?","E","R","B",null,"M","$","?","?","M","E","R","E","T","M","$","E","R","E","R","B",null,"M","M","$","?","?","R","E","?","T","?","M","M","$","E","R","B",null,"R","$","E","B"],"character_chosen":"THE_SILENT","items_purchased":["Infinite Blades","Mummified Hand","Lee\u0027s Waffle","OrangePellets","Accuracy","Medical Kit","Accuracy"],"campfire_rested":4,"item_purchase_floors":[2,19,28,37,37,47,53],"current_hp_per_floor":[70,70,70,70,63,63,63,63,63,63,63,37,26,21,42,10,70,62,70,57,51,51,27,49,41,41,39,82,82,82,82,82,41,82,78,73,82,82,63,87,56,52,52,52,49,49,64,46,72,53,87,87,87,71,0,0],"gold":33,"neow_bonus":"THREE_ENEMY_KILL","is_daily":false,"chose_seed":false,"campfire_upgraded":4,"win_rate":0.0,"timestamp":1609800208,"path_taken":["M","?","$","M","?","E","R","?","T","R","M","?","?","E","R","BOSS","M","$","?","?","M","E","R","E","T","M","?","E","R","E","R","BOSS","M","?","$","?","?","R","E","?","T","?","M","M","$","E","R","BOSS","R","$","E","BOSS"],"items_purchased_type":["Card","Relic","Relic","Relic","Card","Relic","Card"],"build_version":"2020-12-22","purchased_purges":0,"victory":false,"max_hp_per_floor":[70,70,70,70,70,70,70,70,70,70,70,70,70,70,70,70,70,70,70,75,75,75,75,75,75,75,75,82,82,82,82,82,82,82,82,82,82,82,87,87,87,87,87,87,87,87,87,87,87,87,87,87,87,87,87,87],"relic_stats":{"Lee\u0027s Waffle":28,"Gremlin Horn":[13,13],"counters":[26,122],"Tingsha":[55],"Pen Nib":[23],"Ginger":[2],"Orichalcum":[54],"Smiling Mask":0,"Medical Kit":[1],"Question Card":1,"Mercury Hourglass":[280],"OrangePellets":[6],"Tough Bandages":[138],"Nunchaku":[6],"Mummified Hand":[61],"MealTicket":47,"Black Star":7,"obtain_stats":[{"Lantern":25,"Gremlin Horn":26,"Ginger":54,"Smiling Mask":41,"Tough Bandages":31,"Nunchaku":48,"Mummified Hand":19,"MealTicket":5,"Philosopher\u0027s Stone":34,"Red Mask":38,"Toxic Egg 2":6,"Ring of the Snake":0,"Lee\u0027s Waffle":28,"NeowsBlessing":0,"Thread and Needle":39,"Tingsha":44,"Pen Nib":31,"Omamori":9,"Orichalcum":29,"Medical Kit":47,"Question Card":48,"Mercury Hourglass":23,"OrangePellets":37,"Anchor":14,"Bottled Flame":54,"Black Star":17,"StrikeDummy":41,"Toy Ornithopter":23,"TungstenRod":25,"Meat on the Bone":29},{"Lantern":11,"Gremlin Horn":11,"Ginger":25,"Smiling Mask":19,"Tough Bandages":14,"Nunchaku":23,"Mummified Hand":8,"MealTicket":2,"Philosopher\u0027s Stone":15,"Red Mask":17,"Toxic Egg 2":3,"Ring of the Snake":0,"Lee\u0027s Waffle":12,"NeowsBlessing":0,"Thread and Needle":18,"Tingsha":20,"Pen Nib":14,"Omamori":3,"Orichalcum":13,"Medical Kit":22,"Question Card":23,"Mercury Hourglass":10,"OrangePellets":17,"Anchor":6,"Bottled Flame":25,"Black Star":7,"StrikeDummy":19,"Toy Ornithopter":10,"TungstenRod":11,"Meat on the Bone":13},{"Lantern":49,"Gremlin Horn":49,"Ginger":116,"Smiling Mask":90,"Tough Bandages":62,"Nunchaku":108,"Mummified Hand":36,"MealTicket":2,"Philosopher\u0027s Stone":72,"Red Mask":78,"Toxic Egg 2":3,"Ring of the Snake":0,"Lee\u0027s Waffle":53,"NeowsBlessing":0,"Thread and Needle":82,"Tingsha":96,"Pen Nib":62,"Omamori":3,"Orichalcum":58,"Medical Kit":104,"Question Card":108,"Mercury Hourglass":47,"OrangePellets":78,"Anchor":18,"Bottled Flame":116,"Black Star":31,"StrikeDummy":90,"Toy Ornithopter":47,"TungstenRod":49,"Meat on the Bone":58}],"Toy Ornithopter":20,"TungstenRod":70,"Ring of the Snake":[52],"Meat on the Bone":24},"card_choices":[{"not_picked":["Acrobatics","Leg Sweep","Reflex"],"picked":"SKIP","floor":1},{"not_picked":["Dagger Throw","Bane"],"picked":"Sucker Punch","floor":4},{"not_picked":["Dagger Spray","Quick Slash"],"picked":"Slice","floor":6},{"not_picked":["Masterful Stab","Bane"],"picked":"Dodge and Roll+1","floor":11},{"not_picked":["Escape Plan+1","Die Die Die"],"picked":"Deadly Poison+1","floor":12},{"not_picked":["Concentrate+1","Distraction+1"],"picked":"Backstab","floor":14},{"not_picked":["Die Die Die","Tools of the Trade"],"picked":"Corpse Explosion+1","floor":16},{"not_picked":["Infinite Blades","Backflip+1"],"picked":"Outmaneuver+1","floor":18},{"not_picked":["Slice","Flying Knee"],"picked":"Cloak And Dagger+1","floor":22},{"not_picked":["Setup+1","PiercingWail+1"],"picked":"Footwork+1","floor":23},{"not_picked":["Outmaneuver+1","Slice+1"],"picked":"Cloak And Dagger+1","floor":25},{"not_picked":["Envenom","Acrobatics+1"],"picked":"Accuracy","floor":27},{"not_picked":["Calculated Gamble+1","Acrobatics+1"],"picked":"Deflect+1","floor":29},{"not_picked":["Dagger Spray","Slice"],"picked":"Infinite Blades+1","floor":31},{"not_picked":["Envenom","Doppelganger+1"],"picked":"Storm of Steel+1","floor":33},{"not_picked":["Underhanded Strike","Quick Slash"],"picked":"Infinite Blades","floor":35},{"not_picked":["Dagger Throw","Bane"],"picked":"Distraction+1","floor":36},{"not_picked":["Predator","Flying Knee+1"],"picked":"Prepared+1","floor":39},{"not_picked":["Quick Slash+1","Dodge and Roll+1"],"picked":"Terror+1","floor":41},{"not_picked":["Flash of Steel","Finesse+1"],"picked":"Discovery+1","floor":42},{"not_picked":["Mayhem","Mind Blast"],"picked":"Flash of Steel","floor":42},{"not_picked":["Bane+1","Eviscerate"],"picked":"Finisher+1","floor":44},{"not_picked":["Quick Slash+1","Backflip+1"],"picked":"Bouncing Flask+1","floor":45},{"not_picked":["Escape Plan+1","Infinite Blades"],"picked":"Footwork","floor":46},{"not_picked":["Masterful Stab+1","Dodge and Roll+1"],"picked":"Blade Dance+1","floor":48},{"not_picked":["Flying Knee","PiercingWail+1","Underhanded Strike+1"],"picked":"Prepared+1","floor":54}],"player_experience":352893,"relics_obtained":[{"floor":6,"key":"Toxic Egg 2"},{"floor":9,"key":"Omamori"},{"floor":14,"key":"Anchor"},{"floor":23,"key":"Toy Ornithopter"},{"floor":23,"key":"Mercury Hourglass"},{"floor":25,"key":"Lantern"},{"floor":25,"key":"TungstenRod"},{"floor":26,"key":"Gremlin Horn"},{"floor":29,"key":"Meat on the Bone"},{"floor":29,"key":"Orichalcum"},{"floor":31,"key":"Tough Bandages"},{"floor":31,"key":"Pen Nib"},{"floor":39,"key":"Thread and Needle"},{"floor":41,"key":"StrikeDummy"},{"floor":41,"key":"Smiling Mask"},{"floor":44,"key":"Tingsha"},{"floor":48,"key":"Question Card"},{"floor":48,"key":"Nunchaku"},{"floor":54,"key":"Ginger"},{"floor":54,"key":"Bottled Flame"}],"event_choices":[{"damage_healed":0,"gold_gain":0,"player_choice":"Success","damage_taken":7,"relics_obtained":["MealTicket"],"max_hp_gain":0,"max_hp_loss":0,"event_name":"Scrap Ooze","floor":5,"gold_loss":0},{"damage_healed":0,"gold_gain":0,"player_choice":"Ignored","damage_taken":0,"max_hp_gain":0,"max_hp_loss":0,"event_name":"Purifier","floor":8,"gold_loss":0},{"damage_healed":0,"gold_gain":75,"player_choice":"Gather Gold","damage_taken":11,"max_hp_gain":0,"max_hp_loss":0,"event_name":"World of Goop","floor":13,"gold_loss":0},{"damage_healed":0,"gold_gain":0,"player_choice":"Shed Blood","damage_taken":18,"max_hp_gain":5,"max_hp_loss":0,"event_name":"Forgotten Altar","floor":20,"gold_loss":0},{"damage_healed":0,"gold_gain":0,"player_choice":"Joined the Cult","damage_taken":6,"max_hp_gain":0,"max_hp_loss":0,"event_name":"Nest","floor":21,"gold_loss":0,"cards_obtained":["RitualDagger"]},{"damage_healed":0,"gold_gain":0,"player_choice":"Paid","damage_taken":0,"relics_obtained":["Red Mask"],"max_hp_gain":0,"max_hp_loss":0,"event_name":"Tomb of Lord Red Mask","floor":38,"gold_loss":29},{"damage_healed":0,"gold_gain":0,"player_choice":"Fight","damage_taken":0,"max_hp_gain":0,"max_hp_loss":0,"event_name":"Mysterious Sphere","floor":39,"gold_loss":0},{"damage_healed":0,"gold_gain":0,"player_choice":"Memory 2","damage_taken":5,"max_hp_gain":0,"max_hp_loss":0,"event_name":"SensoryStone","floor":42,"gold_loss":0},{"damage_healed":0,"gold_gain":0,"player_choice":"Fight","damage_taken":0,"max_hp_gain":0,"max_hp_loss":0,"event_name":"MindBloom","floor":44,"gold_loss":0}],"is_beta":false,"boss_relics":[{"not_picked":["Ring of the Serpent","Busted Crown"],"picked":"Black Star"},{"not_picked":["HoveringKite","Coffee Dripper"],"picked":"Philosopher\u0027s Stone"}],"items_purged_floors":[],"is_endless":false,"potions_floor_spawned":[4,6,27,29,31,39,41,46,48],"killed_by":"The Heart","ascension_level":3}}