{"host":"z9grmtg2w0nmz8n1","time":1609739620,"event":{"mods":["Aspiration","Bard","BaseMod","Beaked The Cultist","Better Altar","Better Match","Better Note","Better Sensory Stone","Better Skull","Better Third Choice","BetterRewards","CCEM","Colored Map","Conspire","Downfall","GifTheSpireLib","Googly Eyes","Halation","Hermit","Highlight Path","Hubris","Hunter ??","Jedi Mod","Jorbs\u0027s Wanderer Trilogy","Mad Scientist","Marisa????????","Minty Spire (QoL Compilation)","Permanent Neow","Replay The Spire","Shade Mod","Shop Mod","Spicy Shops","StSLib","Stuff the Spire","The Bug Knight","The Construct","The Necromancer","The Runesmith","The Witch"],"gold_per_floor":[211,211,230,240,259,259,285,110,137,156,190,190,222,237,237,237,237],"floor_reached":16,"playtime":771,"items_purged":["Strike_G","Strike_G"],"score":128,"play_id":"ed3cc42c-8eb1-463e-a08d-dc779319aafe","local_time":"20210104035340","is_ascension_mode":true,"campfire_choices":[{"floor":6,"key":"RECALL"},{"data":"Dash","floor":12,"key":"SMITH"},{"floor":15,"key":"REST"}],"circlet_count":0,"master_deck":["Strike_G","Strike_G","Strike_G","Defend_G","Defend_G","Defend_G","Defend_G","Defend_G","Survivor","Neutralize","Deadly Poison","Cloak And Dagger","Poisoned Stab","Dash+1","Poisoned Stab"],"relics":["Ring of the Snake","CultistMask","Byrd Skull","Unceasing Top","FossilizedHelix"],"acts_visited":["Exordium"],"potions_floor_usage":[7,7,13],"damage_taken":[{"damage":0,"enemies":"Jaw Worm","floor":1,"turns":6},{"damage":0,"enemies":"Cultist","floor":3,"turns":5},{"damage":0,"enemies":"Small Slimes","floor":4,"turns":4},{"damage":3,"enemies":"Gremlin Gang","floor":5,"turns":6},{"damage":14,"enemies":"Lagavulin","floor":7,"turns":5},{"damage":0,"enemies":"Red Slaver","floor":10,"turns":4},{"damage":19,"enemies":"3 Sentries","floor":11,"turns":10},{"damage":12,"enemies":"Lagavulin","floor":13,"turns":5},{"damage":0,"enemies":"Looter","floor":14,"turns":3},{"damage":38,"enemies":"Slime Boss","floor":16,"turns":11}],"seed_played":"-657454767129881791","potions_obtained":[{"floor":1,"key":"FearPotion"},{"floor":4,"key":"Strength Potion"},{"floor":10,"key":"SteroidPotion"},{"floor":11,"key":"SpeedPotion"}],"is_trial":false,"path_per_floor":["M","?","M","M","M","R","E","$","T","M","E","R","E","M","R","B"],"character_chosen":"THE_SILENT","items_purchased":[],"campfire_rested":1,"item_purchase_floors":[],"current_hp_per_floor":[70,70,70,70,67,67,53,53,53,53,34,34,22,22,43,5,5],"gold":237,"neow_bonus":"HUNDRED_GOLD","is_daily":false,"chose_seed":false,"campfire_upgraded":1,"win_rate":0.0,"timestamp":1609739620,"path_taken":["M","?","M","M","M","R","E","$","T","M","E","R","E","M","R","BOSS"],"items_purchased_type":[],"build_version":"2020-12-22","purchased_purges":2,"victory":false,"max_hp_per_floor":[70,70,70,70,70,70,70,70,70,70,70,70,70,70,70,70,70],"card_choices":[{"not_picked":["All Out Attack","Escape Plan"],"picked":"Deadly Poison","floor":1},{"not_picked":["Dodge and Roll","Dagger Throw"],"picked":"Cloak And Dagger","floor":3},{"not_picked":["Underhanded Strike","jedi:pocketpoison"],"picked":"Poisoned Stab","floor":4},{"not_picked":["Riddle With Holes","Deflect"],"picked":"Dash","floor":5},{"not_picked":["Replay:Bag of Tricks","Flying Knee","StuffTheSpire:ReptileScales"],"picked":"SKIP","floor":7},{"not_picked":["Outmaneuver","StuffTheSpire:Incursion"],"picked":"Poisoned Stab","floor":10},{"not_picked":["Outmaneuver","Predator","A Thousand Cuts"],"picked":"SKIP","floor":11},{"not_picked":["Catalyst","PiercingWail","Backflip"],"picked":"SKIP","floor":13},{"not_picked":["jedi:poisonivy","StuffTheSpire:BumpUp","Backflip"],"picked":"SKIP","floor":14}],"player_experience":774937,"relics_obtained":[{"floor":7,"key":"Byrd Skull"},{"floor":11,"key":"Unceasing Top"},{"floor":13,"key":"FossilizedHelix"}],"event_choices":[{"damage_healed":0,"gold_gain":0,"player_choice":"Trade","damage_taken":0,"relics_obtained":["CultistMask"],"max_hp_gain":0,"max_hp_loss":0,"event_name":"FaceTrader","floor":2,"gold_loss":0}],"is_beta":false,"boss_relics":[],"items_purged_floors":[8,8],"is_endless":false,"potions_floor_spawned":[1,4,10,11],"killed_by":"Slime Boss","ascension_level":1}}