{"host":"lpogke4cwz8zw1ju","time":1609799054,"event":{"mods":["Always Whale","BaseMod","Minty Spire (QoL Compilation)","Permanent Neow"],"gold_per_floor":[113,113,113,133,145,145,174,192,244,116,128,128,128,153,153,282,282,301,251,274,292,292,292,323,323,373,406,425,425,425,136,136,256,256,269,293,316,340,115,115,154,154,154,154,189,35,35,51,51,51],"floor_reached":51,"playtime":1625,"items_purged":["Demon Form"],"score":820,"play_id":"91e248dd-70f1-4e01-b13c-4828e4462cb6","local_time":"20210104232414","is_ascension_mode":false,"campfire_choices":[{"data":"Warcry","floor":6,"key":"SMITH"},{"floor":13,"key":"REST"},{"data":"Perfected Strike","floor":15,"key":"SMITH"},{"floor":23,"key":"REST"},{"floor":25,"key":"REST"},{"floor":32,"key":"REST"},{"floor":40,"key":"REST"},{"floor":42,"key":"RECALL"},{"floor":44,"key":"REST"},{"floor":49,"key":"REST"}],"circlet_count":0,"master_deck":["Strike_R","Strike_R","Strike_R","Strike_R","Strike_R","Defend_R","Defend_R","Defend_R","Bash","Perfected Strike+1","Warcry+1","Wild Strike","Twin Strike","Perfected Strike+1","Pommel Strike","Wild Strike","Double Tap","Wild Strike","Twin Strike","Pommel Strike","Perfected Strike+1","Perfected Strike+1","Double Tap","PanicButton","Jack Of All Trades","Perfected Strike+1","Armaments+1","Perfected Strike+1","Infernal Blade+1"],"relics":["Burning Blood","NeowsBlessing","Shuriken","Bag of Preparation","Golden Idol","Fusion Hammer","PreservedInsect","Orichalcum","Boot","Centennial Puzzle","Happy Flower","Cursed Key","Brimstone","InkBottle","Meat on the Bone","Red Skull"],"acts_visited":["Exordium","TheCity","TheBeyond"],"potions_floor_usage":[21,24,50],"damage_taken":[{"damage":0,"enemies":"Small Slimes","floor":1,"turns":1},{"damage":0,"enemies":"2 Louse","floor":4,"turns":1},{"damage":0,"enemies":"Cultist","floor":5,"turns":1},{"damage":35,"enemies":"3 Sentries","floor":7,"turns":8},{"damage":2,"enemies":"Large Slime","floor":8,"turns":5},{"damage":7,"enemies":"Blue Slaver","floor":11,"turns":2},{"damage":8,"enemies":"Red Slaver","floor":14,"turns":2},{"damage":17,"enemies":"Slime Boss","floor":16,"turns":5},{"damage":5,"enemies":"Chosen","floor":18,"turns":3},{"damage":0,"enemies":"Spheric Guardian","floor":20,"turns":1},{"damage":11,"enemies":"Centurion and Healer","floor":21,"turns":4},{"damage":47,"enemies":"Gremlin Leader","floor":24,"turns":3},{"damage":6,"enemies":"Book of Stabbing","floor":27,"turns":2},{"damage":0,"enemies":"Snake Plant","floor":28,"turns":1},{"damage":24,"enemies":"Automaton","floor":33,"turns":5},{"damage":0,"enemies":"3 Darklings","floor":35,"turns":1},{"damage":0,"enemies":"Orb Walker","floor":36,"turns":2},{"damage":0,"enemies":"3 Darklings","floor":37,"turns":1},{"damage":10,"enemies":"4 Shapes","floor":38,"turns":2},{"damage":0,"enemies":"Giant Head","floor":41,"turns":2},{"damage":15,"enemies":"Nemesis","floor":45,"turns":3},{"damage":0,"enemies":"Transient","floor":48,"turns":5},{"damage":41,"enemies":"Time Eater","floor":50,"turns":3}],"seed_played":"224469261623386391","potions_obtained":[{"floor":5,"key":"Regen Potion"},{"floor":7,"key":"AttackPotion"},{"floor":11,"key":"Block Potion"},{"floor":21,"key":"ColorlessPotion"},{"floor":28,"key":"Strength Potion"},{"floor":38,"key":"BloodPotion"}],"is_trial":false,"path_per_floor":["M","?","?","M","M","R","E","M","T","$","M","?","R","M","R","B",null,"M","$","M","M","?","R","E","R","T","E","M","?","?","$","R","B",null,"M","M","M","M","$","R","E","R","T","R","E","$","T","M","R","B",null],"character_chosen":"IRONCLAD","items_purchased":["Pommel Strike","FairyPotion","Twin Strike","Centennial Puzzle","Happy Flower","Brimstone","Red Skull"],"campfire_rested":7,"item_purchase_floors":[10,10,19,31,31,39,46],"current_hp_per_floor":[80,73,73,79,80,80,51,55,55,55,54,34,58,56,56,45,80,80,80,80,75,75,80,39,63,63,63,69,69,50,50,74,56,80,80,80,80,76,76,80,80,80,80,80,71,71,71,77,80,57],"gold":51,"neow_bonus":"THREE_ENEMY_KILL","is_daily":false,"chose_seed":false,"campfire_upgraded":2,"win_rate":0.0,"timestamp":1609799054,"path_taken":["M","?","?","?","M","R","E","M","T","$","M","?","R","M","R","BOSS","M","$","M","M","?","R","E","R","T","E","?","?","?","$","R","BOSS","M","M","M","M","$","R","E","R","T","R","E","?","?","M","R","BOSS"],"items_purchased_type":["Card","Potion","Card","Relic","Relic","Relic","Relic"],"build_version":"2020-12-22","purchased_purges":1,"victory":true,"max_hp_per_floor":[80,80,80,80,80,80,80,80,80,80,80,80,80,80,80,80,80,80,80,80,80,80,80,80,80,80,80,80,80,80,80,80,80,80,80,80,80,80,80,80,80,80,80,80,80,80,80,80,80,80],"card_choices":[{"not_picked":["Sever Soul","Combust"],"picked":"Perfected Strike","floor":1},{"not_picked":["Fire Breathing","Cleave"],"picked":"Warcry","floor":4},{"not_picked":["Rage","Intimidate"],"picked":"Wild Strike","floor":5},{"not_picked":["Burning Pact","Feel No Pain"],"picked":"Twin Strike","floor":7},{"not_picked":["Flex","Seeing Red"],"picked":"Perfected Strike","floor":8},{"not_picked":["Uppercut","Shrug It Off","Infernal Blade"],"picked":"SKIP","floor":11},{"not_picked":["Sever Soul","Iron Wave"],"picked":"Wild Strike","floor":14},{"not_picked":["Barricade","Reaper"],"picked":"Double Tap","floor":16},{"not_picked":["Shrug It Off","Heavy Blade"],"picked":"Wild Strike","floor":18},{"not_picked":["Metallicize","Cleave+1","Carnage"],"picked":"SKIP","floor":20},{"not_picked":["Body Slam","Power Through"],"picked":"Pommel Strike","floor":21},{"not_picked":["Intimidate","Thunderclap","Heavy Blade+1"],"picked":"SKIP","floor":24},{"not_picked":["Rupture","True Grit"],"picked":"Perfected Strike+1","floor":27},{"not_picked":["Ghostly Armor+1","Entrench"],"picked":"Perfected Strike+1","floor":28},{"not_picked":["Immolate","Exhume"],"picked":"Demon Form","floor":33},{"not_picked":["Feel No Pain+1","Evolve"],"picked":"Perfected Strike+1","floor":35},{"not_picked":["Sword Boomerang+1","Spot Weakness","Clash"],"picked":"SKIP","floor":36},{"not_picked":["Headbutt+1","Hemokinesis"],"picked":"Armaments+1","floor":37},{"not_picked":["Rupture","Intimidate+1"],"picked":"Perfected Strike+1","floor":38},{"not_picked":["Entrench","Heavy Blade"],"picked":"Infernal Blade+1","floor":41},{"not_picked":["Ghostly Armor+1","Clothesline","Feel No Pain+1"],"picked":"SKIP","floor":45},{"not_picked":["Anger","Thunderclap","Armaments"],"picked":"SKIP","floor":48}],"player_experience":167717,"relics_obtained":[{"floor":7,"key":"Shuriken"},{"floor":9,"key":"Bag of Preparation"},{"floor":24,"key":"PreservedInsect"},{"floor":26,"key":"Orichalcum"},{"floor":27,"key":"Boot"},{"floor":41,"key":"InkBottle"},{"floor":45,"key":"Meat on the Bone"}],"event_choices":[{"cards_removed":["Defend_R"],"damage_healed":0,"gold_gain":0,"player_choice":"Card Removal","damage_taken":7,"max_hp_gain":0,"max_hp_loss":0,"event_name":"Golden Wing","floor":2,"gold_loss":0},{"damage_healed":0,"gold_gain":0,"player_choice":"Forge","damage_taken":0,"max_hp_gain":0,"max_hp_loss":0,"event_name":"Accursed Blacksmith","floor":3,"gold_loss":0,"cards_upgraded":["Perfected Strike"]},{"damage_healed":0,"gold_gain":0,"player_choice":"Take Damage","damage_taken":20,"relics_obtained":["Golden Idol"],"max_hp_gain":0,"max_hp_loss":0,"event_name":"Golden Idol","floor":12,"gold_loss":0},{"damage_healed":0,"gold_gain":0,"player_choice":"Bought 0 Potions","damage_taken":0,"max_hp_gain":0,"max_hp_loss":0,"event_name":"The Woman in Blue","floor":22,"gold_loss":0},{"damage_healed":0,"gold_gain":0,"player_choice":"Read","damage_taken":0,"max_hp_gain":0,"max_hp_loss":0,"event_name":"The Library","floor":29,"gold_loss":0,"cards_obtained":["Double Tap"]},{"damage_healed":0,"gold_gain":0,"player_choice":"CARD CARD ","damage_taken":19,"max_hp_gain":0,"max_hp_loss":0,"event_name":"Knowing Skull","floor":30,"potions_obtained":[],"gold_loss":0,"cards_obtained":["PanicButton","Jack Of All Trades"]}],"is_beta":false,"boss_relics":[{"not_picked":["Philosopher\u0027s Stone","Tiny House"],"picked":"Fusion Hammer"},{"not_picked":["Runic Dome","Black Star"],"picked":"Cursed Key"}],"items_purged_floors":[39],"is_endless":false,"potions_floor_spawned":[5,7,11,20,21,28,36,38,41,48],"ascension_level":0}}