{"host":"0v07cr0k93jhgkpm","time":1609777302,"event":{"mods":["BaseMod","Colored Map","DeckTracker","Minty Spire (QoL Compilation)","Quick Restart","SuperFastMode"],"gold_per_floor":[112,37,50,50,67,67,28,28,28,44,76,76,76,87,87,87,87],"floor_reached":16,"playtime":311,"items_purged":[],"score":200,"play_id":"fbe8dbde-14de-4320-950f-e5a54fe2157e","local_time":"20210105012142","is_ascension_mode":true,"campfire_choices":[{"data":"Zap","floor":6.0,"key":"SMITH"},{"data":"Fusion","floor":12.0,"key":"SMITH"},{"data":"Double Energy","floor":15,"key":"SMITH"}],"circlet_count":0,"master_deck":["AscendersBane","Strike_B","Strike_B","Strike_B","Defend_B","Defend_B","Defend_B","Zap+1","Dualcast","Gash","Melter","Compile Driver","Fusion+1","Decay","Sweeping Beam","Go for the Eyes","Buffer","Double Energy+1"],"relics":["Cracked Core","NeowsBlessing","Letter Opener","Darkstone Periapt"],"acts_visited":["Exordium"],"potions_floor_usage":[16],"damage_taken":[{"damage":0.0,"enemies":"2 Louse","floor":1.0,"turns":1.0},{"damage":0.0,"enemies":"Jaw Worm","floor":3.0,"turns":1.0},{"damage":0.0,"enemies":"Cultist","floor":5.0,"turns":1.0},{"damage":15.0,"enemies":"Large Slime","floor":10.0,"turns":6.0},{"damage":29.0,"enemies":"3 Sentries","floor":11.0,"turns":6.0},{"damage":7.0,"enemies":"Red Slaver","floor":14.0,"turns":4.0},{"damage":18,"enemies":"The Guardian","floor":16,"turns":4}],"seed_played":"-1992255729919642092","potions_obtained":[{"floor":3.0,"key":"Energy Potion"},{"floor":11.0,"key":"AttackPotion"}],"is_trial":false,"path_per_floor":["M","?","M","?","M","R","$","?","T","M","E","R","?","M","R","B"],"character_chosen":"DEFECT","items_purchased":["Fusion"],"campfire_rested":0,"item_purchase_floors":[7],"current_hp_per_floor":[64,64,64,69,69,69,69,69,69,54,25,25,25,18,18,0,0],"gold":87,"neow_bonus":"THREE_ENEMY_KILL","is_daily":false,"chose_seed":false,"campfire_upgraded":3,"win_rate":0.0,"timestamp":1609777302,"path_taken":["M","?","M","?","M","R","$","?","T","?","E","R","?","?","R","BOSS"],"items_purchased_type":["Card"],"build_version":"2020-12-22","purchased_purges":0,"victory":false,"max_hp_per_floor":[71,71,71,76,76,76,76,76,76,76,76,76,76,76,76,76,76],"card_choices":[{"not_picked":["Steam","Aggregate"],"picked":"Gash","floor":1.0},{"not_picked":["Lockon","Go for the Eyes"],"picked":"Melter","floor":3.0},{"not_picked":["Blizzard","Reprogram"],"picked":"Compile Driver","floor":5.0},{"not_picked":["Sunder","Leap"],"picked":"Sweeping Beam","floor":10.0},{"not_picked":["Hello World","Force Field"],"picked":"Go for the Eyes","floor":11.0},{"not_picked":["Darkness","Redo"],"picked":"Double Energy","floor":14.0}],"player_experience":2473574,"relics_obtained":[{"floor":9.0,"key":"Letter Opener"},{"floor":11.0,"key":"Darkstone Periapt"}],"event_choices":[{"cards_removed":["Defend_B"],"damage_healed":0.0,"max_hp_gain":0.0,"max_hp_loss":0.0,"gold_gain":0.0,"event_name":"The Cleric","player_choice":"Card Removal","floor":2.0,"gold_loss":75.0,"damage_taken":0.0},{"damage_healed":0.0,"max_hp_gain":5.0,"max_hp_loss":0.0,"gold_gain":0.0,"event_name":"Big Fish","player_choice":"Donut","floor":4.0,"gold_loss":0.0,"damage_taken":0.0},{"damage_healed":0.0,"max_hp_gain":0.0,"max_hp_loss":0.0,"gold_gain":0.0,"event_name":"Wheel of Change","player_choice":"Cursed","floor":8.0,"gold_loss":0.0,"damage_taken":0.0,"cards_obtained":["Decay"]},{"damage_healed":0.0,"max_hp_gain":0.0,"max_hp_loss":0.0,"gold_gain":0.0,"cards_transformed":["Strike_B"],"event_name":"Transmorgrifier","player_choice":"Transformed","floor":13.0,"gold_loss":0.0,"damage_taken":0.0,"cards_obtained":["Buffer"]}],"is_beta":false,"boss_relics":[],"items_purged_floors":[],"is_endless":false,"potions_floor_spawned":[3,11,14],"killed_by":"The Guardian","ascension_level":20}}