{"host":"j4g6ia6asvpyu2b0","time":1609785488,"event":{"mods":["BaseMod","Colored Map","Minty Spire (QoL Compilation)","Permanent Neow","Quick Restart","Relic Stats","StSLib","Unceasing Turn Reminder"],"gold_per_floor":[112,112,130,150,325,325,357,22,46,61,61,73,101,114,114,213,213,233,148,148,162,162,191,206,234,260,57,90,90,90,107,107,202,202,214,214,226,176,196,196,231,231,277,277,277,291,291,320,320,340,340,340,113,148,148],"floor_reached":56,"playtime":2347,"items_purged":["Doubt","Blood for Blood","Wild Strike"],"score":1745,"play_id":"d73a025b-c92e-42fe-97e1-13af233ad935","local_time":"20210104113808","is_ascension_mode":true,"campfire_choices":[{"data":"Bash","floor":6,"key":"SMITH"},{"floor":11,"key":"REST"},{"data":"Flame Barrier","floor":15,"key":"SMITH"},{"floor":30,"key":"DIG"},{"floor":32,"key":"DIG"},{"floor":40,"key":"DIG"},{"floor":42,"key":"DIG"},{"floor":44,"key":"DIG"},{"floor":49,"key":"RECALL"},{"data":"Limit Break","floor":52,"key":"SMITH"}],"circlet_count":0,"master_deck":["Bash+1","Pommel Strike","Flame Barrier+1","Spot Weakness","Impervious","Heavy Blade","Offering","Reaper","Impervious","Blood for Blood+1","Pummel","Dual Wield+1","Offering","Carnage+1","Dual Wield+1","Evolve","Barricade","Magnetism","Feel No Pain+1","Whirlwind+1","Battle Trance","Limit Break+1","Clothesline"],"relics":["Snecko Eye","Akabeko","Matryoshka","Mummified Hand","Ancient Tea Set","Smiling Mask","Meat on the Bone","Pandora\u0027s Box","Pear","Orichalcum","Shovel","Whetstone","Omamori","TungstenRod","Enchiridion","Dream Catcher","Kunai","Runic Dome","Potion Belt","Boot","Bag of Marbles","Nunchaku","Shuriken","Turnip","Sundial"],"acts_visited":["Exordium","TheCity","TheBeyond","TheEnding"],"potions_floor_usage":[7,28,55,55,55,55],"damage_taken":[{"damage":0,"enemies":"Small Slimes","floor":1,"turns":3},{"damage":0,"enemies":"2 Louse","floor":3,"turns":2},{"damage":0,"enemies":"Jaw Worm","floor":4,"turns":2},{"damage":53,"enemies":"Lagavulin","floor":7,"turns":7},{"damage":6,"enemies":"Exordium Thugs","floor":10,"turns":4},{"damage":0,"enemies":"2 Fungi Beasts","floor":12,"turns":3},{"damage":15,"enemies":"3 Sentries","floor":13,"turns":8},{"damage":0,"enemies":"Blue Slaver","floor":14,"turns":2},{"damage":2,"enemies":"Hexaghost","floor":16,"turns":6},{"damage":0,"enemies":"Spheric Guardian","floor":18,"turns":2},{"damage":0,"enemies":"3 Byrds","floor":21,"turns":2},{"damage":36,"enemies":"Slavers","floor":23,"turns":3},{"damage":0,"enemies":"Snake Plant","floor":24,"turns":2},{"damage":6,"enemies":"Book of Stabbing","floor":25,"turns":2},{"damage":34,"enemies":"Slavers","floor":28,"turns":2},{"damage":5,"enemies":"3 Cultists","floor":31,"turns":2},{"damage":18,"enemies":"Collector","floor":33,"turns":4},{"damage":0,"enemies":"3 Darklings","floor":35,"turns":5},{"damage":5,"enemies":"Orb Walker","floor":37,"turns":2},{"damage":5,"enemies":"4 Shapes","floor":39,"turns":3},{"damage":5,"enemies":"Nemesis","floor":41,"turns":5},{"damage":5,"enemies":"Sphere and 2 Shapes","floor":46,"turns":3},{"damage":10,"enemies":"Reptomancer","floor":48,"turns":5},{"damage":10,"enemies":"Donu and Deca","floor":50,"turns":5},{"damage":34,"enemies":"Shield and Spear","floor":54,"turns":4},{"damage":44,"enemies":"The Heart","floor":55,"turns":7}],"seed_played":"-7491834601761801094","potions_obtained":[{"floor":4,"key":"DuplicationPotion"},{"floor":10,"key":"Ancient Potion"},{"floor":13,"key":"Strength Potion"},{"floor":16,"key":"GamblersBrew"},{"floor":25,"key":"Block Potion"},{"floor":28,"key":"Weak Potion"},{"floor":35,"key":"LiquidMemories"}],"is_trial":false,"path_per_floor":["M","?","M","M","?","R","E","$","T","M","R","M","E","M","R","B",null,"M","?","?","M","?","E","M","E","T","$","E","?","R","M","R","B",null,"M","?","M","$","M","R","E","R","T","R","?","M","$","E","R","B",null,"R","$","E","B",null],"character_chosen":"IRONCLAD","items_purchased":["Mummified Hand","Omamori","Clothesline","DistilledChaos","HeartOfIron"],"campfire_rested":1,"item_purchase_floors":[8,27,53,53,53],"current_hp_per_floor":[72,69,69,69,69,69,16,16,16,10,34,34,19,31,31,41,70,74,84,84,84,84,64,71,65,65,65,56,44,44,83,83,90,90,90,81,82,82,90,90,90,90,90,90,90,85,85,90,90,90,90,90,90,56,33],"gold":148,"neow_bonus":"BOSS_RELIC","is_daily":false,"chose_seed":false,"campfire_upgraded":3,"win_rate":0.0,"timestamp":1609785488,"path_taken":["M","?","M","M","?","R","E","$","T","M","R","M","E","M","R","BOSS","M","?","?","?","?","E","M","E","T","?","E","?","R","M","R","BOSS","M","?","M","$","M","R","E","R","T","R","?","M","$","E","R","BOSS","R","$","E","BOSS"],"items_purchased_type":["Relic","Relic","Card","Potion","Potion"],"build_version":"2020-12-22","purchased_purges":3,"victory":true,"max_hp_per_floor":[80,80,80,80,80,80,80,80,80,80,80,80,80,80,80,80,80,80,90,90,90,90,90,90,90,90,90,90,90,90,90,90,90,90,90,90,90,90,90,90,90,90,90,90,90,90,90,90,90,90,90,90,90,90,90],"relic_stats":{"counters":[26,95],"Whetstone":["Carnage","Blood for Blood"],"Orichalcum":[54],"Smiling Mask":125,"Boot":[12],"Dream Catcher":0,"Nunchaku":[7],"Shovel":5,"Mummified Hand":[95],"Shuriken":[15],"Sundial":[2],"Snecko Eye":[200,165,179,177],"Pandora\u0027s Box":["Blood for Blood","Heavy Blade","Offering","Uppercut","Reaper","Impervious","Blood for Blood","Wild Strike","Pummel"],"Turnip":[2],"Kunai":[26],"obtain_stats":[{"Enchiridion":29,"Whetstone":26,"Ancient Tea Set":9,"Smiling Mask":9,"Boot":41,"Burning Blood":0,"Dream Catcher":30,"Nunchaku":43,"Matryoshka":7,"Shovel":25,"Mummified Hand":8,"Sundial":54,"Kunai":32,"Potion Belt":40,"Pear":19,"Omamori":27,"Orichalcum":23,"Akabeko":2,"Runic Dome":34,"Shuriken":44,"Snecko Eye":0,"Pandora\u0027s Box":17,"Turnip":48,"Bag of Marbles":42,"TungstenRod":28,"Meat on the Bone":13},{"Enchiridion":15,"Whetstone":14,"Ancient Tea Set":4,"Smiling Mask":4,"Boot":21,"Burning Blood":0,"Dream Catcher":15,"Nunchaku":21,"Matryoshka":4,"Shovel":14,"Mummified Hand":4,"Sundial":25,"Kunai":16,"Potion Belt":20,"Pear":10,"Omamori":14,"Orichalcum":12,"Akabeko":1,"Runic Dome":17,"Shuriken":21,"Snecko Eye":0,"Pandora\u0027s Box":9,"Turnip":23,"Bag of Marbles":21,"TungstenRod":15,"Meat on the Bone":7},{"Enchiridion":50,"Whetstone":48,"Ancient Tea Set":14,"Smiling Mask":14,"Boot":71,"Burning Blood":0,"Dream Catcher":50,"Nunchaku":71,"Matryoshka":14,"Shovel":48,"Mummified Hand":14,"Sundial":88,"Kunai":52,"Potion Belt":66,"Pear":39,"Omamori":48,"Orichalcum":44,"Akabeko":3,"Runic Dome":56,"Shuriken":71,"Snecko Eye":0,"Pandora\u0027s Box":37,"Turnip":79,"Bag of Marbles":71,"TungstenRod":50,"Meat on the Bone":29}],"TungstenRod":52,"Meat on the Bone":36},"card_choices":[{"not_picked":["Sword Boomerang","Body Slam","Second Wind"],"picked":"SKIP","floor":1},{"not_picked":["Headbutt","Sword Boomerang","Twin Strike"],"picked":"SKIP","floor":3},{"not_picked":["Rampage","Armaments","Wild Strike"],"picked":"SKIP","floor":4},{"not_picked":["Sever Soul","Iron Wave"],"picked":"Pommel Strike","floor":7},{"not_picked":["Warcry","Havoc","Twin Strike"],"picked":"SKIP","floor":10},{"not_picked":["Wild Strike","Clash"],"picked":"Flame Barrier","floor":12},{"not_picked":["Berserk","Anger","Thunderclap"],"picked":"SKIP","floor":13},{"not_picked":["Shrug It Off","Battle Trance"],"picked":"Spot Weakness","floor":14},{"not_picked":["Exhume","Berserk"],"picked":"Impervious","floor":16},{"not_picked":["Infernal Blade","Whirlwind"],"picked":"Dual Wield+1","floor":18},{"not_picked":["Flex","Bloodletting","Armaments"],"picked":"SKIP","floor":21},{"not_picked":["Armaments","Brutality","Disarm"],"picked":"SKIP","floor":23},{"not_picked":["Twin Strike+1","Reckless Charge"],"picked":"Carnage","floor":24},{"not_picked":["Perfected Strike+1","Pummel+1","Reckless Charge"],"picked":"SKIP","floor":25},{"not_picked":["Burning Pact","Searing Blow+1"],"picked":"Dual Wield+1","floor":28},{"not_picked":["Shrug It Off","Rupture"],"picked":"Evolve","floor":31},{"not_picked":["Impervious","Offering"],"picked":"Barricade","floor":33},{"not_picked":["Sword Boomerang+1","Havoc","Hemokinesis"],"picked":"SKIP","floor":35},{"not_picked":["Chrysalis","Sadistic Nature"],"picked":"Magnetism","floor":36},{"not_picked":["Headbutt+1","Twin Strike"],"picked":"Feel No Pain+1","floor":37},{"not_picked":["Second Wind","Armaments"],"picked":"Whirlwind+1","floor":39},{"not_picked":["True Grit","Anger+1","Pommel Strike"],"picked":"SKIP","floor":41},{"not_picked":["Thunderclap+1","Disarm+1"],"picked":"Battle Trance","floor":46},{"not_picked":["Metallicize","Battle Trance+1"],"picked":"Limit Break","floor":48},{"not_picked":["Headbutt","Pommel Strike","Blood for Blood+1"],"picked":"SKIP","floor":54}],"player_experience":702647,"relics_obtained":[{"floor":7,"key":"Matryoshka"},{"floor":9,"key":"Ancient Tea Set"},{"floor":9,"key":"Smiling Mask"},{"floor":13,"key":"Meat on the Bone"},{"floor":23,"key":"Orichalcum"},{"floor":25,"key":"Shovel"},{"floor":26,"key":"Whetstone"},{"floor":28,"key":"TungstenRod"},{"floor":29,"key":"Enchiridion"},{"floor":30,"key":"Dream Catcher"},{"floor":32,"key":"Kunai"},{"floor":40,"key":"Potion Belt"},{"floor":41,"key":"Boot"},{"floor":42,"key":"Bag of Marbles"},{"floor":43,"key":"Nunchaku"},{"floor":44,"key":"Shuriken"},{"floor":48,"key":"Turnip"},{"floor":54,"key":"Sundial"}],"event_choices":[{"damage_healed":0,"gold_gain":0,"player_choice":"Success","damage_taken":3,"relics_obtained":["Akabeko"],"max_hp_gain":0,"max_hp_loss":0,"event_name":"Scrap Ooze","floor":2,"gold_loss":0},{"damage_healed":0,"gold_gain":175,"player_choice":"AGREE","damage_taken":0,"max_hp_gain":0,"max_hp_loss":0,"event_name":"Liars Game","floor":5,"gold_loss":0,"cards_obtained":["Doubt"]},{"damage_healed":0,"gold_gain":0,"player_choice":"Obtained Relic","damage_taken":0,"relics_obtained":["Pear"],"max_hp_gain":0,"max_hp_loss":0,"event_name":"Addict","floor":19,"gold_loss":85},{"damage_healed":0,"gold_gain":0,"player_choice":"Copied","damage_taken":0,"max_hp_gain":0,"max_hp_loss":0,"event_name":"Duplicator","floor":20,"gold_loss":0,"cards_obtained":["Offering"]},{"damage_healed":0,"gold_gain":0,"player_choice":"Ignored","damage_taken":0,"max_hp_gain":0,"max_hp_loss":0,"event_name":"Ghosts","floor":22,"gold_loss":0},{"damage_healed":0,"gold_gain":0,"player_choice":"Obtained Book","damage_taken":16,"max_hp_gain":0,"max_hp_loss":0,"event_name":"Cursed Tome","floor":29,"gold_loss":0},{"damage_healed":0,"gold_gain":0,"player_choice":"Memory 3","damage_taken":10,"max_hp_gain":0,"max_hp_loss":0,"event_name":"SensoryStone","floor":36,"gold_loss":0},{"cards_removed":["Uppercut"],"damage_healed":0,"gold_gain":0,"player_choice":"Removed Attack","damage_taken":0,"max_hp_gain":0,"max_hp_loss":0,"event_name":"Falling","floor":45,"gold_loss":0}],"is_beta":false,"boss_relics":[{"not_picked":["Black Star","Cursed Key"],"picked":"Pandora\u0027s Box"},{"not_picked":["Tiny House","SacredBark"],"picked":"Runic Dome"}],"items_purged_floors":[8,27,38],"is_endless":false,"potions_floor_spawned":[4,10,13,16,24,25,28,35,39],"ascension_level":6}}