{"host":"oknzaotplmnl5xaf","time":1609789316,"event":{"mods":["BaseMod","Colored Map","Highlight Path","Minty Spire (QoL Compilation)","Permanent Neow","Quick Restart","Relic Stats","Slay-I"],"gold_per_floor":[111,161,178,10,24,54,54,54,99,109,259,143,176,17,17,17,17],"floor_reached":16,"playtime":690,"items_purged":["Doubt","Strike_G"],"score":216,"play_id":"e05ba96d-f5b7-4c62-aeaf-e05f18f90b6d","local_time":"20210104144156","is_ascension_mode":true,"campfire_choices":[{"data":"Footwork","floor":8,"key":"SMITH"},{"data":"Well Laid Plans","floor":15,"key":"SMITH"}],"circlet_count":0,"master_deck":["AscendersBane","Strike_G","Strike_G","Strike_G","Strike_G","Defend_G","Defend_G","Defend_G","Defend_G","Defend_G","Survivor","Neutralize","Poisoned Stab","Dagger Throw","Cloak And Dagger","Footwork+1","Sucker Punch","Dash","Cloak And Dagger","Well Laid Plans+1","Blade Dance"],"relics":["Ring of the Snake","MealTicket","Lantern","Letter Opener"],"acts_visited":["Exordium"],"potions_floor_usage":[6,16,16],"damage_taken":[{"damage":1,"enemies":"Cultist","floor":1,"turns":3},{"damage":0,"enemies":"2 Louse","floor":3,"turns":3},{"damage":0,"enemies":"Jaw Worm","floor":5,"turns":5},{"damage":19,"enemies":"3 Sentries","floor":6,"turns":11},{"damage":0,"enemies":"3 Louse","floor":10,"turns":4},{"damage":49,"enemies":"Gremlin Nob","floor":13,"turns":5},{"damage":44,"enemies":"Slime Boss","floor":16,"turns":13}],"seed_played":"6417015470344144672","potions_obtained":[{"floor":3,"key":"Regen Potion"},{"floor":10,"key":"Swift Potion"}],"is_trial":false,"path_per_floor":["M","?","M","$","M","E","$","R","T","M","?","$","E","$","R","B"],"character_chosen":"THE_SILENT","items_purchased":["Footwork","DistilledChaos","Well Laid Plans","Blade Dance"],"campfire_rested":0,"item_purchase_floors":[4,4,12,14],"current_hp_per_floor":[58,52,52,52,52,33,48,48,48,48,48,63,14,29,29,0,0],"gold":17,"neow_bonus":"THREE_CARDS","is_daily":false,"chose_seed":false,"campfire_upgraded":2,"win_rate":0.0,"timestamp":1609789316,"path_taken":["M","?","M","?","M","E","$","R","T","M","?","$","E","$","R","BOSS"],"items_purchased_type":["Card","Potion","Card","Card"],"build_version":"2020-12-22","purchased_purges":2,"victory":false,"max_hp_per_floor":[66,66,66,66,66,66,66,66,66,66,66,66,66,66,66,66,66],"relic_stats":{"counters":[7,44],"MealTicket":45,"Letter Opener":[0],"obtain_stats":[{"Lantern":9,"MealTicket":6,"Letter Opener":13,"Ring of the Snake":0},{"Lantern":4,"MealTicket":4,"Letter Opener":6,"Ring of the Snake":0},{"Lantern":22,"MealTicket":22,"Letter Opener":31,"Ring of the Snake":0}],"Ring of the Snake":[14]},"card_choices":[{"not_picked":["Slice","Bouncing Flask"],"picked":"Poisoned Stab","floor":0},{"not_picked":["Quick Slash","Infinite Blades"],"picked":"Dagger Throw","floor":1},{"not_picked":["Outmaneuver","Setup"],"picked":"Cloak And Dagger","floor":3},{"not_picked":["Flying Knee","Quick Slash"],"picked":"Sucker Punch","floor":5},{"not_picked":["Endless Agony","A Thousand Cuts"],"picked":"Dash","floor":6},{"not_picked":["Quick Slash","Bane"],"picked":"Cloak And Dagger","floor":10},{"not_picked":["Caltrops","Bane","Choke"],"picked":"SKIP","floor":13}],"player_experience":1399853,"relics_obtained":[{"floor":6,"key":"MealTicket"},{"floor":9,"key":"Lantern"},{"floor":13,"key":"Letter Opener"}],"event_choices":[{"damage_healed":0,"gold_gain":50,"player_choice":"Touch","damage_taken":6,"max_hp_gain":0,"max_hp_loss":0,"event_name":"FaceTrader","floor":2,"gold_loss":0},{"damage_healed":0,"gold_gain":150,"player_choice":"AGREE","damage_taken":0,"max_hp_gain":0,"max_hp_loss":0,"event_name":"Liars Game","floor":11,"gold_loss":0,"cards_obtained":["Doubt"]}],"is_beta":false,"boss_relics":[],"items_purged_floors":[12,14],"is_endless":false,"potions_floor_spawned":[3,10,13],"killed_by":"Slime Boss","ascension_level":20}}