{"host":"armnliea5o2aqs4b","time":1609726736,"event":{"mods":["BaseMod","Hubris","Infinite Spire","Minty Spire (QoL Compilation)","Quick Restart","StSLib"],"gold_per_floor":[117,192,192,192,20,20,45,45,45,45,56,56,75,94,94,94,94],"floor_reached":16,"playtime":262,"items_purged":[],"score":129,"play_id":"6bae4f86-0a87-46f6-ae5a-ef2016da922f","local_time":"20210104131856","is_ascension_mode":true,"campfire_choices":[{"data":"Zap","floor":6,"key":"SMITH"},{"data":"Dualcast","floor":8,"key":"SMITH"},{"data":"Rebound","floor":10,"key":"SMITH"},{"data":"Double Energy","floor":12,"key":"SMITH"},{"data":"Defragment","floor":15,"key":"SMITH"}],"circlet_count":0,"master_deck":["Strike_B","Strike_B","Strike_B","Defend_B+1","Defend_B","Defend_B+1","Defend_B","Zap+1","Dualcast+1","Auto Shields","Coolheaded","Rebound+1","Double Energy+1","Loop","Defragment+1"],"relics":["Cracked Core","NeowsBlessing","MealTicket","infinitespire:BottledMercury","hubris:Metronome"],"acts_visited":["Exordium"],"potions_floor_usage":[],"damage_taken":[{"damage":0,"enemies":"Small Slimes","floor":1,"turns":1},{"damage":0,"enemies":"3 Sentries","floor":7,"turns":1},{"damage":0,"enemies":"Jaw Worm","floor":11,"turns":1},{"damage":1,"enemies":"2 Louse","floor":13,"turns":2},{"damage":3,"enemies":"Large Slime","floor":14,"turns":6},{"damage":17,"enemies":"Slime Boss","floor":16,"turns":6}],"seed_played":"-7289395866050299836","potions_obtained":[{"floor":1,"key":"SteroidPotion"},{"floor":7,"key":"FocusPotion"},{"floor":11,"key":"Regen Potion"}],"is_trial":false,"path_per_floor":["M","?","?","?","$","R","E","R","T","R","M","R","M","M","R","B"],"character_chosen":"DEFECT","items_purchased":["Coolheaded","MealTicket"],"campfire_rested":0,"item_purchase_floors":[5,5],"current_hp_per_floor":[75,64,49,42,42,42,42,42,42,42,42,42,41,38,38,21,21],"gold":94,"neow_bonus":"THREE_ENEMY_KILL","is_daily":false,"chose_seed":false,"campfire_upgraded":5,"win_rate":0.0,"timestamp":1609726736,"path_taken":["M","?","?","?","$","R","E","R","T","R","M","R","M","?","R","BOSS"],"items_purchased_type":["Card","Relic"],"build_version":"2020-12-22","purchased_purges":0,"victory":false,"max_hp_per_floor":[75,75,75,75,75,75,75,75,75,75,75,75,75,75,75,75,75],"card_choices":[{"not_picked":["Rebound","Go for the Eyes"],"picked":"Auto Shields","floor":1},{"not_picked":["Compile Driver","Melter"],"picked":"Rebound","floor":7},{"not_picked":["Streamline","Turbo"],"picked":"Double Energy","floor":11},{"not_picked":["Compile Driver","Recycle"],"picked":"Loop","floor":13},{"not_picked":["Static Discharge","Steam"],"picked":"Defragment","floor":14}],"player_experience":177923,"relics_obtained":[{"floor":7,"key":"infinitespire:BottledMercury"},{"floor":9,"key":"hubris:Metronome"}],"event_choices":[{"damage_healed":0,"gold_gain":75,"player_choice":"Gather Gold","damage_taken":11,"max_hp_gain":0,"max_hp_loss":0,"event_name":"World of Goop","floor":2,"gold_loss":0},{"damage_healed":0,"gold_gain":0,"player_choice":"Entered Light","damage_taken":15,"max_hp_gain":0,"max_hp_loss":0,"event_name":"Shining Light","floor":3,"gold_loss":0,"cards_upgraded":["Defend_B","Defend_B"]},{"cards_removed":["Strike_B"],"damage_healed":0,"gold_gain":0,"player_choice":"Card Removal","damage_taken":7,"max_hp_gain":0,"max_hp_loss":0,"event_name":"Golden Wing","floor":4,"gold_loss":0}],"is_beta":false,"boss_relics":[],"items_purged_floors":[],"is_endless":false,"potions_floor_spawned":[1,7,11],"killed_by":"Slime Boss","ascension_level":1}}