{"host":"wppa8gky53tnknhf","time":1609793665,"event":{"mods":["AchievementEnabler","Act Like it!","BaseMod","Beaked The Cultist","Better Third Choice","BetterRewards","Card Forge","Colored Powertips","Energized Spire","Hubris","Infinite Spire","Marked Mod","Minty Spire (QoL Compilation)","Permanent Neow","Quick Restart","Rare Cards Sparkle","Relic Stats","Remove Card Discount Mod","Replay The Spire","Spikes Relics","Spire Birthday Party","StSLib"],"gold_per_floor":[109,109,119,132,132,158,158,188,211,211,223,234,267,283,283,381,381,401,420,420,440,456,487,487,518,600,699,699,699,714,739,739,839,839,859,614,630,644,644,644,675,725,799,799,607,625,653,664,664,664,664,664,454,489,489,489],"floor_reached":55,"playtime":2600,"items_purged":[],"score":945,"play_id":"edfef017-c7d8-4fdc-a7f7-3d890331d71a","local_time":"20210104205425","is_ascension_mode":true,"campfire_choices":[{"floor":10.0,"key":"RECALL"},{"floor":15.0,"key":"REST"},{"floor":28.0,"key":"REST"},{"floor":32.0,"key":"REST"},{"data":"1","floor":40.0,"key":"LIFT"},{"data":"2","floor":44.0,"key":"LIFT"},{"data":"3","floor":49.0,"key":"LIFT"},{"floor":52.0,"key":"REST"}],"circlet_count":0,"master_deck":["beaked:Strike_Y+1","beaked:Strike_Y+1","beaked:Strike_Y+1","beaked:Strike_Y+1","beaked:Strike_Y+1","beaked:Strike_Y+1","beaked:Defend_Y+1","beaked:Defend_Y+1","beaked:Defend_Y+1","beaked:Defend_Y+1","beaked:Ceremony+1","beaked:Ceremony+1","beaked:Ceremony+1","beaked:AwakenedForm+1","beaked:Evade+1","beaked:Foresight+1","beaked:DesperateSwing+1","beaked:KnowThyFoe+1","beaked:Foresight+1","beaked:BloodRitual+1","beaked:Evade+1","beaked:ScreechingChant+1","beaked:DigDeep+1","beaked:MimicHuntress+1","beaked:BraceForImpact+1","beaked:BraceForImpact+1","Magnetism+1","beaked:RitualOfBody+1","infinitespire:Punishment+1","beaked:BraceForImpact+1","beaked:BloodRitual+1","beaked:Brace+1"],"relics":["beaked:MendingPlumage","Hammer of Thor","Seething Fire","Anvil of the Gods","Ancient Tea Set","Juzu Bracelet","Garlic","hubris:CrackedHourglass","infinitespire:Golems Mask","Girya","Matryoshka","Durian","Membership Card","CaptainsWheel","infinitespire:EmpoweringShard","Molten Egg 2","infinitespire:Bottled Soul","FossilizedHelix","Boot","HandDrill","Oddly Smooth Stone","Akabeko"],"acts_visited":["Exordium","TheCity","TheBeyond","TheEnding"],"potions_floor_usage":[54],"damage_taken":[{"damage":0.0,"enemies":"Jaw Worm","floor":1.0,"turns":3.0},{"damage":0.0,"enemies":"Small Slimes","floor":3.0,"turns":4.0},{"damage":0.0,"enemies":"2 Louse","floor":4.0,"turns":3.0},{"damage":12.0,"enemies":"Lagavulin","floor":6.0,"turns":7.0},{"damage":11.0,"enemies":"3 Sentries","floor":8.0,"turns":8.0},{"damage":2.0,"enemies":"Looter","floor":11.0,"turns":4.0},{"damage":2.0,"enemies":"2 Fungi Beasts","floor":12.0,"turns":6.0},{"damage":40.0,"enemies":"Gremlin Nob","floor":13.0,"turns":6.0},{"damage":15.0,"enemies":"Lots of Slimes","floor":14.0,"turns":5.0},{"damage":24.0,"enemies":"Fading Forest","floor":16.0,"turns":11.0},{"damage":42.0,"enemies":"Chosen","floor":18.0,"turns":7.0},{"damage":25.0,"enemies":"Shell Parasite","floor":19.0,"turns":6.0},{"damage":42.0,"enemies":"Snake Plant","floor":21.0,"turns":7.0},{"damage":53.0,"enemies":"Centurion and Healer","floor":22.0,"turns":8.0},{"damage":80.0,"enemies":"Book of Stabbing","floor":23.0,"turns":8.0},{"damage":35.0,"enemies":"Slavers","floor":25.0,"turns":5.0},{"damage":44.0,"enemies":"Book of Stabbing","floor":29.0,"turns":7.0},{"damage":10.0,"enemies":"Shelled Parasite and Fungi","floor":30.0,"turns":4.0},{"damage":22.0,"enemies":"Slavers","floor":31.0,"turns":5.0},{"damage":53.0,"enemies":"Automaton","floor":33.0,"turns":7.0},{"damage":43.0,"enemies":"3 Darklings","floor":35.0,"turns":8.0},{"damage":5.0,"enemies":"3 Shapes","floor":37.0,"turns":11.0},{"damage":17.0,"enemies":"Maw","floor":38.0,"turns":7.0},{"damage":16.0,"enemies":"Giant Head","floor":41.0,"turns":8.0},{"damage":53.0,"enemies":"2 Orb Walkers","floor":42.0,"turns":5.0},{"damage":16.0,"enemies":"Jaw Worm Horde","floor":46.0,"turns":5.0},{"damage":36.0,"enemies":"beaked:SuperParasite","floor":47.0,"turns":8.0},{"damage":12.0,"enemies":"Sphere and 2 Shapes","floor":48.0,"turns":6.0},{"damage":46.0,"enemies":"infinitespire:MassOfShapes","floor":50.0,"turns":10.0},{"damage":51,"enemies":"Shield and Spear","floor":54,"turns":7},{"damage":76,"enemies":"The Heart","floor":55,"turns":6}],"seed_played":"-8271393312394764686","potions_obtained":[{"floor":1.0,"key":"LiquidMemories"},{"floor":3.0,"key":"AttackPotion"},{"floor":11.0,"key":"Block Potion"},{"floor":12.0,"key":"Fruit Juice"},{"floor":16.0,"key":"Venom Potion"},{"floor":18.0,"key":"SmokeBomb"},{"floor":23.0,"key":"Toxic Potion"},{"floor":33.0,"key":"BlessingOfTheForge"},{"floor":37.0,"key":"PowerPotion"},{"floor":46.0,"key":"Ancient Potion"}],"is_trial":false,"path_per_floor":["M","?","M","M","?","E","$","E","T","R","M","M","E","M","R","B",null,"M","M","?","M","M","E","?","E","T","?","R","E","M","E","R","B",null,"M","$","M","M","AVR","R","E","?","T","R","$","M","E","M","R","B",null,"R","$","E","B"],"character_chosen":"BEAKED_THE_CULTIST","items_purchased":["Membership Card","Magnetism","FossilizedHelix","Ancient Potion","HandDrill","Oddly Smooth Stone","beaked:BloodRitual","PowerPotion"],"campfire_rested":4,"item_purchase_floors":[36,36,45,45,53,53,53,53],"current_hp_per_floor":[50,50,50,50,50,48,48,50,50,50,50,55,36,39,55,55,55,29,41,41,55,45,20,11,3,3,3,21,14,23,35,54,33,65,52,52,65,64,64,64,65,30,30,30,30,50,47,65,65,65,65,65,65,51,0,0],"gold":489,"neow_bonus":"THREE_RARE_CARDS","is_daily":false,"chose_seed":false,"campfire_upgraded":0,"win_rate":0.0,"timestamp":1609793665,"path_taken":["M","?","M","M","?","E","$","E","T","R","M","M","E","M","R","BOSS","M","M","?","M","M","E","?","E","T","?","R","E","M","E","R","BOSS","M","$","M","M","AVR","R","E","?","T","R","$","M","E","M","R","BOSS","R","$","E","BOSS"],"items_purchased_type":["Relic","Card","Relic","Potion","Relic","Relic","Card","Potion"],"build_version":"2020-12-22","purchased_purges":0,"victory":false,"max_hp_per_floor":[50,50,50,50,50,50,50,50,50,50,50,55,55,55,55,55,55,55,55,55,55,55,55,60,60,60,60,60,60,60,65,65,65,65,65,65,65,65,65,65,65,65,65,65,65,65,65,65,65,65,65,65,65,65,65,65],"relic_stats":{"counters":[31,201],"Juzu Bracelet":0,"HandDrill":[2],"Boot":[10],"obtain_stats":[{"Girya":25,"Oddly Smooth Stone":53,"Hammer of Thor":0,"Juzu Bracelet":8,"Seething Fire":0,"Ancient Tea Set":6,"Boot":47,"Akabeko":54,"CaptainsWheel":39,"Matryoshka":26,"Anvil of the Gods":0,"infinitespire:Bottled Soul":43,"infinitespire:Golems Mask":23,"Molten Egg 2":43,"Garlic":13,"Durian":31,"infinitespire:EmpoweringShard":41,"HandDrill":53,"Membership Card":36,"beaked:MendingPlumage":0,"hubris:CrackedHourglass":17,"FossilizedHelix":45},{"Girya":16,"Oddly Smooth Stone":29,"Hammer of Thor":0,"Juzu Bracelet":5,"Seething Fire":0,"Ancient Tea Set":4,"Boot":27,"Akabeko":30,"CaptainsWheel":23,"Matryoshka":16,"Anvil of the Gods":0,"infinitespire:Bottled Soul":25,"infinitespire:Golems Mask":15,"Molten Egg 2":25,"Garlic":8,"Durian":19,"infinitespire:EmpoweringShard":24,"HandDrill":29,"Membership Card":21,"beaked:MendingPlumage":0,"hubris:CrackedHourglass":10,"FossilizedHelix":25},{"Girya":98,"Oddly Smooth Stone":188,"Hammer of Thor":0,"Juzu Bracelet":25,"Seething Fire":0,"Ancient Tea Set":17,"Boot":172,"Akabeko":195,"CaptainsWheel":146,"Matryoshka":98,"Anvil of the Gods":0,"infinitespire:Bottled Soul":159,"infinitespire:Golems Mask":93,"Molten Egg 2":159,"Garlic":41,"Durian":114,"infinitespire:EmpoweringShard":154,"HandDrill":188,"Membership Card":129,"beaked:MendingPlumage":0,"hubris:CrackedHourglass":57,"FossilizedHelix":159}]},"card_choices":[{"not_picked":["beaked:Caw","beaked:LiftOff"],"picked":"beaked:AwakenedForm","floor":0.0},{"not_picked":["beaked:CursingBlood","beaked:Flinch"],"picked":"beaked:Evade","floor":1.0},{"not_picked":["beaked:Tradeoff","beaked:RitualOfBody","ReplayTheSpireMod:Prepare the Ceremony"],"picked":"SKIP","floor":3.0},{"not_picked":["beaked:CursingBlood","beaked:Mantra"],"picked":"beaked:Foresight","floor":4.0},{"not_picked":["beaked:FeelMyPain","beaked:WarriorEssence"],"picked":"beaked:DesperateSwing","floor":6.0},{"not_picked":["beaked:Resilience","beaked:WarriorEssence"],"picked":"beaked:KnowThyFoe","floor":8.0},{"not_picked":["beaked:Brace","beaked:SacrificialAttack"],"picked":"beaked:Foresight","floor":11.0},{"not_picked":["beaked:Overpower","beaked:WarriorEssence"],"picked":"beaked:BloodRitual","floor":12.0},{"not_picked":["beaked:CursingBlood","beaked:Pecker","beaked:SacrificialDive"],"picked":"SKIP","floor":13.0},{"not_picked":["beaked:SurvivalInstinct","beaked:CursingBlood"],"picked":"beaked:Evade","floor":14.0},{"not_picked":["beaked:Brainwash","beaked:LiftOff"],"picked":"beaked:ScreechingChant","floor":16.0},{"not_picked":["beaked:CrazyRituals","beaked:MaddeningMurmurs"],"picked":"beaked:DigDeep+1","floor":18.0},{"not_picked":["beaked:CursingBlood","beaked:Resilience+1","beaked:WarriorEssence+1"],"picked":"SKIP","floor":19.0},{"not_picked":["beaked:Redirect","beaked:Evade","beaked:DigDeeper+1"],"picked":"SKIP","floor":21.0},{"not_picked":["beaked:Evade","beaked:MachineSpirit","beaked:Flinch"],"picked":"SKIP","floor":22.0},{"not_picked":["beaked:Overexert","beaked:Overpower","beaked:Brainwash"],"picked":"SKIP","floor":23.0},{"not_picked":["beaked:BarbedWire","beaked:SacrificialAttack+1"],"picked":"beaked:BraceForImpact","floor":25.0},{"not_picked":["beaked:FeelMyPain","beaked:Insight+1"],"picked":"beaked:BraceForImpact+1","floor":30.0},{"not_picked":["beaked:WarriorEssence","beaked:Resilience","beaked:SacrificialDive+1"],"picked":"SKIP","floor":31.0},{"not_picked":["beaked:Evade+1","ReplayTheSpireMod:Prepare the Ceremony+1","beaked:Recite"],"picked":"SKIP","floor":35.0},{"not_picked":["beaked:MaddeningMurmurs","beaked:Poke+1"],"picked":"beaked:RitualOfBody+1","floor":37.0},{"not_picked":["beaked:Evade+1","beaked:Windmill","beaked:Redirect+1"],"picked":"SKIP","floor":38.0},{"not_picked":["ReplayTheSpireMod:Owlgaze","beaked:Cower","beaked:Insight"],"picked":"SKIP","floor":41.0},{"not_picked":["beaked:WindBringer+1","beaked:MaddeningMurmurs+1","beaked:Overexert"],"picked":"SKIP","floor":46.0},{"not_picked":["beaked:DarkPact","beaked:Poke+1"],"picked":"beaked:BraceForImpact+1","floor":47.0},{"not_picked":["beaked:FeelMyPain","beaked:Struggle+1","beaked:Brace+1"],"picked":"SKIP","floor":48.0},{"not_picked":["beaked:SacrificialDive+1","beaked:StunningBlow+1"],"picked":"beaked:Brace+1","floor":54}],"player_experience":751939,"relics_obtained":[{"floor":6.0,"key":"Ancient Tea Set"},{"floor":8.0,"key":"Juzu Bracelet"},{"floor":13.0,"key":"Garlic"},{"floor":23.0,"key":"infinitespire:Golems Mask"},{"floor":25.0,"key":"Girya"},{"floor":26.0,"key":"Matryoshka"},{"floor":31.0,"key":"Durian"},{"floor":41.0,"key":"infinitespire:EmpoweringShard"},{"floor":43.0,"key":"Molten Egg 2"},{"floor":43.0,"key":"infinitespire:Bottled Soul"},{"floor":47.0,"key":"Boot"},{"floor":54,"key":"Akabeko"}],"event_choices":[{"damage_healed":0.0,"max_hp_gain":0.0,"max_hp_loss":0.0,"gold_gain":0.0,"event_name":"Living Wall","player_choice":"Grow","floor":5.0,"gold_loss":0.0,"damage_taken":0.0,"cards_upgraded":["beaked:Foresight"]},{"damage_healed":0.0,"max_hp_gain":5.0,"max_hp_loss":0.0,"gold_gain":0.0,"event_name":"Forgotten Altar","player_choice":"Shed Blood","floor":24.0,"gold_loss":0.0,"damage_taken":14.0},{"damage_healed":0.0,"max_hp_gain":0.0,"max_hp_loss":0.0,"gold_gain":99.0,"event_name":"betterThird:BetterNest","player_choice":"Steal","floor":27.0,"gold_loss":0.0,"damage_taken":0.0},{"damage_healed":0.0,"max_hp_gain":0.0,"max_hp_loss":0.0,"gold_gain":0.0,"event_name":"Mysterious Sphere","player_choice":"Fight","floor":42.0,"gold_loss":0.0,"damage_taken":0.0}],"is_beta":false,"boss_relics":[{"not_picked":["Abe\u0027s Treasure","beaked:SacrificeDoll"],"picked":"hubris:CrackedHourglass"},{"not_picked":["infinitespire:Cupcake","hubris:TerracottaHorce","energizedSpire:SpiderWeb"]}],"items_purged_floors":[],"is_endless":false,"potions_floor_spawned":[1,3,11,12,16,18,23,33,37,46,47],"killed_by":"The Heart","ascension_level":1}}