{"host":"c3lc60y5x60jlt1y","time":1609771731,"event":{"mods":["AchievementEnabler","BaseMod","Bestiary","Colored Map","Minty Spire (QoL Compilation)","Quick Restart","StSLib","ojb\u0027s Info Mod"],"gold_per_floor":[412,72,72,72,91,91,105,120,168,168,168],"floor_reached":10,"playtime":412,"items_purged":["Regret"],"score":116,"play_id":"97dff4b7-04e2-4fca-9710-1b8260ea4d07","local_time":"20210104164851","is_ascension_mode":true,"campfire_choices":[{"data":"Blade Dance","floor":6,"key":"SMITH"}],"circlet_count":0,"master_deck":["AscendersBane","Strike_G","Strike_G","Strike_G","Strike_G","Defend_G","Defend_G","Defend_G","Defend_G","Defend_G","Survivor","Neutralize","Tactician","Blade Dance+1","Backstab","Acrobatics"],"relics":["Ring of the Snake","Old Coin","Question Card","Centennial Puzzle","Nunchaku"],"acts_visited":[],"potions_floor_usage":[10,10],"damage_taken":[{"damage":9,"enemies":"Small Slimes","floor":1,"turns":4},{"damage":5,"enemies":"2 Louse","floor":5,"turns":4},{"damage":2,"enemies":"Cultist","floor":7,"turns":5},{"damage":4,"enemies":"Exordium Wildlife","floor":8,"turns":3},{"damage":39,"enemies":"Lagavulin","floor":10,"turns":6}],"seed_played":"-5963490936177591572","potions_obtained":[{"floor":7,"key":"SteroidPotion"},{"floor":8,"key":"AttackPotion"}],"is_trial":false,"path_per_floor":["M","$","?","?","M","R","M","M","T","E"],"character_chosen":"THE_SILENT","items_purchased":["Question Card"],"campfire_rested":0,"item_purchase_floors":[2],"current_hp_per_floor":[50,50,39,39,34,34,32,28,28,0,0],"gold":168,"neow_bonus":"ONE_RARE_RELIC","is_daily":false,"chose_seed":false,"campfire_upgraded":1,"win_rate":0.0,"timestamp":1609771731,"path_taken":["M","$","?","?","M","R","M","M","T","E"],"items_purchased_type":["Relic"],"build_version":"2020-12-22","purchased_purges":1,"victory":false,"max_hp_per_floor":[66,66,66,66,66,66,66,66,66,66,66],"card_choices":[{"not_picked":["Expertise","Heel Hook"],"picked":"Tactician","floor":1},{"not_picked":["Flechettes","Dodge and Roll","Prepared"],"picked":"Blade Dance","floor":5},{"not_picked":["Deadly Poison","Deflect","Outmaneuver"],"picked":"Backstab","floor":7},{"not_picked":["Cloak And Dagger","Poisoned Stab","Quick Slash"],"picked":"Acrobatics","floor":8}],"player_experience":7488957,"relics_obtained":[{"floor":9,"key":"Nunchaku"}],"event_choices":[{"damage_healed":0,"gold_gain":0,"player_choice":"Success","damage_taken":11,"relics_obtained":["Centennial Puzzle"],"max_hp_gain":0,"max_hp_loss":0,"event_name":"Scrap Ooze","floor":3,"gold_loss":0},{"cards_removed":["Strike_G"],"damage_healed":0,"gold_gain":0,"player_choice":"Offered Basic","damage_taken":0,"max_hp_gain":0,"max_hp_loss":0,"event_name":"Bonfire Elementals","floor":4,"gold_loss":0}],"is_beta":false,"boss_relics":[],"items_purged_floors":[2],"is_endless":false,"potions_floor_spawned":[7,8],"killed_by":"Lagavulin","ascension_level":20}}