{"host":"waq1ashgqt0tulkv","time":1609747120,"event":{"mods":["Aspiration","BaseMod","BetterRewards","Colored Powertips","Conspire","Downfall","Duelist Mod","Hermit","Hubris","Infinite Spire","Minty Spire (QoL Compilation)","Quick Restart","Rare Cards Sparkle","Replay The Spire","StSLib","SuperFastMode","The Animator","The Bug Knight","The Construct","The Cursed","The Disciple","The Hierophant","The Necromancer","The Runesmith","The Servant 0.9.4","egg"],"gold_per_floor":[117,140,160,160,175,175,175,201,252,102,102,132,132,148,148,251,251,261,261,261,284,284,284,310,310,310,310,310,321,339,355,355,372,372,470,470,519,154,174,74,89,89,110,145,168,168,199,225,225,225,225,225],"floor_reached":53,"playtime":1611,"items_purged":["ReplayTheSpireMod:Splinters","True Grit"],"score":965,"play_id":"824328bf-5d5c-4da9-86cf-010247679714","local_time":"20210104005840","is_ascension_mode":false,"campfire_choices":[{"data":"1","floor":6.0,"key":"LIFT"},{"data":"2","floor":11.0,"key":"LIFT"},{"floor":13.0,"key":"REST"},{"data":"3","floor":15.0,"key":"LIFT"},{"data":"Hemokinesis","floor":23,"key":"SMITH"},{"data":"Bash","floor":25,"key":"SMITH"},{"data":"Limit Break","floor":42,"key":"SMITH"},{"data":"Flex","floor":46,"key":"SMITH"},{"floor":51,"key":"REST"}],"circlet_count":0,"master_deck":["Strike_R","Strike_R","Strike_R","Strike_R","Strike_R","Defend_R","Defend_R","Defend_R","Defend_R","Bash+1","Defend_R","animator:Defend_Elsword","Hemokinesis+1","conspire:Charge+1","Armaments","Injury","Pommel Strike+1","Carnage+1","Run Through+1","Feed+1","Sword Boomerang+1","ReplayTheSpireMod:LeadingStrike+1","Clothesline+1","Flex+1","Flex+1","Limit Break+1","Heavy Blade+1","Thunderclap+1"],"relics":["Burning Blood","Girya","infinitespire:Golems Mask","Molten Egg 2","ReplayTheSpireMod:TigerMarble","Strawberry","Medical Kit","Bag of Marbles","hubris:Backtick","Vajra","Replay:Mystery Machine","aspiration:AnachronicSnailShell","Quantum Egg","Letter Opener","Sozu","infinitespire:EvilPickle","aspiration:PoetsPen_weak","hubris:MysteriousPyramids","aspiration:TomeofQuesting","PreservedInsect","hubris:IronBody"],"acts_visited":["Exordium","TheCity","TheBeyond"],"potions_floor_usage":[35,35],"damage_taken":[{"damage":12.0,"enemies":"Cultist","floor":1.0,"turns":5.0},{"damage":6.0,"enemies":"Jaw Worm","floor":3.0,"turns":3.0},{"damage":0.0,"enemies":"Small Slimes","floor":5.0,"turns":3.0},{"damage":35.0,"enemies":"3 Sentries","floor":8.0,"turns":7.0},{"damage":23.0,"enemies":"Lagavulin","floor":12.0,"turns":5.0},{"damage":0.0,"enemies":"3 Louse","floor":14.0,"turns":2.0},{"damage":21.0,"enemies":"Fading Forest","floor":16.0,"turns":11.0},{"damage":5,"enemies":"Chosen","floor":18,"turns":2},{"damage":2,"enemies":"conspire:Head Lice","floor":24,"turns":4},{"damage":5,"enemies":"Spheric Guardian","floor":29,"turns":3},{"damage":2,"enemies":"Snecko","floor":30,"turns":2},{"damage":0,"enemies":"Sentry and Sphere","floor":31,"turns":3},{"damage":9,"enemies":"conspire:HollyBat","floor":33,"turns":7},{"damage":71,"enemies":"Pondfish","floor":35,"turns":9},{"damage":2,"enemies":"3 Shapes","floor":37,"turns":1},{"damage":2,"enemies":"3 Darklings","floor":39,"turns":2},{"damage":0,"enemies":"Jaw Worm Horde","floor":41,"turns":1},{"damage":0,"enemies":"Spire Growth","floor":43,"turns":1},{"damage":13,"enemies":"R_Hoarder","floor":44,"turns":3},{"damage":2,"enemies":"3 Darklings","floor":47,"turns":2},{"damage":15,"enemies":"Sphere and 2 Shapes","floor":48,"turns":1},{"damage":26,"enemies":"hubris:GrandSnecko","floor":52,"turns":5}],"seed_played":"4715352935637163981","potions_obtained":[{"floor":16.0,"key":"Regen Potion"},{"floor":30,"key":"Fire Potion"}],"is_trial":false,"path_per_floor":["M","?","M","?","M","R","?","E","T","$","R","E","R","M","R","B",null,"M","?","?","T","?","R","E","R","T","PTL","PTL","M","M","M","AVR","M","R","B",null,"M","$","M","$","M","R","M","E","T","R","M","M","$","?","R","B",null],"character_chosen":"IRONCLAD","items_purchased":["Medical Kit","Heavy Blade+1","hubris:MysteriousPyramids","hubris:IronBody"],"campfire_rested":2,"item_purchase_floors":[10,38,38,49],"current_hp_per_floor":[74,74,74,74,80,80,80,51,58,58,58,41,67,73,73,68,87,87,87,87,87,87,87,87,87,87,87,87,87,87,91,91,88,91,41,91,95,95,99,99,99,99,99,92,92,92,96,91,75,75,103,83],"gold":225,"neow_bonus":"ONE_RARE_RELIC","is_daily":false,"chose_seed":false,"campfire_upgraded":4,"win_rate":0.0,"timestamp":1609747120,"path_taken":["M","?","?","?","M","R","?","E","T","$","R","E","R","M","R","BOSS","M","?","?","?","?","R","E","R","T","PTL","PTL","M","M","?","AVR","M","R","BOSS","M","?","M","$","M","R","M","E","T","R","?","?","?","?","R","BOSS"],"items_purchased_type":["Relic","Card","Relic","Relic"],"build_version":"2020-12-13","purchased_purges":2,"victory":true,"max_hp_per_floor":[80,80,80,80,80,80,80,80,87,87,87,87,87,87,87,87,87,87,87,87,87,87,87,87,87,87,87,87,87,87,91,91,91,91,91,91,95,95,99,99,99,99,99,99,99,99,99,103,103,103,103,103],"card_choices":[{"not_picked":["True Grit","Massacre"],"picked":"Hemokinesis","floor":1.0},{"not_picked":["Sever Soul","Run Through"],"picked":"conspire:Charge","floor":2.0},{"not_picked":["Replay:Undeath\u0027s Touch","Seeing Red"],"picked":"Armaments","floor":3.0},{"not_picked":["Clash+1","Twin Strike+1"],"picked":"Pommel Strike+1","floor":5.0},{"not_picked":["Sever Soul+1","Anger+1"],"picked":"Carnage+1","floor":8.0},{"not_picked":["Perfected Strike+1","Feel No Pain"],"picked":"Run Through+1","floor":12.0},{"not_picked":["Second Wind","Dark Embrace","Blood for Blood+1"],"picked":"SKIP","floor":14.0},{"not_picked":["conspire:Purge","Juggernaut"],"picked":"Feed+1","floor":16.0},{"not_picked":["infinitespire:OneForAll+1","Headbutt+1"],"picked":"Sword Boomerang+1","floor":18},{"not_picked":["Warcry+1","Sword Boomerang+1"],"picked":"ReplayTheSpireMod:LeadingStrike+1","floor":24},{"not_picked":["Body Slam+1","Life Link"],"picked":"Clothesline+1","floor":29},{"not_picked":["Flame Barrier","True Grit","Headbutt+1"],"picked":"SKIP","floor":30},{"not_picked":["Perfected Strike+1","Sword Boomerang+1"],"picked":"Flex","floor":31},{"not_picked":["ReplayTheSpireMod:LeadingStrike+1","Iron Wave+1"],"picked":"Flex+1","floor":33},{"not_picked":["Double Tap","Corruption"],"picked":"Limit Break","floor":35},{"not_picked":["Run Through+1","Iron Wave+1"],"picked":"True Grit","floor":37},{"not_picked":["ReplayTheSpireMod:Strike From Hell+1","Flex+1"],"picked":"Thunderclap+1","floor":39},{"not_picked":["Run Through+1","Power Through+1","Blood for Blood+1"],"picked":"SKIP","floor":41},{"not_picked":["Thunderclap+1","Clothesline+1"],"picked":"Massacre+1","floor":43},{"not_picked":["Demon Form","True Grit","Anger+1"],"picked":"SKIP","floor":44},{"not_picked":["Armaments+1","Uppercut+1","Body Slam+1"],"picked":"SKIP","floor":47},{"not_picked":["Iron Wave+1","ReplayTheSpireMod:Strike From Hell+1","ReplayTheSpireMod:Limb From Limb+1"],"picked":"SKIP","floor":48}],"player_experience":33430,"relics_obtained":[{"floor":2.0,"key":"infinitespire:Golems Mask"},{"floor":8.0,"key":"ReplayTheSpireMod:TigerMarble"},{"floor":9.0,"key":"Strawberry"},{"floor":12.0,"key":"Bag of Marbles"},{"floor":21,"key":"Replay:Mystery Machine"},{"floor":24,"key":"aspiration:AnachronicSnailShell"},{"floor":26,"key":"Quantum Egg"},{"floor":44,"key":"aspiration:TomeofQuesting"},{"floor":45,"key":"PreservedInsect"}],"event_choices":[{"cards_removed":["Massacre"],"damage_healed":0,"gold_gain":0,"player_choice":"Removed Attack","damage_taken":0,"max_hp_gain":0,"max_hp_loss":0,"event_name":"Falling","floor":50,"gold_loss":0}],"is_beta":false,"boss_relics":[{"not_picked":["Honey Jar","hubris:GrandSneckoEye"],"picked":"hubris:Backtick"},{"not_picked":["SlaversCollar","ReplayTheSpireMod:DimensionalGlitch"],"picked":"aspiration:PoetsPen_weak"}],"items_purged_floors":[38,40],"is_endless":false,"potions_floor_spawned":[14,16,30,33,41,43,48],"ascension_level":0}}