{"host":"foq4mrde4mssg7vt","time":1609771621,"event":{"mods":["AchievementEnabler","BaseMod","Colored Map","Colored Powertips","Highlight Path","Minty Spire (QoL Compilation)","Relic Stats","everything is the same but u backflip on backflip"],"gold_per_floor":[109,159,173,192,209,209,226,226,226,241,267,118,118,134,134,205,205,225,225,225,23,41,41,55,55,55],"floor_reached":25,"playtime":789,"items_purged":["Strike_B","Strike_B"],"score":359,"play_id":"bdf5cf14-ff95-4d5e-ba44-e8283c5ffe50","local_time":"20210104224701","is_ascension_mode":true,"campfire_choices":[{"floor":6.0,"key":"REST"},{"data":"Streamline","floor":8.0,"key":"SMITH"},{"data":"Static Discharge","floor":15,"key":"SMITH"},{"floor":23,"key":"REST"}],"circlet_count":0,"master_deck":["AscendersBane","Strike_B","Strike_B","Defend_B","Defend_B","Defend_B","Defend_B","Zap","Dualcast","Streamline+1","Ball Lightning","Melter","Static Discharge+1","Fission+1","Hologram","Cold Snap","Fission","Go for the Eyes","RitualDagger","Coolheaded","Loop","Chill","Redo"],"relics":["Black Star","Matryoshka","Ornamental Fan","SacredBark"],"acts_visited":["Exordium","TheCity"],"potions_floor_usage":[11,22,25],"damage_taken":[{"damage":6.0,"enemies":"2 Louse","floor":1.0,"turns":4.0},{"damage":6.0,"enemies":"Cultist","floor":3.0,"turns":4.0},{"damage":11.0,"enemies":"Jaw Worm","floor":4.0,"turns":4.0},{"damage":17.0,"enemies":"3 Louse","floor":5.0,"turns":3.0},{"damage":9.0,"enemies":"Blue Slaver","floor":7.0,"turns":4.0},{"damage":0,"enemies":"Large Slime","floor":10,"turns":5},{"damage":25,"enemies":"3 Sentries","floor":11,"turns":5},{"damage":11,"enemies":"Looter","floor":14,"turns":2},{"damage":11,"enemies":"Hexaghost","floor":16,"turns":7},{"damage":36,"enemies":"Shell Parasite","floor":18,"turns":4},{"damage":14,"enemies":"3 Byrds","floor":22,"turns":4},{"damage":30,"enemies":"Cultist and Chosen","floor":24,"turns":6},{"damage":8,"enemies":"Shelled Parasite and Fungi","floor":25,"turns":2}],"seed_played":"-5380594638091898796","potions_obtained":[{"floor":1.0,"key":"Fire Potion"},{"floor":11,"key":"FairyPotion"},{"floor":16,"key":"Explosive Potion"}],"is_trial":false,"path_per_floor":["M","?","M","M","M","R","M","R","T","M","E","$","?","M","R","B",null,"M","?","?","$","M","R","M","M"],"character_chosen":"DEFECT","items_purchased":["Hologram","Energy Potion","Coolheaded","Loop"],"campfire_rested":2,"item_purchase_floors":[12,12,21,21],"current_hp_per_floor":[58,58,52,41,24,45,36,36,36,36,11,11,11,21,21,10,56,20,14,28,28,14,35,5,0,0],"gold":55,"neow_bonus":"BOSS_RELIC","is_daily":false,"chose_seed":false,"campfire_upgraded":2,"win_rate":0.0,"timestamp":1609771621,"path_taken":["M","?","M","M","M","R","M","R","T","?","E","$","?","M","R","BOSS","M","?","?","$","M","R","M","M"],"items_purchased_type":["Card","Potion","Card","Card"],"build_version":"2020-12-22","purchased_purges":2,"victory":false,"max_hp_per_floor":[71,71,71,71,71,71,71,71,71,71,71,71,71,71,71,71,71,71,71,71,71,71,71,71,71,71],"relic_stats":{"counters":[13,54],"Ornamental Fan":[28],"Black Star":1,"obtain_stats":[{"Matryoshka":11,"Ornamental Fan":11,"SacredBark":17,"Black Star":0,"Cracked Core":0},{"Matryoshka":7,"Ornamental Fan":7,"SacredBark":9,"Black Star":0,"Cracked Core":0},{"Matryoshka":29,"Ornamental Fan":29,"SacredBark":38,"Black Star":0,"Cracked Core":0}]},"card_choices":[{"not_picked":["Defragment","Turbo"],"picked":"Streamline","floor":1.0},{"not_picked":["Steam","Rebound"],"picked":"Ball Lightning","floor":3.0},{"not_picked":["White Noise","Blizzard","Steam"],"picked":"SKIP","floor":4.0},{"not_picked":["Steam","Skim"],"picked":"Melter","floor":5.0},{"not_picked":["Conserve Battery","Barrage"],"picked":"Static Discharge","floor":7.0},{"not_picked":["Skim","Streamline","Blizzard"],"picked":"SKIP","floor":10},{"not_picked":["Doom and Gloom","Streamline"],"picked":"Fission","floor":11},{"not_picked":["Compile Driver","Sweeping Beam"],"picked":"Cold Snap","floor":14},{"not_picked":["Creative AI","Hyperbeam"],"picked":"Fission","floor":16},{"not_picked":["Coolheaded","FTL"],"picked":"Go for the Eyes","floor":18},{"not_picked":["Compile Driver","Rebound"],"picked":"Chill","floor":22},{"not_picked":["Ball Lightning","Aggregate"],"picked":"Redo","floor":24}],"player_experience":393365,"relics_obtained":[{"floor":11,"key":"Matryoshka"},{"floor":11,"key":"Ornamental Fan"}],"event_choices":[{"damage_healed":0.0,"max_hp_gain":0.0,"max_hp_loss":0.0,"gold_gain":50.0,"event_name":"Golden Shrine","player_choice":"Pray","floor":2.0,"gold_loss":0.0,"damage_taken":0.0},{"damage_healed":0,"gold_gain":0,"player_choice":"Grow","damage_taken":0,"max_hp_gain":0,"max_hp_loss":0,"event_name":"Living Wall","floor":13,"gold_loss":0,"cards_upgraded":["Fission"]},{"damage_healed":0,"gold_gain":0,"player_choice":"Joined the Cult","damage_taken":6,"max_hp_gain":0,"max_hp_loss":0,"event_name":"Nest","floor":19,"gold_loss":0,"cards_obtained":["RitualDagger"]},{"damage_healed":14,"gold_gain":0,"player_choice":"Heal","damage_taken":0,"max_hp_gain":0,"max_hp_loss":0,"event_name":"The Library","floor":20,"gold_loss":0}],"is_beta":false,"boss_relics":[{"not_picked":["Empty Cage","Coffee Dripper"],"picked":"SacredBark"}],"items_purged_floors":[12,21],"is_endless":false,"potions_floor_spawned":[1,11,16,18],"killed_by":"Shelled Parasite and Fungi","ascension_level":15}}