{"host":"5raohst9sk3kvp5v","time":1609724187,"event":{"mods":["BaseMod","Colored Powertips","Highlight Path","Minty Spire (QoL Compilation)","Quick Restart","Relic Stats","StSLib"],"gold_per_floor":[368,368,43,58,58,58,58],"floor_reached":6,"playtime":184,"items_purged":["Shame"],"score":68,"play_id":"e4f42689-5e2c-4266-9492-85265a0eee2f","local_time":"20210103193627","is_ascension_mode":true,"campfire_choices":[],"circlet_count":0,"master_deck":["AscendersBane","Strike_R","Strike_R","Strike_R","Strike_R","Defend_R","Defend_R","Defend_R","Defend_R","Bash","Evolve","Second Wind","Seeing Red"],"relics":["Burning Blood","Boot","ClockworkSouvenir"],"acts_visited":["Exordium"],"potions_floor_usage":[4],"damage_taken":[{"damage":0,"enemies":"2 Louse","floor":1,"turns":2},{"damage":2,"enemies":"Cultist","floor":4,"turns":4},{"damage":68,"enemies":"Lagavulin","floor":6,"turns":9}],"seed_played":"-514835038087164995","potions_obtained":[{"floor":4,"key":"Fruit Juice"}],"is_trial":false,"path_per_floor":["M","?","$","M","?","E"],"character_chosen":"IRONCLAD","items_purchased":["ClockworkSouvenir","Second Wind"],"campfire_rested":0,"item_purchase_floors":[3,3],"current_hp_per_floor":[74,69,69,78,78,10,10],"gold":58,"neow_bonus":"TWO_FIFTY_GOLD","is_daily":false,"chose_seed":false,"campfire_upgraded":0,"win_rate":0.0,"timestamp":1609724187,"path_taken":["M","?","$","M","?","E"],"items_purchased_type":["Relic","Card"],"build_version":"2020-12-22","purchased_purges":1,"victory":false,"max_hp_per_floor":[75,75,75,80,80,80,80],"relic_stats":{"counters":[3,15],"Boot":[10],"obtain_stats":[{"Boot":2,"Burning Blood":0,"ClockworkSouvenir":3},{"Boot":1,"Burning Blood":0,"ClockworkSouvenir":1},{"Boot":2,"Burning Blood":0,"ClockworkSouvenir":2}],"Burning Blood":12},"card_choices":[{"not_picked":["Pommel Strike","Dual Wield"],"picked":"Evolve","floor":1},{"not_picked":["True Grit","Havoc"],"picked":"Seeing Red","floor":4}],"player_experience":1693702,"relics_obtained":[],"event_choices":[{"damage_healed":0,"gold_gain":0,"player_choice":"Success","damage_taken":5,"relics_obtained":["Boot"],"max_hp_gain":0,"max_hp_loss":0,"event_name":"Scrap Ooze","floor":2,"gold_loss":0},{"cards_removed":["Strike_R"],"damage_healed":0,"gold_gain":0,"player_choice":"Purged","damage_taken":0,"max_hp_gain":0,"max_hp_loss":0,"event_name":"Purifier","floor":5,"gold_loss":0}],"is_beta":false,"boss_relics":[],"items_purged_floors":[3],"is_endless":false,"potions_floor_spawned":[4],"killed_by":"Lagavulin","ascension_level":20}}