{"host":"w9yruvs4bqht6bhw","time":1609725595,"event":{"mods":["BaseMod","Colored Powertips","Minty Spire (QoL Compilation)"],"gold_per_floor":[111,124,137,156,156,156,230,230,254,269,285,30,48,68,68,188,188,206,239,262,262,262,262,287,301,352,30,55,99,0,21,21,145,145,165,64,84,105,105,105,105,105],"floor_reached":41,"playtime":1838,"items_purged":["Strike_P","Strike_P","Strike_P"],"score":502,"play_id":"75dfa6b5-e695-47d6-81e3-49df5eb9ab8b","local_time":"20210103205955","is_ascension_mode":true,"campfire_choices":[{"data":"Eruption","floor":6,"key":"SMITH"},{"data":"WindmillStrike","floor":8,"key":"SMITH"},{"data":"FlurryOfBlows","floor":15,"key":"SMITH"},{"data":"Vault","floor":23,"key":"SMITH"},{"floor":32,"key":"REST"},{"floor":40,"key":"REST"}],"circlet_count":0,"master_deck":["Defend_P","Defend_P+1","Defend_P","Defend_P+1","Eruption+1","Vigilance","FlurryOfBlows+1","WindmillStrike+1","FlyingSleeves","FlurryOfBlows","FlurryOfBlows","PathToVictory","Perseverance","Vault+1","Study+1","FollowUp","MasterReality","ReachHeaven","FollowUp+1","BattleHymn","FlurryOfBlows","FlurryOfBlows","FlurryOfBlows","Establishment","FollowUp+1"],"relics":["PureWater","Golden Idol","War Paint","Vajra","Shuriken","Black Star","Red Mask","MutagenicStrength","Pen Nib","Membership Card","Akabeko","Turnip","Kunai","Happy Flower"],"acts_visited":["Exordium","TheCity","TheBeyond"],"potions_floor_usage":[7,13,16,16,18,19,28,29,31,33,33,37,38],"damage_taken":[{"damage":0,"enemies":"Cultist","floor":1,"turns":4},{"damage":0,"enemies":"Jaw Worm","floor":2,"turns":4},{"damage":0,"enemies":"Small Slimes","floor":3,"turns":2},{"damage":6,"enemies":"Blue Slaver","floor":4,"turns":4},{"damage":14,"enemies":"3 Sentries","floor":7,"turns":3},{"damage":0,"enemies":"Large Slime","floor":10,"turns":2},{"damage":0,"enemies":"Exordium Thugs","floor":11,"turns":2},{"damage":1,"enemies":"Lots of Slimes","floor":13,"turns":2},{"damage":1,"enemies":"Looter","floor":14,"turns":3},{"damage":34,"enemies":"Hexaghost","floor":16,"turns":6},{"damage":0,"enemies":"3 Byrds","floor":18,"turns":3},{"damage":0,"enemies":"Masked Bandits","floor":19,"turns":3},{"damage":6,"enemies":"2 Thieves","floor":20,"turns":4},{"damage":8,"enemies":"Centurion and Healer","floor":24,"turns":4},{"damage":31,"enemies":"Shelled Parasite and Fungi","floor":25,"turns":6},{"damage":6,"enemies":"Snake Plant","floor":28,"turns":2},{"damage":0,"enemies":"Gremlin Leader","floor":29,"turns":7},{"damage":0,"enemies":"Chosen and Byrds","floor":31,"turns":4},{"damage":8,"enemies":"Automaton","floor":33,"turns":6},{"damage":18,"enemies":"3 Shapes","floor":35,"turns":8},{"damage":34,"enemies":"3 Darklings","floor":37,"turns":5},{"damage":11,"enemies":"Sphere and 2 Shapes","floor":38,"turns":9},{"damage":0,"enemies":"Jaw Worm Horde","floor":41,"turns":1}],"seed_played":"6810344268277369223","potions_obtained":[{"floor":3,"key":"SkillPotion"},{"floor":7,"key":"Explosive Potion"},{"floor":10,"key":"BlessingOfTheForge"},{"floor":11,"key":"EssenceOfSteel"},{"floor":16,"key":"LiquidMemories"},{"floor":18,"key":"Energy Potion"},{"floor":28,"key":"SpeedPotion"},{"floor":29,"key":"DistilledChaos"},{"floor":31,"key":"SpeedPotion"},{"floor":35,"key":"AttackPotion"},{"floor":38,"key":"Ambrosia"}],"is_trial":false,"path_per_floor":["M","M","M","M","?","R","?","R","T","M","M","$","M","M","R","B",null,"M","?","M","?","?","R","M","M","T","$","M","E","$","M","R","B",null,"M","$","M","M","T","R","M"],"character_chosen":"WATCHER","items_purchased":["Shuriken","Membership Card","Akabeko","Block Potion","BattleHymn","FlurryOfBlows","BlessingOfTheForge","StancePotion"],"campfire_rested":2,"item_purchase_floors":[12,27,27,27,27,30,30,36],"current_hp_per_floor":[72,72,72,66,66,66,52,52,52,52,52,52,51,50,50,16,67,67,67,61,61,61,61,53,22,22,22,16,16,16,16,36,28,67,49,49,15,4,4,24,24,24],"gold":105,"neow_bonus":"TRANSFORM_CARD","is_daily":false,"chose_seed":false,"campfire_upgraded":4,"win_rate":0.0,"timestamp":1609725595,"path_taken":["M","?","M","M","?","R","?","R","T","M","M","$","M","M","R","BOSS","M","?","M","?","?","R","M","?","T","?","M","E","$","M","R","BOSS","M","?","M","M","?","R","M"],"items_purchased_type":["Relic","Relic","Relic","Potion","Card","Card","Potion","Potion"],"build_version":"2020-12-22","purchased_purges":3,"victory":false,"max_hp_per_floor":[72,72,72,72,67,67,67,67,67,67,67,67,67,67,67,67,67,67,67,67,67,67,67,67,67,67,67,67,67,67,67,67,67,67,67,67,67,67,67,67,67,67],"card_choices":[{"not_picked":["Crescendo","ClearTheMind"],"picked":"WindmillStrike","floor":1},{"not_picked":["Consecrate","FollowUp"],"picked":"FlyingSleeves","floor":2},{"not_picked":["WreathOfFlame","BowlingBash"],"picked":"FlurryOfBlows","floor":3},{"not_picked":["Evaluate","SpiritShield","ClearTheMind"],"picked":"SKIP","floor":4},{"not_picked":["WreathOfFlame","Halt"],"picked":"FlurryOfBlows","floor":10},{"not_picked":["Wireheading","Prostrate"],"picked":"PathToVictory","floor":11},{"not_picked":["Vengeance","Indignation","ClearTheMind"],"picked":"SKIP","floor":13},{"not_picked":["BowlingBash","ClearTheMind"],"picked":"Perseverance","floor":14},{"not_picked":["Scrawl","Devotion"],"picked":"Vault","floor":16},{"not_picked":["FlyingSleeves","Vengeance"],"picked":"Study+1","floor":18},{"not_picked":["CutThroughFate","Consecrate"],"picked":"FollowUp","floor":20},{"not_picked":["Prostrate","WindmillStrike"],"picked":"ReachHeaven","floor":24},{"not_picked":["Pray+1","CutThroughFate"],"picked":"FollowUp+1","floor":25},{"not_picked":["SashWhip+1","ReachHeaven","FlurryOfBlows"],"picked":"SKIP","floor":28},{"not_picked":["PathToVictory","BowlingBash+1"],"picked":"FlurryOfBlows","floor":29},{"not_picked":["FlyingSleeves","CutThroughFate"],"picked":"FlurryOfBlows","floor":31},{"not_picked":["ConjureBlade","Wish"],"picked":"Establishment","floor":33},{"not_picked":["JustLucky","ClearTheMind"],"picked":"FollowUp+1","floor":35},{"not_picked":["BowlingBash","Prostrate","SashWhip+1"],"picked":"SKIP","floor":37},{"not_picked":["Swivel","CarveReality+1","JustLucky"],"picked":"SKIP","floor":38}],"player_experience":313560,"relics_obtained":[{"floor":7,"key":"War Paint"},{"floor":9,"key":"Vajra"},{"floor":19,"key":"Red Mask"},{"floor":26,"key":"Pen Nib"},{"floor":29,"key":"Turnip"},{"floor":29,"key":"Kunai"},{"floor":39,"key":"Happy Flower"}],"event_choices":[{"damage_healed":0,"gold_gain":0,"player_choice":"Lose Max HP","damage_taken":0,"relics_obtained":["Golden Idol"],"max_hp_gain":0,"max_hp_loss":5,"event_name":"Golden Idol","floor":5,"gold_loss":0},{"damage_healed":0,"gold_gain":30,"player_choice":"Searched \u00272\u0027 times","damage_taken":0,"max_hp_gain":0,"max_hp_loss":0,"event_name":"Dead Adventurer","floor":7,"gold_loss":0},{"damage_healed":0,"gold_gain":0,"player_choice":"Fought Bandits","damage_taken":0,"max_hp_gain":0,"max_hp_loss":0,"event_name":"Masked Bandits","floor":19,"gold_loss":0},{"damage_healed":0,"gold_gain":0,"player_choice":"Inject Mutagens","damage_taken":0,"relics_obtained":["MutagenicStrength"],"max_hp_gain":0,"max_hp_loss":0,"event_name":"Drug Dealer","floor":21,"gold_loss":0},{"damage_healed":0,"gold_gain":0,"player_choice":"1 cards matched","damage_taken":0,"max_hp_gain":0,"max_hp_loss":0,"event_name":"Match and Keep!","floor":22,"gold_loss":0,"cards_obtained":["MasterReality"]}],"is_beta":false,"boss_relics":[{"not_picked":["Sozu","SlaversCollar"],"picked":"Black Star"},{"not_picked":["Runic Pyramid","Fusion Hammer","Philosopher\u0027s Stone"]}],"items_purged_floors":[27,30,36],"is_endless":false,"potions_floor_spawned":[3,7,10,11,16,18,28,29,31,35,38],"killed_by":"Jaw Worm Horde","ascension_level":2}}