{"host":"q2j4ef1ti78v4imq","time":1609775099,"event":{"mods":["AchievementEnabler","BaseMod","Better Altar","Better Match","Better Note","Better Sensory Stone","Better Skull","Better Third Choice","Block Reminder","Hermit","Minty Spire (QoL Compilation)","Relic Stats","Replay The Spire","Shade Mod","StSLib"],"gold_per_floor":[111,128,128,148,160,160,174,174,201,3,32,32,43,63,63,140,140,159,169,94,94,94,94],"floor_reached":22,"playtime":1918,"items_purged":["Strike_G"],"score":387,"play_id":"d9ad2333-bb88-42dd-92fc-e7f06da5d374","local_time":"20210104154459","is_ascension_mode":true,"campfire_choices":[{"data":"Glass Knife","floor":6,"key":"SMITH"},{"data":"Catalyst","floor":12,"key":"SMITH"},{"data":"Toxin Wave","floor":15,"key":"SMITH"}],"circlet_count":0,"master_deck":["AscendersBane","Defend_G","Defend_G","Defend_G","Defend_G","Survivor","Neutralize","Glass Knife+1","Sucker Punch","Catalyst+1","Master of Strategy","Flying Knee","Outmaneuver","Apotheosis+1","Poisoned Stab","Toxin Wave+1","Corpse Explosion","Quick Slash","Deadly Poison","Night Terror","Bouncing Flask","Bite","Bite","Bite","Bite","Bite"],"relics":["Ring of the Snake","Whetstone","ReplayTheSpireMod:Lightbulb"],"acts_visited":["Exordium","TheCity"],"potions_floor_usage":[7,13,19],"damage_taken":[{"damage":0,"enemies":"Cultist","floor":1,"turns":4},{"damage":0,"enemies":"Jaw Worm","floor":2,"turns":3},{"damage":3,"enemies":"2 Louse","floor":4,"turns":3},{"damage":3,"enemies":"Blue Slaver","floor":5,"turns":4},{"damage":14,"enemies":"Exordium Wildlife","floor":7,"turns":4},{"damage":10,"enemies":"3 Sentries","floor":11,"turns":5},{"damage":4,"enemies":"Lots of Slimes","floor":13,"turns":2},{"damage":2,"enemies":"3 Louse","floor":14,"turns":2},{"damage":14,"enemies":"Hexaghost","floor":16,"turns":7},{"damage":19,"enemies":"3 Byrds","floor":18,"turns":5},{"damage":21,"enemies":"Shell Parasite","floor":19,"turns":5},{"damage":43,"enemies":"Sentry and Sphere","floor":22,"turns":3}],"seed_played":"-5711900854516397743","potions_obtained":[{"floor":5,"key":"Regen Potion"},{"floor":7,"key":"Fruit Juice"},{"floor":13,"key":"Fruit Juice"},{"floor":14,"key":"ColorlessPotion"},{"floor":19,"key":"Fruit Juice"}],"is_trial":false,"path_per_floor":["M","M","?","M","M","R","M","?","T","$","E","R","M","M","R","B",null,"M","M","?","?","M"],"character_chosen":"THE_SILENT","items_purchased":["Poisoned Stab","Toxin Wave"],"campfire_rested":0,"item_purchase_floors":[10,10],"current_hp_per_floor":[59,59,59,56,53,53,44,44,44,44,34,34,35,33,33,19,62,43,27,27,27,0,0],"gold":94,"neow_bonus":"ONE_RANDOM_RARE_CARD","is_daily":false,"chose_seed":false,"campfire_upgraded":3,"win_rate":0.0,"timestamp":1609775099,"path_taken":["M","?","?","M","M","R","M","?","T","?","E","R","?","M","R","BOSS","M","?","?","?","M"],"items_purchased_type":["Card","Card"],"build_version":"2020-12-22","purchased_purges":1,"victory":false,"max_hp_per_floor":[66,66,66,66,66,66,71,71,71,71,71,71,76,76,76,76,76,76,81,81,56,56,56],"relic_stats":{"counters":[12,47],"Whetstone":["Strike_G","Strike_G"],"obtain_stats":[{"Whetstone":9,"ReplayTheSpireMod:Lightbulb":11,"Ring of the Snake":0},{"Whetstone":5,"ReplayTheSpireMod:Lightbulb":6,"Ring of the Snake":0},{"Whetstone":18,"ReplayTheSpireMod:Lightbulb":23,"Ring of the Snake":0}],"Ring of the Snake":[24]},"card_choices":[{"not_picked":["Dagger Throw","Slice"],"picked":"Sucker Punch","floor":1},{"not_picked":["Cloak And Dagger","Dagger Throw"],"picked":"Catalyst","floor":2},{"not_picked":["Replay:Sssssssssshield","Blind"],"picked":"Master of Strategy","floor":3},{"not_picked":["Setup","Hidden Blade"],"picked":"Flying Knee","floor":4},{"not_picked":["Backflip","Reflex"],"picked":"Outmaneuver","floor":5},{"not_picked":["Blade Dance","Acrobatics","Quick Slash"],"picked":"SKIP","floor":7},{"not_picked":["Escape Plan","Acrobatics"],"picked":"Corpse Explosion","floor":11},{"not_picked":["Endless Agony","Acrobatics"],"picked":"Quick Slash","floor":13},{"not_picked":["Tactician","Slice"],"picked":"Deadly Poison","floor":14},{"not_picked":["ReplayTheSpireMod:From All Sides","Replay:Bag of Tricks"],"picked":"Night Terror","floor":16},{"not_picked":["Blade Dance","Underhanded Strike","Flying Knee"],"picked":"SKIP","floor":18},{"not_picked":["Reflex","Tactician"],"picked":"Bouncing Flask","floor":19}],"player_experience":829277,"relics_obtained":[{"floor":9,"key":"Whetstone"},{"floor":11,"key":"ReplayTheSpireMod:Lightbulb"}],"event_choices":[{"damage_healed":0,"gold_gain":1,"player_choice":"1","damage_taken":0,"max_hp_gain":0,"max_hp_loss":0,"event_name":"betterStone:BetterStone","floor":3,"gold_loss":0},{"damage_healed":44,"gold_gain":0,"player_choice":"Embrace","damage_taken":0,"max_hp_gain":0,"max_hp_loss":71,"event_name":"betterThird:BetterShining","floor":8,"gold_loss":0},{"cards_removed":["Defend_G"],"damage_healed":0,"gold_gain":0,"player_choice":"Gave Gold","damage_taken":0,"max_hp_gain":0,"max_hp_loss":0,"event_name":"Beggar","floor":20,"gold_loss":75},{"damage_healed":0,"gold_gain":0,"player_choice":"Became a vampire","damage_taken":0,"max_hp_gain":0,"max_hp_loss":25,"event_name":"Vampires","floor":21,"gold_loss":0,"cards_obtained":["Bite","Bite","Bite","Bite","Bite"]}],"is_beta":false,"boss_relics":[{"not_picked":["Ectoplasm","Runic Dome","SacredBark"]}],"items_purged_floors":[10],"is_endless":false,"potions_floor_spawned":[5,7,13,14,19],"killed_by":"Sentry and Sphere","ascension_level":14}}