{"host":"5cnm2qapaqj5mmu7","time":1609782860,"event":{"mods":["BaseMod","Bestiary","Colored Map","Minty Spire (QoL Compilation)","StSLib"],"gold_per_floor":[110,130,130,147,322,353,353,369,393,406,423,423,434,434,434,434,434],"floor_reached":16,"playtime":589,"items_purged":[],"score":125,"play_id":"1eae0b2c-1732-4db9-bd43-303fbe170a98","local_time":"20210104185420","is_ascension_mode":true,"campfire_choices":[{"data":"Bash","floor":7.0,"key":"SMITH"},{"data":"Uppercut","floor":12.0,"key":"SMITH"},{"data":"Twin Strike","floor":15.0,"key":"SMITH"}],"circlet_count":0,"master_deck":["Strike_R","Strike_R","Strike_R","Strike_R","Strike_R","Defend_R","Defend_R","Defend_R","Defend_R","Bash+1","Wild Strike","Sentinel","Twin Strike+1","Doubt","Evolve+1","Entrench","Uppercut+1","Feel No Pain+1","Parasite"],"relics":["Burning Blood","Charon\u0027s Ashes","Mango","Frozen Egg 2","Bronze Scales"],"acts_visited":["Exordium"],"potions_floor_usage":[],"damage_taken":[{"damage":6.0,"enemies":"Cultist","floor":1.0,"turns":4.0},{"damage":1.0,"enemies":"2 Louse","floor":2.0,"turns":3.0},{"damage":2.0,"enemies":"Jaw Worm","floor":4.0,"turns":3.0},{"damage":38.0,"enemies":"Lagavulin","floor":6.0,"turns":6.0},{"damage":16.0,"enemies":"Blue Slaver","floor":8.0,"turns":4.0},{"damage":29.0,"enemies":"Large Slime","floor":10.0,"turns":6.0},{"damage":1.0,"enemies":"Exordium Wildlife","floor":11.0,"turns":3.0},{"damage":7.0,"enemies":"2 Fungi Beasts","floor":13.0,"turns":3.0},{"damage":48,"enemies":"Slime Boss","floor":16,"turns":7}],"seed_played":"7325322607811041540","potions_obtained":[{"floor":1.0,"key":"BlessingOfTheForge"},{"floor":10.0,"key":"BlessingOfTheForge"},{"floor":13.0,"key":"Swift Potion"}],"is_trial":false,"path_per_floor":["M","M","T","M","?","E","R","M","T","M","M","R","M","?","R","B"],"character_chosen":"IRONCLAD","items_purchased":[],"campfire_rested":0,"item_purchase_floors":[],"current_hp_per_floor":[72,72,86,86,86,54,54,44,44,21,26,26,25,46,46,0,0],"gold":434,"neow_bonus":"ONE_RARE_RELIC","is_daily":false,"chose_seed":false,"campfire_upgraded":3,"win_rate":0.0,"timestamp":1609782860,"path_taken":["M","M","?","M","?","E","R","M","T","M","M","R","M","?","R","BOSS"],"items_purchased_type":[],"build_version":"2020-12-22","purchased_purges":0,"victory":false,"max_hp_per_floor":[72,72,86,86,86,86,86,86,86,86,86,86,86,86,86,86,86],"card_choices":[{"not_picked":["Anger","Thunderclap"],"picked":"Wild Strike","floor":1.0},{"not_picked":["Wild Strike","Rampage"],"picked":"Sentinel","floor":2.0},{"not_picked":["Dual Wield","Sword Boomerang"],"picked":"Twin Strike","floor":4.0},{"not_picked":["Headbutt","Anger"],"picked":"Evolve+1","floor":6.0},{"not_picked":["Anger","Body Slam","Armaments"],"picked":"SKIP","floor":8.0},{"not_picked":["Armaments","Sword Boomerang"],"picked":"Entrench","floor":10.0},{"not_picked":["Intimidate","Perfected Strike"],"picked":"Uppercut","floor":11.0},{"not_picked":["Clothesline","Pummel"],"picked":"Feel No Pain+1","floor":13.0}],"player_experience":545224,"relics_obtained":[{"floor":3.0,"key":"Mango"},{"floor":6.0,"key":"Frozen Egg 2"},{"floor":9.0,"key":"Bronze Scales"}],"event_choices":[{"damage_healed":0.0,"max_hp_gain":0.0,"max_hp_loss":0.0,"gold_gain":175.0,"event_name":"Liars Game","player_choice":"AGREE","floor":5.0,"gold_loss":0.0,"damage_taken":0.0,"cards_obtained":["Doubt"]},{"damage_healed":21.0,"max_hp_gain":0.0,"max_hp_loss":0.0,"gold_gain":0.0,"event_name":"Mushrooms","player_choice":"Healed and dodged fight","floor":14.0,"gold_loss":0.0,"damage_taken":0.0,"cards_obtained":["Parasite"]}],"is_beta":false,"boss_relics":[],"items_purged_floors":[],"is_endless":false,"potions_floor_spawned":[1,10,13],"killed_by":"Slime Boss","ascension_level":4}}