{"host":"qm4rv4rkpk76sbxu","time":1609764966,"event":{"mods":["BaseMod","Bestiary","Block Reminder","Filter the Spire","Keyboard Shortcuts","Minty Spire (QoL Compilation)","MonsterHotkey","Potion Indicator Mod","Quick Restart","Relic Stats","Slay-I","StSLib","ojb\u0027s Better Paths Mod"],"gold_per_floor":[113,128,143,418,429,461,461,490,490,490,30,63,63,63,63,142,142,161,161,215,230,230,266,266,296,296,296,307,318,357,374,374,457,457,483,501,58,74,99,133,142,172,172,181,235,235,275,292,301,301,301,301,310,37,76,76],"floor_reached":57,"playtime":5214,"items_purged":["Regret","Strike_G"],"score":2982,"play_id":"70dd5004-2e83-4e85-a4a1-67f8a352aa05","local_time":"20210104135606","is_ascension_mode":true,"campfire_choices":[{"data":"Noxious Fumes","floor":7.0,"key":"SMITH"},{"floor":10.0,"key":"REST"},{"data":"Riddle With Holes","floor":13.0,"key":"SMITH"},{"data":"Blur","floor":15.0,"key":"SMITH"},{"floor":24.0,"key":"REST"},{"floor":27.0,"key":"RECALL"},{"floor":32.0,"key":"REST"},{"floor":41.0,"key":"REST"},{"floor":44.0,"key":"REST"},{"floor":49.0,"key":"REST"},{"floor":53.0,"key":"REST"}],"circlet_count":0,"master_deck":["AscendersBane","Strike_G","Strike_G","Strike_G","Strike_G","Defend_G","Defend_G","Defend_G","Defend_G","Defend_G","Survivor","Neutralize","Backstab","Riddle With Holes+1","Noxious Fumes+1","Dash","Blur+1","Noxious Fumes","Crippling Poison","Leg Sweep","After Image","Acrobatics","Well Laid Plans","Malaise","After Image","Adrenaline","Footwork+1","Master of Strategy","Good Instincts","Deflect+1","Dodge and Roll+1","Tactician+1","Backflip","Die Die Die","Endless Agony","Terror+1","Cloak And Dagger+1","Acrobatics","Blade Dance","Blade Dance","Unload","Poisoned Stab","Infinite Blades","Deflect","Escape Plan+1"],"relics":["Ring of the Snake","Akabeko","Toy Ornithopter","Art of War","Question Card","Mummified Hand","Unceasing Top","Fusion Hammer","CeramicFish","Bottled Flame","Ornamental Fan","Mercury Hourglass","Black Star","Membership Card","HornCleat","Dream Catcher","Regal Pillow","Darkstone Periapt","Oddly Smooth Stone","Potion Belt","Kunai","Gambling Chip","Ancient Tea Set","Shuriken","Orrery","Happy Flower","Vajra","Bottled Lightning"],"acts_visited":["Exordium","TheCity","TheBeyond","TheEnding"],"potions_floor_usage":[56,56],"damage_taken":[{"damage":0.0,"enemies":"2 Louse","floor":1.0,"turns":3.0},{"damage":0.0,"enemies":"Cultist","floor":2.0,"turns":3.0},{"damage":0.0,"enemies":"Small Slimes","floor":3.0,"turns":1.0},{"damage":4.0,"enemies":"Exordium Wildlife","floor":5.0,"turns":5.0},{"damage":25.0,"enemies":"Lagavulin","floor":6.0,"turns":7.0},{"damage":15.0,"enemies":"3 Sentries","floor":8.0,"turns":6.0},{"damage":0.0,"enemies":"Gremlin Nob","floor":12.0,"turns":3.0},{"damage":5.0,"enemies":"Slime Boss","floor":16.0,"turns":8.0},{"damage":16.0,"enemies":"2 Thieves","floor":18.0,"turns":4.0},{"damage":0.0,"enemies":"Spheric Guardian","floor":21.0,"turns":1.0},{"damage":20.0,"enemies":"Slavers","floor":23.0,"turns":5.0},{"damage":1.0,"enemies":"Book of Stabbing","floor":25.0,"turns":7.0},{"damage":23.0,"enemies":"Cultist and Chosen","floor":28.0,"turns":6.0},{"damage":1.0,"enemies":"3 Cultists","floor":29.0,"turns":5.0},{"damage":15.0,"enemies":"Gremlin Leader","floor":30.0,"turns":7.0},{"damage":2.0,"enemies":"Centurion and Healer","floor":31.0,"turns":5.0},{"damage":1.0,"enemies":"Automaton","floor":33.0,"turns":12.0},{"damage":0.0,"enemies":"Orb Walker","floor":35.0,"turns":2.0},{"damage":1.0,"enemies":"3 Darklings","floor":38.0,"turns":6.0},{"damage":0.0,"enemies":"Sphere and 2 Shapes","floor":39.0,"turns":7.0},{"damage":3.0,"enemies":"Nemesis","floor":40.0,"turns":9.0},{"damage":0.0,"enemies":"Reptomancer","floor":42.0,"turns":9.0},{"damage":9.0,"enemies":"2 Orb Walkers","floor":45.0,"turns":7.0},{"damage":0.0,"enemies":"Nemesis","floor":47.0,"turns":9.0},{"damage":0.0,"enemies":"Jaw Worm Horde","floor":48.0,"turns":4.0},{"damage":40.0,"enemies":"Donu and Deca","floor":50.0,"turns":14.0},{"damage":12.0,"enemies":"Awakened One","floor":51.0,"turns":22.0},{"damage":16.0,"enemies":"Shield and Spear","floor":55.0,"turns":8.0},{"damage":25,"enemies":"The Heart","floor":56,"turns":10}],"seed_played":"-556907002989342016","potions_obtained":[{"floor":1.0,"key":"EssenceOfSteel"},{"floor":2.0,"key":"Dexterity Potion"},{"floor":12.0,"key":"BlessingOfTheForge"},{"floor":16.0,"key":"SmokeBomb"},{"floor":18.0,"key":"Dexterity Potion"},{"floor":22.0,"key":"DistilledChaos"},{"floor":23.0,"key":"Strength Potion"},{"floor":28.0,"key":"PowerPotion"},{"floor":31.0,"key":"Swift Potion"},{"floor":33.0,"key":"Swift Potion"},{"floor":45.0,"key":"GamblersBrew"},{"floor":47.0,"key":"Ancient Potion"}],"is_trial":false,"path_per_floor":["M","M","M","?","M","E","R","E","T","R","$","E","R","$","R","B",null,"M","?","T","M","?","E","R","E","T","R","M","M","E","M","R","B",null,"M","?","$","M","M","E","R","E","T","R","?","?","E","M","R","B","B",null,"R","$","E","B",null],"character_chosen":"THE_SILENT","items_purchased":["Mummified Hand","Noxious Fumes","Crippling Poison","Membership Card","HornCleat","Dream Catcher","Orrery","FairyPotion","Poisoned Stab","Happy Flower","PowerPotion","Infinite Blades","Deflect"],"campfire_rested":7,"item_purchase_floors":[11,11,11,37,37,37,54,54,54,54,54,54,54],"current_hp_per_floor":[59,59,59,59,55,30,30,15,15,34,34,34,34,34,34,39,59,43,43,43,43,43,28,47,51,51,51,33,32,22,20,39,38,59,59,49,49,48,48,45,66,66,66,66,62,62,62,62,66,26,14,53,66,66,50,35],"gold":76,"neow_bonus":"RANDOM_COMMON_RELIC","is_daily":false,"chose_seed":false,"campfire_upgraded":3,"win_rate":0.0,"timestamp":1609764966,"path_taken":["M","M","M","?","?","E","R","E","T","R","$","E","R","$","R","BOSS","M","?","?","?","?","E","R","E","T","R","M","M","E","?","R","BOSS","M","?","$","M","M","E","R","E","T","R","?","?","E","M","R","BOSS","BOSS","R","$","E","BOSS"],"items_purchased_type":["Relic","Card","Card","Relic","Relic","Relic","Relic","Potion","Card","Relic","Potion","Card","Card"],"build_version":"2020-12-22","purchased_purges":2,"victory":true,"max_hp_per_floor":[66,66,66,66,66,66,66,66,66,66,66,66,66,66,66,66,66,66,66,66,66,66,66,66,66,66,66,66,66,66,66,66,66,66,66,66,66,66,66,66,66,66,66,66,66,66,66,66,66,66,66,66,66,66,66,66],"relic_stats":{"Darkstone Periapt":0,"Regal Pillow":2,"Happy Flower":[6],"counters":[29,195],"CeramicFish":198,"Question Card":32,"Mercury Hourglass":[429],"Dream Catcher":4,"Mummified Hand":[121],"Ornamental Fan":[244],"Shuriken":[36],"Gambling Chip":[12],"Art of War":[36],"Black Star":4,"Kunai":[41],"obtain_stats":[{"Darkstone Periapt":40,"Regal Pillow":40,"CeramicFish":23,"Vajra":55,"Ancient Tea Set":47,"Dream Catcher":37,"HornCleat":37,"Mummified Hand":11,"Gambling Chip":45,"Fusion Hammer":17,"Kunai":43,"Ring of the Snake":0,"Potion Belt":42,"Happy Flower":54,"Oddly Smooth Stone":42,"Question Card":9,"Akabeko":0,"Mercury Hourglass":30,"Bottled Flame":25,"Ornamental Fan":26,"Shuriken":47,"Orrery":54,"Art of War":8,"Black Star":34,"Membership Card":37,"Bottled Lightning":55,"Toy Ornithopter":6,"Unceasing Top":12},{"Darkstone Periapt":21,"Regal Pillow":21,"CeramicFish":11,"Vajra":28,"Ancient Tea Set":24,"Dream Catcher":18,"HornCleat":18,"Mummified Hand":6,"Gambling Chip":23,"Fusion Hammer":8,"Kunai":22,"Ring of the Snake":0,"Potion Belt":22,"Happy Flower":27,"Oddly Smooth Stone":22,"Question Card":6,"Akabeko":0,"Mercury Hourglass":15,"Bottled Flame":12,"Ornamental Fan":12,"Shuriken":24,"Orrery":27,"Art of War":6,"Black Star":17,"Membership Card":18,"Bottled Lightning":28,"Toy Ornithopter":5,"Unceasing Top":7},{"Darkstone Periapt":112,"Regal Pillow":112,"CeramicFish":46,"Vajra":185,"Ancient Tea Set":137,"Dream Catcher":90,"HornCleat":90,"Mummified Hand":25,"Gambling Chip":128,"Fusion Hammer":36,"Kunai":121,"Ring of the Snake":0,"Potion Belt":121,"Happy Flower":177,"Oddly Smooth Stone":121,"Question Card":25,"Akabeko":0,"Mercury Hourglass":71,"Bottled Flame":53,"Ornamental Fan":53,"Shuriken":137,"Orrery":177,"Art of War":25,"Black Star":88,"Membership Card":90,"Bottled Lightning":185,"Toy Ornithopter":19,"Unceasing Top":28}],"Toy Ornithopter":45,"Unceasing Top":[44],"Ring of the Snake":[58]},"card_choices":[{"not_picked":["Choke","Flechettes"],"picked":"Backstab","floor":1.0},{"not_picked":["Outmaneuver","Catalyst"],"picked":"Riddle With Holes","floor":2.0},{"not_picked":["Dodge and Roll","Blade Dance"],"picked":"Noxious Fumes","floor":3.0},{"not_picked":["Cloak And Dagger","Blur"],"picked":"Backflip","floor":5.0},{"not_picked":["Doppelganger","Cloak And Dagger"],"picked":"Dash","floor":6.0},{"not_picked":["Outmaneuver","Bane"],"picked":"Blur","floor":8.0},{"not_picked":["Eviscerate","Outmaneuver","Underhanded Strike"],"picked":"Leg Sweep","floor":12.0},{"not_picked":["Malaise","Phantasmal Killer","Storm of Steel"],"picked":"After Image","floor":16.0},{"not_picked":["Slice","Endless Agony","Noxious Fumes"],"picked":"Acrobatics","floor":18.0},{"not_picked":["Heel Hook","PiercingWail","Noxious Fumes","Underhanded Strike+1"],"picked":"SKIP","floor":21.0},{"not_picked":["Reflex","Endless Agony","Bane"],"picked":"Malaise","floor":23.0},{"not_picked":["Underhanded Strike","Sucker Punch","Cloak And Dagger","Deadly Poison"],"picked":"SKIP","floor":25.0},{"not_picked":["Deflect","Flying Knee","Cloak And Dagger","Outmaneuver"],"picked":"SKIP","floor":28.0},{"not_picked":["Prepared","Underhanded Strike","Blade Dance","Acrobatics"],"picked":"SKIP","floor":29.0},{"not_picked":["Blade Dance","Setup","Outmaneuver"],"picked":"After Image","floor":30.0},{"not_picked":["Sucker Punch","Bane","Slice","PiercingWail"],"picked":"SKIP","floor":31.0},{"not_picked":["Grand Finale","Phantasmal Killer","Storm of Steel"],"picked":"Adrenaline","floor":33.0},{"not_picked":["Concentrate+1","Underhanded Strike+1","Leg Sweep"],"picked":"Footwork+1","floor":35.0},{"not_picked":["Bandage Up","Good Instincts","Jack Of All Trades"],"picked":"Master of Strategy","floor":36.0},{"not_picked":["Madness","Swift Strike","HandOfGreed"],"picked":"Good Instincts","floor":36.0},{"not_picked":["Sucker Punch","Flechettes","Well Laid Plans","Slice"],"picked":"SKIP","floor":38.0},{"not_picked":["Dagger Throw","Acrobatics","Bane"],"picked":"Deflect+1","floor":39.0},{"not_picked":["Acrobatics","Bane+1","Underhanded Strike"],"picked":"Dodge and Roll+1","floor":40.0},{"not_picked":["Underhanded Strike","Dagger Spray","Dodge and Roll"],"picked":"Tactician+1","floor":41.0},{"not_picked":["Deadly Poison","Concentrate","Dagger Throw","Flechettes+1"],"picked":"SKIP","floor":42.0},{"not_picked":["Deadly Poison","Flechettes","Bane+1"],"picked":"Backflip","floor":44.0},{"not_picked":["Distraction","Backstab","Deadly Poison+1"],"picked":"Die Die Die","floor":47.0},{"not_picked":["Dagger Throw","Outmaneuver","Quick Slash+1","Expertise"],"picked":"SKIP","floor":48.0},{"not_picked":["Flying Knee","Setup+1","Sucker Punch"],"picked":"Endless Agony","floor":49.0},{"not_picked":["Sucker Punch","PiercingWail","Deadly Poison"],"picked":"Terror+1","floor":53.0},{"not_picked":["All Out Attack","Footwork","Catalyst"],"picked":"Cloak And Dagger+1","floor":54.0},{"not_picked":["Leg Sweep","PiercingWail","Masterful Stab"],"picked":"Acrobatics","floor":54.0},{"not_picked":["Deflect","Slice","Prepared"],"picked":"Blade Dance","floor":54.0},{"not_picked":["Phantasmal Killer","Bane","Accuracy"],"picked":"Blade Dance","floor":54.0},{"not_picked":["Bane","Outmaneuver","Flying Knee"],"picked":"Unload","floor":54.0},{"not_picked":["Deadly Poison","All Out Attack","Dodge and Roll"],"picked":"Escape Plan+1","floor":55.0}],"player_experience":1201501,"relics_obtained":[{"floor":6.0,"key":"Toy Ornithopter"},{"floor":8.0,"key":"Art of War"},{"floor":9.0,"key":"Question Card"},{"floor":12.0,"key":"Unceasing Top"},{"floor":23.0,"key":"CeramicFish"},{"floor":25.0,"key":"Bottled Flame"},{"floor":26.0,"key":"Ornamental Fan"},{"floor":30.0,"key":"Mercury Hourglass"},{"floor":40.0,"key":"Regal Pillow"},{"floor":40.0,"key":"Darkstone Periapt"},{"floor":42.0,"key":"Oddly Smooth Stone"},{"floor":42.0,"key":"Potion Belt"},{"floor":43.0,"key":"Kunai"},{"floor":45.0,"key":"Gambling Chip"},{"floor":47.0,"key":"Ancient Tea Set"},{"floor":47.0,"key":"Shuriken"},{"floor":55.0,"key":"Vajra"},{"floor":55.0,"key":"Bottled Lightning"}],"event_choices":[{"damage_healed":0.0,"max_hp_gain":0.0,"max_hp_loss":0.0,"gold_gain":275.0,"event_name":"Golden Shrine","player_choice":"Desecrate","floor":4.0,"gold_loss":0.0,"damage_taken":0.0,"cards_obtained":["Regret"]},{"damage_healed":0.0,"max_hp_gain":0.0,"max_hp_loss":0.0,"gold_gain":0.0,"event_name":"The Library","player_choice":"Read","floor":19.0,"gold_loss":0.0,"damage_taken":0.0,"cards_obtained":["Well Laid Plans"]},{"damage_healed":0.0,"max_hp_gain":0.0,"max_hp_loss":0.0,"gold_gain":0.0,"event_name":"Lab","player_choice":"Got Potions","floor":22.0,"gold_loss":0.0,"damage_taken":0.0},{"damage_healed":0.0,"max_hp_gain":0.0,"max_hp_loss":0.0,"gold_gain":0.0,"event_name":"SensoryStone","player_choice":"Memory 3","floor":36.0,"gold_loss":0.0,"damage_taken":10.0},{"damage_healed":0.0,"max_hp_gain":0.0,"max_hp_loss":0.0,"gold_gain":0.0,"event_name":"Mysterious Sphere","player_choice":"Fight","floor":45.0,"gold_loss":0.0,"damage_taken":0.0},{"cards_removed":["Backflip"],"damage_healed":0.0,"max_hp_gain":0.0,"max_hp_loss":0.0,"gold_gain":0.0,"event_name":"Falling","player_choice":"Removed Skill","floor":46.0,"gold_loss":0.0,"damage_taken":0.0}],"is_beta":false,"boss_relics":[{"not_picked":["Pandora\u0027s Box","Ectoplasm"],"picked":"Fusion Hammer"},{"not_picked":["Coffee Dripper","SlaversCollar"],"picked":"Black Star"}],"items_purged_floors":[11,37],"is_endless":false,"potions_floor_spawned":[1,2,12,16,18,23,28,31,33,45,47],"ascension_level":20}}