{"host":"h3c6rtdc4153hgw2","time":1609790282,"event":{"mods":["AchievementEnabler","Aspiration","BaseMod","Beaked The Cultist","Colored Map","Colored Powertips","Hermit","Hubris","Marisa????????","Minty Spire (QoL Compilation)","Permanent Neow","Quick Restart","StSLib","The Construct","The Cursed","The Hierophant","The Necromancer"],"gold_per_floor":[109,109,109,109,127,155,224,249,249,260,260,0,13,13,13,113,113,131,107,107,120,120,120],"floor_reached":22,"playtime":749,"items_purged":[],"score":192,"play_id":"f3bdf84f-4935-42ba-a59e-760afdf4b17b","local_time":"20210104195802","is_ascension_mode":false,"campfire_choices":[{"floor":11,"key":"REST"},{"floor":15,"key":"REST"}],"circlet_count":0,"master_deck":["construct:Strike_Gold","construct:Strike_Gold","construct:Strike_Gold","construct:Strike_Gold+2","construct:Strike_Gold","construct:Defend_Gold","construct:Defend_Gold","construct:AttackMode","construct:DefenseMode","construct:Accumulate","Injury","Regret","Tactician+1","Backflip+1","Reflex+1","construct:ClusterMines","construct:CripplingShot","construct:Boost+1","construct:FocusedBeam","construct:ClusterMines","construct:ReactiveShield","construct:UnbalancingBlast","construct:LaserCore+1","construct:ClockworkEgg+2","construct:Analyze+1","construct:SweepLaser","construct:QuickAttack"],"relics":["construct:Cogwheel","aspiration:Nostalgia","Cracked Core","Toxic Egg 2","aspiration:Lifesprig","construct:MegaBattery","Pear","Oddly Smooth Stone","hubris:ClockworkCow","DollysMirror","aspiration:RandomNobGenerator"],"acts_visited":["Exordium","TheCity"],"potions_floor_usage":[16],"damage_taken":[{"damage":1,"enemies":"Cultist","floor":1,"turns":3},{"damage":11,"enemies":"2 Louse","floor":5,"turns":3},{"damage":21,"enemies":"Gremlin Nob","floor":6,"turns":4},{"damage":35,"enemies":"Lagavulin","floor":8,"turns":5},{"damage":6,"enemies":"Jaw Worm","floor":10,"turns":4},{"damage":23,"enemies":"Looter","floor":13,"turns":3},{"damage":6,"enemies":"Slime Boss","floor":16,"turns":5},{"damage":29,"enemies":"Chosen","floor":18,"turns":5},{"damage":11,"enemies":"Shell Parasite","floor":21,"turns":3},{"damage":64,"enemies":"Cultist and Chosen","floor":22,"turns":3}],"seed_played":"-6645748912517005434","potions_obtained":[{"floor":10,"key":"ColorlessPotion"},{"floor":13,"key":"Energy Potion"},{"floor":18,"key":"SkillPotion"}],"is_trial":false,"path_per_floor":["M","?","?","?","M","E","T","E","T","M","R","$","M","?","R","B",null,"M","$","?","M","M"],"character_chosen":"THE_CONSTRUCT_MOD","items_purchased":["DollysMirror","construct:ReactiveShield","construct:UnbalancingBlast","construct:SweepLaser"],"campfire_rested":2,"item_purchase_floors":[12,12,12,19],"current_hp_per_floor":[84,84,84,84,73,52,62,27,27,21,49,49,26,26,54,48,95,66,66,66,55,0,0],"gold":120,"neow_bonus":"NOSTALGIA","is_daily":false,"chose_seed":false,"campfire_upgraded":0,"win_rate":0.0,"timestamp":1609790282,"path_taken":["M","?","?","?","M","E","?","E","T","?","R","$","?","?","R","BOSS","M","$","?","M","M"],"items_purchased_type":["Relic","Card","Card","Card"],"build_version":"2020-12-22","purchased_purges":0,"victory":false,"max_hp_per_floor":[85,85,85,85,85,85,95,95,95,95,95,95,95,95,95,95,95,95,95,95,95,95,95],"card_choices":[{"not_picked":["construct:Forcefield","construct:ShiftGuard"],"picked":"construct:Accumulate","floor":1},{"not_picked":["construct:Impenetrable+1","construct:SweepLaser"],"picked":"construct:ClusterMines","floor":5},{"not_picked":["construct:Anticipate+1","construct:MetalShell+1"],"picked":"construct:CripplingShot","floor":6},{"not_picked":["construct:SaveState+1","construct:Construct_Overclock"],"picked":"construct:Boost","floor":8},{"not_picked":["construct:Overcharge","construct:Antimatter"],"picked":"construct:FocusedBeam","floor":10},{"not_picked":["construct:BatteryCore+1","construct:Chainstrike"],"picked":"construct:LaserCore+1","floor":13},{"not_picked":["construct:Reserves+1","construct:PanicFire"],"picked":"construct:ClockworkEgg+1","floor":16},{"not_picked":["construct:SyphonStrike","construct:FierceBash"],"picked":"construct:Analyze+1","floor":18},{"not_picked":["construct:Reinforce+1","construct:Versatility"],"picked":"construct:QuickAttack","floor":21}],"player_experience":124513,"relics_obtained":[{"floor":6,"key":"construct:MegaBattery"},{"floor":7,"key":"Pear"},{"floor":8,"key":"Oddly Smooth Stone"},{"floor":9,"key":"hubris:ClockworkCow"}],"event_choices":[{"damage_healed":0,"gold_gain":0,"player_choice":"Box","damage_taken":0,"relics_obtained":["aspiration:Lifesprig"],"max_hp_gain":0,"max_hp_loss":0,"event_name":"Big Fish","floor":3,"gold_loss":0,"cards_obtained":["Regret"]},{"damage_healed":0,"gold_gain":0,"player_choice":"Upgraded","damage_taken":0,"max_hp_gain":0,"max_hp_loss":0,"event_name":"Upgrade Shrine","floor":14,"gold_loss":0,"cards_upgraded":["construct:Boost"]}],"is_beta":false,"boss_relics":[{"not_picked":["hubris:CrackedHourglass","aspiration:BursterCore"],"picked":"aspiration:RandomNobGenerator"}],"items_purged_floors":[],"is_endless":false,"potions_floor_spawned":[10,13,18],"killed_by":"Cultist and Chosen","ascension_level":0}}