{"host":"jpzdg3po3tjxdjri","time":1609793688,"event":{"mods":["BaseMod","Better Third Choice","Colored Map","Colored Powertips","Minty Spire (QoL Compilation)","StSLib"],"gold_per_floor":[114,127,127,144,156,186,186,219,219,235,250,5,21,56,56,130,130,144,20,40,51,15,15,48,62,62,162,162,197,197,197,197,197,197],"floor_reached":33,"playtime":1043,"items_purged":["Defend_R"],"score":556,"play_id":"165500e2-c638-44a1-9c59-131e63cddb4f","local_time":"20210104205448","is_ascension_mode":true,"campfire_choices":[{"data":"Pommel Strike","floor":7,"key":"SMITH"},{"data":"Metallicize","floor":15,"key":"SMITH"},{"data":"Limit Break","floor":23,"key":"SMITH"},{"floor":28,"key":"DIG"},{"floor":30,"key":"DIG"},{"floor":32,"key":"DIG"}],"circlet_count":0,"master_deck":["AscendersBane","Strike_R","Strike_R","Strike_R","Strike_R","Strike_R","Defend_R","Defend_R","Defend_R","Bash","Perfected Strike+1","Spot Weakness","Flex","Pommel Strike+1","Headbutt","Thunderclap","Sword Boomerang","Wild Strike","Metallicize+1","Armaments","Twin Strike","Shrug It Off","Limit Break+1","Flame Barrier","Pommel Strike","Shrug It Off","Twin Strike","Cleave","Metallicize","Heavy Blade","Wild Strike+1","Heavy Blade+1"],"relics":["Burning Blood","FossilizedHelix","Kunai","Smiling Mask","Bronze Scales","Strawberry","Self Forming Clay","Mark of Pain","Ancient Tea Set","Bag of Marbles","Shovel","Frozen Egg 2","The Courier","Pen Nib","TungstenRod","Red Skull"],"acts_visited":["Exordium","TheCity"],"potions_floor_usage":[8,16,20,27,27,31],"damage_taken":[{"damage":0,"enemies":"Small Slimes","floor":1,"turns":3},{"damage":0,"enemies":"2 Louse","floor":2,"turns":2},{"damage":0,"enemies":"Cultist","floor":4,"turns":3},{"damage":1,"enemies":"Looter","floor":5,"turns":3},{"damage":15,"enemies":"3 Sentries","floor":6,"turns":6},{"damage":8,"enemies":"Lagavulin","floor":8,"turns":4},{"damage":0,"enemies":"2 Fungi Beasts","floor":10,"turns":2},{"damage":0,"enemies":"Blue Slaver","floor":11,"turns":3},{"damage":0,"enemies":"3 Louse","floor":13,"turns":2},{"damage":11,"enemies":"3 Sentries","floor":14,"turns":5},{"damage":15,"enemies":"The Guardian","floor":16,"turns":10},{"damage":6,"enemies":"Chosen","floor":18,"turns":4},{"damage":0,"enemies":"3 Byrds","floor":20,"turns":2},{"damage":6,"enemies":"3 Cultists","floor":21,"turns":4},{"damage":28,"enemies":"Book of Stabbing","floor":24,"turns":5},{"damage":16,"enemies":"Snake Plant","floor":25,"turns":5},{"damage":14,"enemies":"Colosseum Slavers","floor":27,"turns":5},{"damage":0,"enemies":"Colosseum Nobs","floor":27,"turns":4},{"damage":14,"enemies":"Slavers","floor":29,"turns":4},{"damage":10,"enemies":"Gremlin Leader","floor":31,"turns":5},{"damage":61,"enemies":"Automaton","floor":33,"turns":6}],"seed_played":"-4200660153733743223","potions_obtained":[{"floor":5,"key":"Swift Potion"},{"floor":6,"key":"LiquidMemories"},{"floor":8,"key":"LiquidMemories"},{"floor":20,"key":"Dexterity Potion"},{"floor":25,"key":"Regen Potion"},{"floor":29,"key":"SmokeBomb"}],"is_trial":false,"path_per_floor":["M","M","?","M","M","E","R","E","T","M","M","$","M","E","R","B",null,"M","$","M","M","$","R","E","M","T","?","R","E","R","E","R","B"],"character_chosen":"IRONCLAD","items_purchased":["Metallicize","Armaments","Strawberry","Pommel Strike","Shrug It Off","Metallicize"],"campfire_rested":0,"item_purchase_floors":[12,12,12,19,19,22],"current_hp_per_floor":[68,68,68,68,68,59,59,57,57,63,68,75,75,70,70,61,72,72,72,75,75,75,75,53,43,43,53,53,45,45,41,41,0,0],"gold":197,"neow_bonus":"ONE_RARE_RELIC","is_daily":false,"chose_seed":false,"campfire_upgraded":3,"win_rate":0.0,"timestamp":1609793688,"path_taken":["M","M","?","M","M","E","R","E","T","M","M","$","M","E","R","BOSS","M","$","M","M","$","R","E","M","T","?","R","E","R","E","R","BOSS"],"items_purchased_type":["Card","Card","Relic","Card","Card","Card"],"build_version":"2020-12-22","purchased_purges":1,"victory":false,"max_hp_per_floor":[68,68,68,68,68,68,68,68,68,68,68,75,75,75,75,75,75,75,75,75,75,75,75,75,75,75,75,75,75,75,75,75,75,75],"card_choices":[{"not_picked":["Armaments","Metallicize"],"picked":"Perfected Strike","floor":1},{"not_picked":["Cleave","Havoc"],"picked":"Spot Weakness","floor":2},{"not_picked":["Warcry","Heavy Blade"],"picked":"Flex","floor":4},{"not_picked":["Shockwave","Headbutt"],"picked":"Pommel Strike","floor":5},{"not_picked":["Thunderclap","Warcry"],"picked":"Headbutt","floor":6},{"not_picked":["Sever Soul","Anger"],"picked":"Thunderclap","floor":8},{"not_picked":["Pummel","Fiend Fire"],"picked":"Sword Boomerang","floor":10},{"not_picked":["Burning Pact","Rage"],"picked":"Wild Strike","floor":11},{"not_picked":["Iron Wave","Rampage"],"picked":"Twin Strike","floor":13},{"not_picked":["Bloodletting","Body Slam"],"picked":"Shrug It Off","floor":14},{"not_picked":["Double Tap","Brutality"],"picked":"Limit Break","floor":16},{"not_picked":["Shrug It Off","Clothesline"],"picked":"Flame Barrier","floor":18},{"not_picked":["Whirlwind","Flex"],"picked":"Twin Strike","floor":20},{"not_picked":["Warcry+1","Brutality"],"picked":"Cleave","floor":21},{"not_picked":["Dropkick","Clothesline"],"picked":"Heavy Blade","floor":24},{"not_picked":["Havoc","Shrug It Off"],"picked":"Wild Strike+1","floor":25},{"not_picked":["Blood for Blood","Armaments"],"picked":"Heavy Blade+1","floor":27},{"not_picked":["Anger","Armaments","Fiend Fire"],"picked":"SKIP","floor":29}],"player_experience":823892,"relics_obtained":[{"floor":6,"key":"Kunai"},{"floor":8,"key":"Smiling Mask"},{"floor":9,"key":"Bronze Scales"},{"floor":14,"key":"Self Forming Clay"},{"floor":24,"key":"Ancient Tea Set"},{"floor":26,"key":"Bag of Marbles"},{"floor":27,"key":"Shovel"},{"floor":27,"key":"Frozen Egg 2"},{"floor":28,"key":"The Courier"},{"floor":29,"key":"Pen Nib"},{"floor":30,"key":"TungstenRod"},{"floor":32,"key":"Red Skull"}],"event_choices":[{"damage_healed":0,"gold_gain":0,"player_choice":"Grow","damage_taken":0,"max_hp_gain":0,"max_hp_loss":0,"event_name":"Living Wall","floor":3,"gold_loss":0,"cards_upgraded":["Perfected Strike"]},{"damage_healed":0,"gold_gain":0,"player_choice":"Fight","damage_taken":0,"max_hp_gain":0,"max_hp_loss":0,"event_name":"Colosseum","floor":27,"gold_loss":0},{"damage_healed":0,"gold_gain":0,"player_choice":"Fought Nobs","damage_taken":0,"max_hp_gain":0,"max_hp_loss":0,"event_name":"Colosseum","floor":27,"gold_loss":0}],"is_beta":false,"boss_relics":[{"not_picked":["Tiny House","Cursed Key"],"picked":"Mark of Pain"}],"items_purged_floors":[19],"is_endless":false,"potions_floor_spawned":[5,6,8,10,11,13,20,25,29],"killed_by":"Automaton","ascension_level":14}}