{"host":"28p8ce41sjwa6lzf","time":1609781229,"event":{"mods":["BaseMod","Colored Map","Colored Powertips","Highlight Path","Minty Spire (QoL Compilation)","Permanent Neow","Quick Restart","Random Character Button","Rare Cards Sparkle","Relic Stats","StSLib","Unceasing Turn Reminder"],"gold_per_floor":[114,114,129,74,74,104,104,104,104,139,153,153,169,169,169],"floor_reached":14,"playtime":787,"items_purged":[],"score":196,"play_id":"c34edda0-0635-4907-b2f8-9de6a8ac7b0f","local_time":"20210104112709","is_ascension_mode":true,"campfire_choices":[{"data":"Glacier","floor":7.0,"key":"SMITH"},{"data":"Seek","floor":12.0,"key":"SMITH"}],"circlet_count":0,"master_deck":["AscendersBane","Strike_B","Strike_B","Strike_B","Strike_B","Defend_B","Defend_B","Defend_B","Defend_B","Zap+1","Dualcast","Reprogram","Glacier+1","Fusion","Pain","Seek+1","Compile Driver","Glacier"],"relics":["Cracked Core","TungstenRod","Potion Belt","WarpedTongs","Pear","WingedGreaves"],"acts_visited":["Exordium"],"potions_floor_usage":[14],"damage_taken":[{"damage":4.0,"enemies":"Jaw Worm","floor":1.0,"turns":4.0},{"damage":0.0,"enemies":"Cultist","floor":3.0,"turns":4.0},{"damage":14.0,"enemies":"3 Sentries","floor":6.0,"turns":12.0},{"damage":19.0,"enemies":"Lagavulin","floor":10.0,"turns":11.0},{"damage":0.0,"enemies":"Small Slimes","floor":11.0,"turns":4.0},{"damage":2.0,"enemies":"Looter","floor":13.0,"turns":4.0},{"damage":50,"enemies":"Gremlin Nob","floor":14,"turns":4}],"seed_played":"-3761955722301868159","potions_obtained":[{"floor":1.0,"key":"LiquidMemories"},{"floor":11.0,"key":"Swift Potion"}],"is_trial":false,"path_per_floor":["M","?","M","$","T","E","R","?","T","E","M","R","M","E"],"character_chosen":"DEFECT","items_purchased":["Fire Potion"],"campfire_rested":0,"item_purchase_floors":[4],"current_hp_per_floor":[60,60,60,60,60,46,46,46,56,37,37,37,35,0,0],"gold":169,"neow_bonus":"UPGRADE_CARD","is_daily":false,"chose_seed":false,"campfire_upgraded":2,"win_rate":0.0,"timestamp":1609781229,"path_taken":["M","?","M","$","?","E","R","?","T","E","M","R","?","E"],"items_purchased_type":["Potion"],"build_version":"2020-12-22","purchased_purges":0,"victory":false,"max_hp_per_floor":[71,71,71,71,71,71,71,71,81,81,81,81,81,81,81],"relic_stats":{"counters":[7,43],"obtain_stats":[{"Potion Belt":6,"Pear":9,"WingedGreaves":10,"Cracked Core":0,"TungstenRod":5,"WarpedTongs":8},{"Potion Belt":3,"Pear":3,"WingedGreaves":4,"Cracked Core":0,"TungstenRod":2,"WarpedTongs":3},{"Potion Belt":20,"Pear":20,"WingedGreaves":31,"Cracked Core":0,"TungstenRod":8,"WarpedTongs":20}],"TungstenRod":27,"WarpedTongs":[23]},"card_choices":[{"not_picked":["Conserve Battery","Sweeping Beam"],"picked":"Reprogram","floor":1.0},{"not_picked":["Cold Snap","Ball Lightning"],"picked":"Glacier","floor":3.0},{"not_picked":["Sweeping Beam","Turbo"],"picked":"Fusion","floor":6.0},{"not_picked":["Go for the Eyes","Tempest"],"picked":"Seek","floor":10.0},{"not_picked":["Scrape","Turbo"],"picked":"Compile Driver","floor":11.0},{"not_picked":["Stack","Ball Lightning"],"picked":"Glacier","floor":13.0}],"player_experience":1068157,"relics_obtained":[{"floor":5.0,"key":"TungstenRod"},{"floor":6.0,"key":"Potion Belt"},{"floor":9.0,"key":"Pear"},{"floor":10.0,"key":"WingedGreaves"}],"event_choices":[{"damage_healed":0.0,"max_hp_gain":0.0,"max_hp_loss":0.0,"gold_gain":0.0,"event_name":"Match and Keep!","player_choice":"0 cards matched","floor":2.0,"gold_loss":0.0,"damage_taken":0.0,"cards_obtained":[]},{"damage_healed":0.0,"max_hp_gain":0.0,"max_hp_loss":0.0,"gold_gain":0.0,"event_name":"Accursed Blacksmith","player_choice":"Rummage","floor":8.0,"gold_loss":0.0,"damage_taken":0.0,"relics_obtained":["WarpedTongs"],"cards_obtained":["Pain"]}],"is_beta":false,"boss_relics":[],"items_purged_floors":[],"is_endless":false,"potions_floor_spawned":[1,11],"killed_by":"Gremlin Nob","ascension_level":20}}