{"host":"wshh0nphwn6jv7vj","time":1609748358,"event":{"mods":["BaseMod","Bestiary","Minty Spire (QoL Compilation)"],"gold_per_floor":[117,131,149,149,167,194,194,68,91,140,155,155,189,189,189,266,266,277,26,26,26,36,70,70,70,95,115,148,18,53,53,53,128,128,146,146,198,1197,1213,1213,1225,1225,1225],"floor_reached":42,"playtime":2464,"items_purged":["Strike_G","Strike_G","Writhe"],"score":1062,"play_id":"d9ed270c-454d-481e-b6d3-070c0b25b9e2","local_time":"20210104031918","is_ascension_mode":true,"campfire_choices":[{"floor":7,"key":"REST"},{"data":"Footwork","floor":12,"key":"SMITH"},{"floor":15,"key":"REST"},{"data":"Footwork","floor":24,"key":"SMITH"},{"floor":32,"key":"REST"}],"circlet_count":0,"master_deck":["AscendersBane","Strike_G","Strike_G","Defend_G","Defend_G","Defend_G","Defend_G","Survivor","Neutralize","Caltrops","All Out Attack","Backflip","Flying Knee","Footwork+1","Footwork+1","Blur","Blur","Dodge and Roll","Corpse Explosion","Adrenaline","Dash","PiercingWail","Deadly Poison","Deflect+1","Jack Of All Trades","Calculated Gamble+1","PiercingWail","Noxious Fumes","Distraction+1","Malaise","PiercingWail","Normality","Normality","Footwork","Writhe"],"relics":["Ring of the Snake","NeowsBlessing","Blood Vial","Smiling Mask","Boot","Anchor","CaptainsWheel","Empty Cage","TwistedFunnel","Juzu Bracelet","Tiny Chest","MealTicket","Thread and Needle","Prayer Wheel","Sozu","Bronze Scales"],"acts_visited":["Exordium","TheCity","TheBeyond"],"potions_floor_usage":[6,10,10,13,23,23,28,28,33],"damage_taken":[{"damage":0,"enemies":"Cultist","floor":1,"turns":1},{"damage":0,"enemies":"2 Louse","floor":2,"turns":1},{"damage":0,"enemies":"Small Slimes","floor":3,"turns":1},{"damage":10,"enemies":"Red Slaver","floor":5,"turns":7},{"damage":26,"enemies":"3 Sentries","floor":6,"turns":7},{"damage":0,"enemies":"Lagavulin","floor":10,"turns":5},{"damage":0,"enemies":"Blue Slaver","floor":11,"turns":5},{"damage":33,"enemies":"Gremlin Nob","floor":13,"turns":7},{"damage":4,"enemies":"Hexaghost","floor":16,"turns":13},{"damage":0,"enemies":"Shell Parasite","floor":18,"turns":9},{"damage":4,"enemies":"2 Thieves","floor":22,"turns":4},{"damage":15,"enemies":"Slavers","floor":23,"turns":6},{"damage":5,"enemies":"Snake Plant","floor":27,"turns":6},{"damage":7,"enemies":"Gremlin Leader","floor":28,"turns":11},{"damage":0,"enemies":"Book of Stabbing","floor":30,"turns":7},{"damage":31,"enemies":"Champ","floor":33,"turns":20},{"damage":0,"enemies":"3 Shapes","floor":35,"turns":3},{"damage":24,"enemies":"Orb Walker","floor":39,"turns":5},{"damage":47,"enemies":"Transient","floor":41,"turns":6},{"damage":17,"enemies":"Writhing Mass","floor":42,"turns":7}],"seed_played":"2917381176577091004","potions_obtained":[{"floor":2,"key":"SkillPotion"},{"floor":3,"key":"FearPotion"},{"floor":6,"key":"ColorlessPotion"},{"floor":11,"key":"CultistPotion"},{"floor":13,"key":"EssenceOfSteel"},{"floor":22,"key":"LiquidMemories"},{"floor":23,"key":"Explosive Potion"},{"floor":30,"key":"Energy Potion"},{"floor":33,"key":"Energy Potion"}],"is_trial":false,"path_per_floor":["M","M","M","?","M","E","R","$","T","E","M","R","E","?","R","B",null,"M","$","$","?","M","E","R","?","T","M","E","$","E","?","R","B",null,"M","?","T","?","M","?","M","M"],"character_chosen":"THE_SILENT","items_purchased":["Footwork","TwistedFunnel","PiercingWail","Noxious Fumes"],"campfire_rested":3,"item_purchase_floors":[8,19,19,29],"current_hp_per_floor":[59,59,59,41,33,9,28,28,28,30,32,32,1,1,20,18,54,56,56,56,56,54,41,41,23,23,20,15,30,32,14,35,6,55,57,57,57,57,35,49,4,0,0],"gold":1225,"neow_bonus":"THREE_ENEMY_KILL","is_daily":false,"chose_seed":false,"campfire_upgraded":2,"win_rate":0.0,"timestamp":1609748358,"path_taken":["M","?","?","?","M","E","R","$","T","E","M","R","E","?","R","BOSS","M","?","$","?","M","E","R","?","T","M","E","$","E","?","R","BOSS","M","?","?","?","M","?","M","M"],"items_purchased_type":["Card","Relic","Card","Card"],"build_version":"2020-12-22","purchased_purges":3,"victory":false,"max_hp_per_floor":[66,66,66,66,66,66,66,66,66,66,66,66,66,66,66,66,66,66,66,66,66,66,66,66,66,66,66,66,66,66,71,71,71,71,71,71,71,71,71,71,71,71,71],"card_choices":[{"not_picked":["Prepared","Infinite Blades"],"picked":"Caltrops","floor":1},{"not_picked":["Acrobatics","Underhanded Strike"],"picked":"All Out Attack","floor":2},{"not_picked":["Sucker Punch","Accuracy"],"picked":"Backflip","floor":3},{"not_picked":["All Out Attack","Infinite Blades"],"picked":"Flying Knee","floor":5},{"not_picked":["Escape Plan","Acrobatics"],"picked":"Footwork","floor":6},{"not_picked":["Masterful Stab","PiercingWail"],"picked":"Blur","floor":10},{"not_picked":["Sucker Punch","Distraction"],"picked":"Blur","floor":11},{"not_picked":["Dagger Throw","Underhanded Strike"],"picked":"Dodge and Roll","floor":13},{"not_picked":["Bullet Time","A Thousand Cuts"],"picked":"Adrenaline","floor":16},{"not_picked":["Dagger Throw","Outmaneuver"],"picked":"Dash","floor":18},{"not_picked":["Finisher","Calculated Gamble+1"],"picked":"Deadly Poison","floor":22},{"not_picked":["Corpse Explosion","Distraction"],"picked":"Deflect+1","floor":23},{"not_picked":["Distraction","Expertise"],"picked":"Calculated Gamble+1","floor":27},{"not_picked":["Underhanded Strike","Setup+1"],"picked":"PiercingWail","floor":28},{"not_picked":["Envenom","Endless Agony"],"picked":"Distraction+1","floor":30},{"not_picked":["Tools of the Trade","Adrenaline"],"picked":"Malaise","floor":33},{"not_picked":["Outmaneuver+1","Eviscerate"],"picked":"PiercingWail","floor":35},{"not_picked":["Prepared","Slice","Blade Dance"],"picked":"SKIP","floor":35},{"not_picked":["Cloak And Dagger","Dodge and Roll+1"],"picked":"Footwork","floor":39},{"not_picked":["Bane","Dagger Spray","Skewer"],"picked":"SKIP","floor":39},{"not_picked":["Flying Knee","Underhanded Strike+1","Flechettes"],"picked":"SKIP","floor":41},{"not_picked":["Deflect","Slice+1","Prepared"],"picked":"SKIP","floor":41}],"player_experience":1540991,"relics_obtained":[{"floor":6,"key":"Smiling Mask"},{"floor":9,"key":"Boot"},{"floor":10,"key":"Anchor"},{"floor":13,"key":"CaptainsWheel"},{"floor":23,"key":"Tiny Chest"},{"floor":26,"key":"MealTicket"},{"floor":28,"key":"Thread and Needle"},{"floor":30,"key":"Prayer Wheel"},{"floor":37,"key":"Bronze Scales"}],"event_choices":[{"damage_healed":0,"gold_gain":0,"player_choice":"Success","damage_taken":18,"relics_obtained":["Blood Vial"],"max_hp_gain":0,"max_hp_loss":0,"event_name":"Scrap Ooze","floor":4,"gold_loss":0},{"damage_healed":0,"gold_gain":0,"player_choice":"1 cards matched","damage_taken":0,"max_hp_gain":0,"max_hp_loss":0,"event_name":"Match and Keep!","floor":14,"gold_loss":0,"cards_obtained":["Corpse Explosion"]},{"damage_healed":0,"gold_gain":0,"player_choice":"Opened","damage_taken":0,"relics_obtained":["Juzu Bracelet"],"max_hp_gain":0,"max_hp_loss":0,"event_name":"The Mausoleum","floor":21,"gold_loss":0,"cards_obtained":["Writhe"]},{"damage_healed":0,"gold_gain":0,"player_choice":"POTION CARD ","damage_taken":18,"max_hp_gain":0,"max_hp_loss":0,"event_name":"Knowing Skull","floor":25,"potions_obtained":["Fire Potion"],"gold_loss":0,"cards_obtained":["Jack Of All Trades"]},{"damage_healed":0,"gold_gain":0,"player_choice":"Shed Blood","damage_taken":23,"max_hp_gain":5,"max_hp_loss":0,"event_name":"Forgotten Altar","floor":31,"gold_loss":0},{"damage_healed":0,"gold_gain":0,"player_choice":"Ignored","damage_taken":0,"max_hp_gain":0,"max_hp_loss":0,"event_name":"Tomb of Lord Red Mask","floor":36,"gold_loss":0},{"damage_healed":0,"gold_gain":999,"player_choice":"Gold","damage_taken":0,"max_hp_gain":0,"max_hp_loss":0,"event_name":"MindBloom","floor":38,"gold_loss":0,"cards_obtained":["Normality","Normality"]},{"damage_healed":14,"gold_gain":0,"player_choice":"Writhe","damage_taken":0,"max_hp_gain":0,"max_hp_loss":0,"event_name":"Winding Halls","floor":40,"gold_loss":0,"cards_obtained":["Writhe"]}],"is_beta":false,"boss_relics":[{"not_picked":["Velvet Choker","WristBlade"],"picked":"Empty Cage"},{"not_picked":["Snecko Eye","Coffee Dripper"],"picked":"Sozu"}],"items_purged_floors":[8,19,29],"is_endless":false,"potions_floor_spawned":[2,3,6,11,13,22,23,27,30,33,35],"killed_by":"Writhing Mass","ascension_level":17}}