{"host":"5dk97cf2ubw2v967","time":1609782318,"event":{"mods":["AlwaysNeverKeys","BaseMod","Better Altar","Better Vampires","Block Reminder","Colored Powertips","Downfall","Googly Eyes","Highlight Path","Minty Spire (QoL Compilation)","Permanent Neow","Potion Indicator Mod","Quick Restart","Relic Filter","Relic Stats","Say the Spire","Spicy Shops","StSLib","Waifu the Spire","everything is the same but u backflip on backflip"],"gold_per_floor":[363,382,50,50,67,67,101,81,81,100,100,100,133,133,133,211,211,224,235,510,23,34,34,34,34,58,70,99,99,99],"floor_reached":29,"playtime":1832,"items_purged":["Strike_G","Regret"],"score":506,"play_id":"e88e5240-3a5c-4e91-bded-697a8681c391","local_time":"20210104174518","is_ascension_mode":true,"campfire_choices":[{"data":"Noxious Fumes","floor":6.0,"key":"SMITH"},{"data":"Catalyst","floor":12.0,"key":"SMITH"},{"floor":15.0,"key":"REST"},{"floor":23.0,"key":"REST"},{"floor":25.0,"key":"REST"}],"circlet_count":0,"master_deck":["AscendersBane","Strike_G","Strike_G+1","Defend_G","Defend_G","Defend_G","Defend_G","Survivor","Neutralize","Poisoned Stab","Noxious Fumes+1","Outmaneuver","Crippling Poison","Escape Plan","Catalyst+1","Footwork","Endless Agony+1","Venomology","All Out Attack+1","Well Laid Plans+1","Glass Knife+1","Dodge and Roll","Dodge and Roll","Regret","Noxious Fumes","Noxious Fumes","Dodge and Roll+1","Deadly Poison"],"relics":["Ring of the Snake","TwistedFunnel","Question Card","Smiling Mask","Incense Burner","Whetstone","Astrolabe","DollysMirror","Potion Belt","Centennial Puzzle","Pen Nib","StrikeDummy"],"acts_visited":["Exordium","TheCity"],"potions_floor_usage":[],"damage_taken":[{"damage":1.0,"enemies":"Cultist","floor":1.0,"turns":5.0},{"damage":0.0,"enemies":"Small Slimes","floor":2.0,"turns":4.0},{"damage":1.0,"enemies":"Jaw Worm","floor":5.0,"turns":3.0},{"damage":12.0,"enemies":"Lagavulin","floor":7.0,"turns":5.0},{"damage":16.0,"enemies":"Exordium Thugs","floor":8.0,"turns":5.0},{"damage":7.0,"enemies":"Blue Slaver","floor":10.0,"turns":4.0},{"damage":10.0,"enemies":"3 Sentries","floor":13.0,"turns":5.0},{"damage":13.0,"enemies":"The Guardian","floor":16.0,"turns":9.0},{"damage":11.0,"enemies":"Spheric Guardian","floor":18.0,"turns":4.0},{"damage":4.0,"enemies":"Chosen","floor":19.0,"turns":3.0},{"damage":26.0,"enemies":"Shelled Parasite and Fungi","floor":22.0,"turns":6.0},{"damage":15.0,"enemies":"Sentry and Sphere","floor":27.0,"turns":6.0},{"damage":28.0,"enemies":"Gremlin Leader","floor":28.0,"turns":8.0},{"damage":0,"enemies":"Snake Plant","floor":29,"turns":2}],"seed_played":"4429056831644994510","potions_obtained":[{"floor":5.0,"key":"PowerPotion"},{"floor":7.0,"key":"sneckomod:MuddlingPotion"},{"floor":8.0,"key":"Swift Potion"},{"floor":19.0,"key":"ColorlessPotion"},{"floor":28.0,"key":"Weak Potion"}],"is_trial":false,"path_per_floor":["M","M","$","?","M","R","E","M","T","M","?","R","E","?","R","B",null,"M","M","?","$","M","R","T","R","T","M","E","M"],"character_chosen":"THE_SILENT","items_purchased":["TwistedFunnel","Outmaneuver","Strength Potion","Noxious Fumes","DollysMirror","Potion Belt"],"campfire_rested":3,"item_purchase_floors":[3,3,3,21,21,21],"current_hp_per_floor":[58,58,58,58,57,57,45,29,29,22,22,22,12,12,30,17,49,38,34,34,34,8,26,26,44,44,29,1,1,1],"gold":99,"neow_bonus":"TWO_FIFTY_GOLD","is_daily":false,"chose_seed":false,"campfire_upgraded":2,"win_rate":0.0,"timestamp":1609782318,"path_taken":["M","M","$","?","M","R","E","M","T","M","?","R","E","?","R","BOSS","M","M","?","?","?","R","?","R","T","M","E","M"],"items_purchased_type":["Relic","Card","Potion","Card","Relic","Relic"],"build_version":"2020-12-22","purchased_purges":2,"victory":false,"max_hp_per_floor":[60,60,60,60,60,60,60,60,60,60,60,60,60,60,60,60,60,60,60,60,60,60,60,60,60,60,60,60,60,60],"relic_stats":{"Centennial Puzzle":[6],"counters":[14,69],"Astrolabe":["All Out Attack","Well Laid Plans","Glass Knife"],"Pen Nib":[2],"Whetstone":["Strike_G","Endless Agony"],"Question Card":11,"Smiling Mask":50,"obtain_stats":[{"TwistedFunnel":3,"Potion Belt":21,"Centennial Puzzle":24,"DollysMirror":21,"Astrolabe":17,"Pen Nib":26,"Incense Burner":9,"Whetstone":13,"Question Card":4,"Smiling Mask":7,"StrikeDummy":28,"Ring of the Snake":0},{"TwistedFunnel":2,"Potion Belt":10,"Centennial Puzzle":11,"DollysMirror":10,"Astrolabe":8,"Pen Nib":11,"Incense Burner":5,"Whetstone":7,"Question Card":2,"Smiling Mask":4,"StrikeDummy":13,"Ring of the Snake":0},{"TwistedFunnel":9,"Potion Belt":47,"Centennial Puzzle":53,"DollysMirror":47,"Astrolabe":40,"Pen Nib":53,"Incense Burner":22,"Whetstone":31,"Question Card":9,"Smiling Mask":17,"StrikeDummy":67,"Ring of the Snake":0}],"Ring of the Snake":[29]},"card_choices":[{"not_picked":["Flying Knee","Outmaneuver"],"picked":"Poisoned Stab","floor":1.0},{"not_picked":["Crippling Poison","Dodge and Roll"],"picked":"Noxious Fumes","floor":2.0},{"not_picked":["Endless Agony","Blur","Outmaneuver"],"picked":"Crippling Poison","floor":5.0},{"not_picked":["Tactician","Crippling Poison","Infinite Blades"],"picked":"Escape Plan","floor":7.0},{"not_picked":["Bouncing Flask","Blade Dance","Dagger Spray"],"picked":"Catalyst","floor":8.0},{"not_picked":["Sucker Punch","Backflip","Deflect"],"picked":"Footwork","floor":10.0},{"not_picked":["Tactician","Blade Dance","Skewer"],"picked":"Endless Agony","floor":13.0},{"not_picked":["Night Terror","Tools of the Trade","Grand Finale"],"picked":"Venomology","floor":16.0},{"not_picked":["Sucker Punch","Cloak And Dagger","Dagger Spray+1"],"picked":"Dodge and Roll","floor":18.0},{"not_picked":["Slice","Infinite Blades","Dagger Throw"],"picked":"Dodge and Roll","floor":19.0},{"not_picked":["Bouncing Flask","Heel Hook","Sucker Punch"],"picked":"Dodge and Roll+1","floor":22.0},{"not_picked":["Deflect","Choke","Reflex","Blade Dance"],"picked":"SKIP","floor":27.0},{"not_picked":["Dodge and Roll","Prepared","Sucker Punch"],"picked":"Deadly Poison","floor":28.0}],"player_experience":1293282,"relics_obtained":[{"floor":7.0,"key":"Smiling Mask"},{"floor":9.0,"key":"Incense Burner"},{"floor":13.0,"key":"Whetstone"},{"floor":24.0,"key":"Centennial Puzzle"},{"floor":26.0,"key":"Pen Nib"},{"floor":28.0,"key":"StrikeDummy"}],"event_choices":[{"damage_healed":0.0,"max_hp_gain":0.0,"max_hp_loss":0.0,"gold_gain":0.0,"event_name":"Big Fish","player_choice":"Box","floor":4.0,"gold_loss":0.0,"damage_taken":0.0,"relics_obtained":["Question Card"],"cards_obtained":["Regret"]},{"damage_healed":0.0,"max_hp_gain":0.0,"max_hp_loss":0.0,"gold_gain":0.0,"event_name":"Scrap Ooze","player_choice":"Fled","floor":11.0,"gold_loss":0.0,"damage_taken":0.0},{"damage_healed":0.0,"max_hp_gain":0.0,"max_hp_loss":0.0,"gold_gain":0.0,"event_name":"Shining Light","player_choice":"Ignored","floor":14.0,"gold_loss":0.0,"damage_taken":0.0},{"damage_healed":0.0,"max_hp_gain":0.0,"max_hp_loss":0.0,"gold_gain":275.0,"event_name":"Golden Shrine","player_choice":"Desecrate","floor":20.0,"gold_loss":0.0,"damage_taken":0.0,"cards_obtained":["Regret"]}],"is_beta":false,"boss_relics":[{"not_picked":["WristBlade","Sozu"],"picked":"Astrolabe"}],"items_purged_floors":[3,21],"is_endless":false,"potions_floor_spawned":[5,7,8,10,19,28],"killed_by":"Snake Plant","ascension_level":20}}