{"host":"4qt77pm52ljaz00q","time":1609773244,"event":{"mods":["2.2 Compatiblity","BaseMod","BetterRewards","Colored Map","Downfall","Minty Spire (QoL Compilation)","Permanent Neow","Relic Sorter","Shop Mod","StSLib","Unknown Chances"],"gold_per_floor":[99,115,125,137,152,152,176,176,205,130,142,175,175,80,99,203,203,203,215,215,227,240,340,340,340,373,386,421,436,335,369,388,488,488,413,413,413,413],"floor_reached":36,"playtime":1668,"items_purged":[],"score":477,"play_id":"f93c60f5-8ad0-443a-8538-1cb69508bea9","local_time":"20210104101404","is_ascension_mode":true,"campfire_choices":[{"floor":1,"key":"RECALL"},{"data":"champ:Taunt","floor":10,"key":"SMITH"},{"floor":13,"key":"REST"},{"data":"champ:VampiricStrike","floor":18,"key":"SMITH"},{"data":"champ:GutPunch","floor":35,"key":"SMITH"}],"circlet_count":0,"master_deck":["champ:Strike","champ:Strike","champ:Strike","champ:Strike","champ:Defend","champ:Defend","champ:Defend","champ:Defend","champ:Execute","champ:Taunt+1","champ:GutPunch+1","champ:AdrenalArmor","champ:BerserkersShout","champ:Encircle","champ:VampiricStrike+1","champ:CrookedStrike","champ:EnchantCrown","champ:EnragedBash+1","Parasite","champ:Backstep+1","Dramatic Entrance","champ:BringItOn"],"relics":["Busted Crown","Toy Ornithopter","Pen Nib","downfall:BrokenWingStatue","MealTicket","downfall:HeartBlessingRed","Du-Vu Doll","Cursed Key","MutagenicStrength","Pantograph","Smiling Mask","Ornamental Fan","Shovel","sneckomod:SneckoTalon","downfall:HeartBlessingGreen"],"acts_visited":["Exordium","TheCity","TheBeyond"],"potions_floor_usage":[12,16,26,33,33],"damage_taken":[{"damage":6,"enemies":"2 Louse","floor":2,"turns":3},{"damage":7,"enemies":"Small Slimes","floor":3,"turns":4},{"damage":12,"enemies":"Jaw Worm","floor":4,"turns":3},{"damage":29,"enemies":"Exordium Thugs","floor":5,"turns":4},{"damage":47,"enemies":"3 Sentries","floor":9,"turns":10},{"damage":12,"enemies":"3 Louse","floor":11,"turns":4},{"damage":41,"enemies":"Gremlin Nob","floor":12,"turns":4},{"damage":24,"enemies":"downfall:FleeingMerchant","floor":14,"turns":4},{"damage":14,"enemies":"Large Slime","floor":15,"turns":4},{"damage":57,"enemies":"downfall:Ironclad","floor":16,"turns":7},{"damage":21,"enemies":"3 Byrds","floor":19,"turns":4},{"damage":38,"enemies":"Snake Plant","floor":21,"turns":4},{"damage":43,"enemies":"Shelled Parasite and Fungi","floor":22,"turns":4},{"damage":47,"enemies":"Book of Stabbing","floor":26,"turns":4},{"damage":43,"enemies":"Centurion and Healer","floor":27,"turns":5},{"damage":63,"enemies":"Gremlin Leader","floor":28,"turns":5},{"damage":22,"enemies":"Sentry and Sphere","floor":29,"turns":3},{"damage":47,"enemies":"downfall:FleeingMerchant","floor":30,"turns":4},{"damage":81,"enemies":"Book of Stabbing","floor":31,"turns":6},{"damage":20,"enemies":"Shelled Parasite and Fungi","floor":32,"turns":2},{"damage":44,"enemies":"downfall:Defect","floor":33,"turns":6},{"damage":152,"enemies":"2 Orb Walkers","floor":36,"turns":6}],"seed_played":"6161900538799488051","potions_obtained":[{"floor":3,"key":"Fire Potion"},{"floor":9,"key":"hexamod:EctoCoolerPotion"},{"floor":12,"key":"Energy Potion"},{"floor":16,"key":"Slimebound:ThreeZeroPotion"},{"floor":19,"key":"champ:CounterPotion"},{"floor":32,"key":"SpeedPotion"},{"floor":33,"key":"sneckomod:MuddlingPotion"}],"is_trial":false,"path_per_floor":["R","M","M","M","M","?","T","?","E","R","M","E","R","$","M","B",null,"R","M","?","M","M","?","T","?","E","M","E","M","$","E","M","B",null,"R","?"],"character_chosen":"THE_CHAMP","items_purchased":["champ:VampiricStrike","Dramatic Entrance"],"campfire_rested":1,"item_purchase_floors":[14,30],"current_hp_per_floor":[90,89,87,85,68,56,56,56,30,30,30,12,39,54,68,49,90,90,90,90,80,68,68,68,68,71,74,74,74,84,64,59,90,90,90,0,0,0],"gold":413,"neow_bonus":"BOSS_RELIC","is_daily":false,"chose_seed":false,"campfire_upgraded":3,"win_rate":0.0,"timestamp":1609773244,"path_taken":["R","M","M","M","M","?","T","?","E","R","M","E","R","$","M","BOSS","R","M","?","M","M","?","T","?","E","M","E","?","?","E","M","BOSS","R","?"],"items_purchased_type":["Card","Card"],"build_version":"2020-12-22","purchased_purges":0,"victory":false,"max_hp_per_floor":[90,90,90,90,90,90,90,90,90,90,90,90,90,90,90,90,90,90,90,90,90,90,90,90,90,90,90,90,90,90,90,90,90,90,90,90,90,90],"card_choices":[{"not_picked":[],"picked":"champ:GutPunch","floor":2},{"not_picked":["champ:Haymaker"],"picked":"SKIP","floor":3},{"not_picked":[],"picked":"champ:AdrenalArmor","floor":4},{"not_picked":["champ:BladeFlurry"],"picked":"SKIP","floor":5},{"not_picked":["champ:Shatter"],"picked":"SKIP","floor":9},{"not_picked":[],"picked":"champ:BerserkersShout","floor":11},{"not_picked":[],"picked":"champ:Encircle","floor":12},{"not_picked":["champ:PerfectedStrike"],"picked":"SKIP","floor":14},{"not_picked":[],"picked":"champ:CrookedStrike","floor":15},{"not_picked":[],"picked":"champ:EnchantCrown","floor":16},{"not_picked":[],"picked":"champ:EnragedBash+1","floor":19},{"not_picked":["champ:IronFortress"],"picked":"SKIP","floor":21},{"not_picked":["champ:StanceDance"],"picked":"SKIP","floor":22},{"not_picked":["champ:DefensiveShout"],"picked":"SKIP","floor":26},{"not_picked":["champ:PerfectedStrike"],"picked":"SKIP","floor":27},{"not_picked":["champ:Backstep"],"picked":"SKIP","floor":28},{"not_picked":["champ:GladiatorStyle"],"picked":"SKIP","floor":29},{"not_picked":[],"picked":"champ:Backstep+1","floor":30},{"not_picked":["champ:FalseCounter"],"picked":"SKIP","floor":31},{"not_picked":[],"picked":"champ:BringItOn","floor":32}],"player_experience":191350,"relics_obtained":[{"floor":7,"key":"Pen Nib"},{"floor":9,"key":"MealTicket"},{"floor":12,"key":"Du-Vu Doll"},{"floor":24,"key":"Pantograph"},{"floor":26,"key":"Smiling Mask"},{"floor":28,"key":"Ornamental Fan"},{"floor":31,"key":"Shovel"}],"event_choices":[{"damage_healed":0,"gold_gain":0,"player_choice":"Success","damage_taken":12,"relics_obtained":["Toy Ornithopter"],"max_hp_gain":0,"max_hp_loss":0,"event_name":"Scrap Ooze","floor":6,"gold_loss":0},{"damage_healed":0,"gold_gain":0,"player_choice":"Inject Mutagens","damage_taken":0,"relics_obtained":["MutagenicStrength"],"max_hp_gain":0,"max_hp_loss":0,"event_name":"Drug Dealer","floor":20,"gold_loss":0},{"damage_healed":0,"gold_gain":0,"player_choice":"Fight","damage_taken":0,"max_hp_gain":0,"max_hp_loss":0,"event_name":"Mysterious Sphere","floor":36,"gold_loss":0}],"is_beta":false,"boss_relics":[{"not_picked":["Pandora\u0027s Box","Sozu"],"picked":"Cursed Key"},{"not_picked":["champ:PowerArmor","SacredBark"],"picked":"sneckomod:SneckoTalon"}],"items_purged_floors":[],"is_endless":false,"potions_floor_spawned":[3,9,12,16,19,21,32,33],"killed_by":"2 Orb Walkers","ascension_level":2}}