{"host":"40f49r155zsx8eqk","time":1609801315,"event":{"mods":["AchievementEnabler","Aspiration","BaseMod","Curses Come First","Dota2Spire","Evolution","Googly Eyes","Minty Spire (QoL Compilation)","Relic Sorter","Replay The Spire","StSLib","The Gatherer"],"gold_per_floor":[119,119,119,184,197,225,225,254,277,309,329,348,381,346,346,442,442,461,12,28,28,42,42,74,87,87,121,121,140,11,24,24,119,119,138,138,138,138,157,183,195,227,277,16,16,16,46,46,46,46],"floor_reached":51,"playtime":1987,"items_purged":["Defend_P"],"score":1100,"play_id":"f4cb8ae2-d9b8-4297-874f-65a4116fb848","local_time":"20210105020155","is_ascension_mode":true,"campfire_choices":[{"data":"Omniscience","floor":7,"key":"SMITH"},{"floor":15,"key":"REST"},{"floor":23,"key":"REST"},{"floor":28,"key":"REST"},{"data":"Vault","floor":32,"key":"SMITH"}],"circlet_count":0,"master_deck":["FlyingSleeves","FlyingSleeves","Strike_P","Defend_P+1","Defend_P+1","Eruption+1","Vigilance+1","Wallop+1","Steam","Omniscience+1","FlurryOfBlows","Consecrate","Prostrate","Devotion+1","MentalFortress","Devotion","White Noise+1","Vault+1","Storm+1","Hologram+1","TalkToTheHand","TalkToTheHand"],"relics":["PureWater","EVO:Axolotl","aspiration:Nostalgia","Gatherer:AlchemyBag","Damaru","Boot","War Paint","Replay:Bottled Snecko","Gremlin Food","aspiration:DefectSkillbook","aspiration:FetidBarrel","Blood Vial","Dota2Spire:UrnOfShadows","aspiration:StickyExplosives_weak","Letter Opener","Fusion Hammer","Onion Ring","Replay:PocketPolymizer","Dota2Spire:EchoSabre","Dota2Spire:CrimsonGuard","aspiration:AnachronicSnailShell","Art of War"],"acts_visited":["Exordium","TheCity","TheBeyond"],"potions_floor_usage":[8,16,16,24,50,50,50],"damage_taken":[{"damage":2,"enemies":"2 Louse","floor":1,"turns":2},{"damage":1,"enemies":"Small Slimes","floor":5,"turns":2},{"damage":17,"enemies":"Gremlin Nob","floor":6,"turns":4},{"damage":18,"enemies":"3 Sentries","floor":8,"turns":4},{"damage":0,"enemies":"Gremlin Nob","floor":10,"turns":2},{"damage":0,"enemies":"Jaw Worm","floor":11,"turns":2},{"damage":0,"enemies":"Looter","floor":12,"turns":2},{"damage":0,"enemies":"3 Sentries","floor":13,"turns":5},{"damage":0,"enemies":"Hexaghost","floor":16,"turns":7},{"damage":12,"enemies":"Spheric Guardian","floor":18,"turns":4},{"damage":5,"enemies":"Shell Parasite","floor":20,"turns":4},{"damage":13,"enemies":"Sentry and Sphere","floor":22,"turns":4},{"damage":19,"enemies":"Slavers","floor":24,"turns":3},{"damage":10,"enemies":"Centurion and Healer","floor":25,"turns":3},{"damage":5,"enemies":"Book of Stabbing","floor":27,"turns":5},{"damage":0,"enemies":"Shelled Parasite and Fungi","floor":29,"turns":3},{"damage":0,"enemies":"Chosen and Byrds","floor":31,"turns":3},{"damage":0,"enemies":"Automaton","floor":33,"turns":5},{"damage":2,"enemies":"Orb Walker","floor":35,"turns":3},{"damage":0,"enemies":"3 Shapes","floor":39,"turns":3},{"damage":0,"enemies":"Reptomancer","floor":40,"turns":6},{"damage":0,"enemies":"Writhing Mass","floor":41,"turns":4},{"damage":0,"enemies":"R_Hoarder","floor":42,"turns":4},{"damage":0,"enemies":"Nemesis","floor":47,"turns":4},{"damage":10,"enemies":"Donu and Deca","floor":50,"turns":8}],"seed_played":"2476802227580747248","potions_obtained":[{"floor":6,"key":"SteroidPotion"},{"floor":10,"key":"Dexterity Potion"},{"floor":11,"key":"Block Potion"},{"floor":16,"key":"Toxic Potion"},{"floor":25,"key":"StancePotion"},{"floor":31,"key":"Ancient Potion"},{"floor":40,"key":"Ambrosia"},{"floor":47,"key":"SteroidPotion"}],"is_trial":false,"path_per_floor":["M","?","?","?","M","E","R","E","T","E","M","M","E","?","R","B",null,"M","$","M","?","M","R","E","M","T","E","R","M","$","M","R","B",null,"M","?","?","?","M","E","M","E","T","$","?","T","E","$","R","B",null],"character_chosen":"WATCHER","items_purchased":["aspiration:FetidBarrel","Blood Vial","Elixir","TalkToTheHand","Dota2Spire:CrimsonGuard"],"campfire_rested":3,"item_purchase_floors":[19,19,19,30,44],"current_hp_per_floor":[70,70,70,70,69,52,52,34,34,34,34,34,34,34,55,55,72,60,60,57,57,46,67,50,42,42,39,60,62,62,64,64,66,72,70,72,68,68,68,68,68,68,68,68,68,68,68,68,68,58],"gold":46,"neow_bonus":"NOSTALGIA","is_daily":false,"chose_seed":false,"campfire_upgraded":2,"win_rate":0.0,"timestamp":1609801315,"path_taken":["M","?","?","?","?","E","R","E","T","E","M","M","E","?","R","BOSS","M","$","M","?","M","R","E","M","T","E","R","?","?","M","R","BOSS","M","?","?","?","?","E","M","E","T","$","?","?","E","?","R","BOSS"],"items_purchased_type":["Relic","Relic","Potion","Card","Relic"],"build_version":"2020-12-22","purchased_purges":1,"victory":true,"max_hp_per_floor":[72,72,72,72,72,72,72,72,72,72,72,72,72,72,72,72,72,72,72,72,72,72,72,72,72,72,72,72,72,72,72,72,72,72,72,72,68,68,68,68,68,68,68,68,68,68,68,68,68,68],"card_choices":[{"not_picked":["FlurryOfBlows","SashWhip"],"picked":"Wallop","floor":1},{"not_picked":["FearNoEvil","FlurryOfBlows","Protect"],"picked":"SKIP","floor":5},{"not_picked":["PathToVictory","Evaluate"],"picked":"Omniscience","floor":6},{"not_picked":["Evaluate","Protect"],"picked":"FlurryOfBlows","floor":8},{"not_picked":["PathToVictory","Replay:AtTheReady"],"picked":"Consecrate","floor":10},{"not_picked":["Replay:ManipulateFuture","BowlingBash"],"picked":"Prostrate","floor":11},{"not_picked":["Protect","FlyingSleeves"],"picked":"Devotion","floor":12},{"not_picked":["Tantrum","Replay:ManipulateFuture"],"picked":"MentalFortress","floor":13},{"not_picked":["MasterReality","DevaForm"],"picked":"Devotion","floor":16},{"not_picked":["Rebound","Blizzard","ClearTheMind+1"],"picked":"White Noise","floor":18},{"not_picked":["Consecrate","CutThroughFate+1","Sweeping Beam","Gash"],"picked":"SKIP","floor":20},{"not_picked":["Aggregate","Turbo","Double Energy+1","Panic Button"],"picked":"SKIP","floor":22},{"not_picked":["FollowUp+1","EmptyBody","BasicCrystalCard"],"picked":"Vault","floor":24},{"not_picked":["EmptyMind+1","Perseverance+1","Rebound"],"picked":"Storm+1","floor":25},{"not_picked":["Sweeping Beam","FearNoEvil","Storm+1"],"picked":"Hologram+1","floor":27},{"not_picked":["ReplaySolidLightProjector","Steam","SashWhip","BasicCrystalCard"],"picked":"SKIP","floor":29},{"not_picked":["Turbo","JustLucky","Compile Driver","Prostrate"],"picked":"SKIP","floor":31},{"not_picked":["FlyingSleeves+1","Gash","Time Bomb","Chaos"],"picked":"SKIP","floor":35},{"not_picked":["Replay:DivineShield+1","Steam+1","Replay:ManipulateFuture+1","Consume+1"],"picked":"SKIP","floor":39},{"not_picked":["Replay:DivineShield+1","ThirdEye","Swivel","JustLucky"],"picked":"SKIP","floor":40},{"not_picked":["Replay:ManipulateFuture","Auto Shields","SignatureMove","Buffer"],"picked":"SKIP","floor":41},{"not_picked":["Hologram+1","Replay:DivineShield+1","Streamline","Sweeping Beam"],"picked":"SKIP","floor":42},{"not_picked":["Hologram","Replay:AtTheReady","Beam Cell+1","Meditate+1"],"picked":"SKIP","floor":47}],"player_experience":142257,"relics_obtained":[{"floor":6,"key":"Damaru"},{"floor":8,"key":"Boot"},{"floor":9,"key":"War Paint"},{"floor":10,"key":"Replay:Bottled Snecko"},{"floor":13,"key":"Gremlin Food"},{"floor":24,"key":"Dota2Spire:UrnOfShadows"},{"floor":26,"key":"aspiration:StickyExplosives_weak"},{"floor":27,"key":"Letter Opener"},{"floor":40,"key":"Onion Ring"},{"floor":42,"key":"Replay:PocketPolymizer"},{"floor":43,"key":"Dota2Spire:EchoSabre"},{"floor":46,"key":"aspiration:AnachronicSnailShell"},{"floor":47,"key":"Art of War"}],"event_choices":[{"damage_healed":0,"gold_gain":65,"player_choice":"Gained Gold","damage_taken":0,"max_hp_gain":0,"max_hp_loss":0,"event_name":"Golden Wing","floor":4,"gold_loss":0},{"damage_healed":0,"gold_gain":0,"player_choice":"Left Gold","damage_taken":0,"max_hp_gain":0,"max_hp_loss":0,"event_name":"World of Goop","floor":14,"gold_loss":35},{"damage_healed":0,"gold_gain":0,"player_choice":"Forge","damage_taken":0,"max_hp_gain":0,"max_hp_loss":0,"event_name":"Accursed Blacksmith","floor":21,"gold_loss":0,"cards_upgraded":["White Noise"]},{"damage_healed":0,"gold_gain":0,"player_choice":"Max HP","damage_taken":0,"max_hp_gain":0,"max_hp_loss":4,"event_name":"Winding Halls","floor":37,"gold_loss":0},{"damage_healed":0,"gold_gain":0,"player_choice":"Ignored","damage_taken":0,"max_hp_gain":0,"max_hp_loss":0,"event_name":"SecretPortal","floor":38,"gold_loss":0},{"cards_removed":["ForeignInfluence"],"damage_healed":0,"gold_gain":0,"player_choice":"Removed Skill","damage_taken":0,"max_hp_gain":0,"max_hp_loss":0,"event_name":"Falling","floor":45,"gold_loss":0}],"is_beta":false,"boss_relics":[{"not_picked":["Abe\u0027s Treasure","Astrolabe"],"picked":"aspiration:DefectSkillbook"},{"not_picked":["Replay:Ancient Bell","Replay:Wanted Poster"],"picked":"Fusion Hammer"}],"items_purged_floors":[30],"is_endless":false,"potions_floor_spawned":[6,10,11,16,25,31,33,40,41,47],"ascension_level":1}}