{"host":"ewfe3cr33ktd9xzj","time":1609742046,"event":{"mods":["AchievementEnabler","BaseMod","Colored Map","Custom Start","DeckTracker","Minty Spire (QoL Compilation)","Rare Cards Sparkle","StSLib","everything is the same but u backflip on backflip"],"gold_per_floor":[109,109,34,51,51,78,78,102,152,163,223,145,70,93,93,93,93],"floor_reached":16,"playtime":292,"items_purged":["Strike_R","Strike_R","Bash"],"score":242,"play_id":"01f9da0c-0d25-432b-a137-6e2f93905945","local_time":"20210104153406","is_ascension_mode":true,"campfire_choices":[{"data":"Spot Weakness","floor":7.0,"key":"SMITH"},{"data":"Armaments","floor":15,"key":"SMITH"}],"circlet_count":0,"master_deck":["AscendersBane","Strike_R","Strike_R","Strike_R","Defend_R","Defend_R","Defend_R","Defend_R","Whirlwind","Dropkick","Spot Weakness+1","Armaments+1","Thunderclap","Flex"],"relics":["Burning Blood","NeowsBlessing","Bird Faced Urn","Smiling Mask","Mercury Hourglass","Odd Mushroom"],"acts_visited":["Exordium"],"potions_floor_usage":[16],"damage_taken":[{"damage":0.0,"enemies":"Jaw Worm","floor":1.0,"turns":1.0},{"damage":0.0,"enemies":"Small Slimes","floor":4.0,"turns":1.0},{"damage":0.0,"enemies":"Gremlin Nob","floor":6.0,"turns":1.0},{"damage":7.0,"enemies":"Cultist","floor":10.0,"turns":4.0},{"damage":27.0,"enemies":"3 Sentries","floor":11.0,"turns":5.0},{"damage":18.0,"enemies":"The Mushroom Lair","floor":14.0,"turns":3.0},{"damage":58,"enemies":"The Guardian","floor":16,"turns":10}],"seed_played":"-6821378934141445771","potions_obtained":[{"floor":4.0,"key":"Swift Potion"},{"floor":6.0,"key":"PowerPotion"},{"floor":10.0,"key":"BloodPotion"}],"is_trial":false,"path_per_floor":["M","?","$","M","?","E","R","T","T","M","?","$","$","?","R","B"],"character_chosen":"IRONCLAD","items_purchased":["Thunderclap","Flex"],"campfire_rested":0,"item_purchase_floors":[12,13],"current_hp_per_floor":[74,74,74,75,80,80,80,80,80,79,59,59,59,47,47,5,5],"gold":93,"neow_bonus":"THREE_ENEMY_KILL","is_daily":false,"chose_seed":false,"campfire_upgraded":2,"win_rate":0.0,"timestamp":1609742046,"path_taken":["M","?","$","M","?","E","R","?","T","?","?","?","$","?","R","BOSS"],"items_purchased_type":["Card","Card"],"build_version":"2020-12-22","purchased_purges":3,"victory":false,"max_hp_per_floor":[75,75,75,75,80,80,80,80,80,80,80,80,80,80,80,80,80],"card_choices":[{"not_picked":["Headbutt","Clash"],"picked":"Whirlwind","floor":1.0},{"not_picked":["Clothesline","Heavy Blade"],"picked":"Dropkick","floor":4.0},{"not_picked":["Body Slam","Sentinel"],"picked":"Spot Weakness","floor":6.0},{"not_picked":["Searing Blow","Fire Breathing"],"picked":"Armaments","floor":10.0}],"player_experience":3014,"relics_obtained":[{"floor":6.0,"key":"Bird Faced Urn"},{"floor":8.0,"key":"Smiling Mask"},{"floor":14.0,"key":"Odd Mushroom"}],"event_choices":[{"damage_healed":0.0,"max_hp_gain":0.0,"max_hp_loss":0.0,"gold_gain":0.0,"event_name":"Liars Game","player_choice":"Ignored","floor":2.0,"gold_loss":0.0,"damage_taken":0.0},{"damage_healed":0.0,"max_hp_gain":5.0,"max_hp_loss":0.0,"gold_gain":0.0,"event_name":"Big Fish","player_choice":"Donut","floor":5.0,"gold_loss":0.0,"damage_taken":0.0},{"damage_healed":0.0,"max_hp_gain":0.0,"max_hp_loss":0.0,"gold_gain":0.0,"event_name":"Dead Adventurer","player_choice":"Searched \u00272\u0027 times","floor":11.0,"gold_loss":0.0,"damage_taken":0.0,"relics_obtained":["Mercury Hourglass"]},{"damage_healed":0.0,"max_hp_gain":0.0,"max_hp_loss":0.0,"gold_gain":0.0,"event_name":"Mushrooms","player_choice":"Fought Mushrooms","floor":14.0,"gold_loss":0.0,"damage_taken":0.0}],"is_beta":false,"boss_relics":[],"items_purged_floors":[3,12,13],"is_endless":false,"potions_floor_spawned":[4,6,10],"killed_by":"The Guardian","ascension_level":20}}