{"host":"mike","time":1609719914,"event":{"mods":["2.2 Compatiblity","AchievementEnabler","BaseMod","Dio Mod","Hermit","Highlight Path","Jorbs\u0027s Wanderer Trilogy","Minty Spire (QoL Compilation)","Random Character Button","Rare Cards Sparkle","Relic Stats","StSLib","The Bladedancer","The Cursed","The Marked"],"gold_per_floor":[14,34,34,44,54,79,79,113,136,154,166,227,227,284,284,381,381,397,13,29,29,29],"floor_reached":21,"playtime":1111,"items_purged":[],"score":210,"play_id":"f2079f48-88dc-4ba4-a7b6-c226de2a1694","local_time":"20210103192514","is_ascension_mode":true,"campfire_choices":[{"data":"theMarked:Opportunist","floor":7,"key":"SMITH"},{"floor":13,"key":"REST"},{"floor":15,"key":"REST"}],"circlet_count":0,"master_deck":["theMarked:SoldierOfQuellstein","theMarked:Opportunist+1","theMarked:ElectricStrings","theMarked:Snap","theMarked:ElectricStrings","theMarked:ChannelForce","theMarked:ThrowWeapon","theMarked:ComboAttacks","theMarked:Abjuration","theMarked:Abjuration","theMarked:TakeOffHeels","theMarked:MagicAdept","theMarked:TwofoldDefense","theMarked:Challenge","theMarked:Levitate","theMarked:DeterminationOfTheMarked","theMarked:EmpowerWeapon","theMarked:CreepingChasm","theMarked:ChannelForce","theMarked:WardOff","theMarked:RogueSparks","theMarked:AttractMetal"],"relics":["theMarked:ArtifactOfAir","Mango","Happy Flower","Blood Vial","Regal Pillow","Oddly Smooth Stone","Pandora\u0027s Box","Bird Faced Urn"],"acts_visited":["Exordium","TheCity"],"potions_floor_usage":[14],"damage_taken":[{"damage":0,"enemies":"Cultist","floor":1,"turns":4},{"damage":0,"enemies":"Small Slimes","floor":2,"turns":4},{"damage":0,"enemies":"2 Louse","floor":4,"turns":2},{"damage":2,"enemies":"2 Fungi Beasts","floor":5,"turns":4},{"damage":4,"enemies":"3 Sentries","floor":6,"turns":6},{"damage":17,"enemies":"Lagavulin","floor":8,"turns":7},{"damage":11,"enemies":"Looter","floor":10,"turns":2},{"damage":40,"enemies":"3 Louse","floor":11,"turns":3},{"damage":29,"enemies":"Lagavulin Event","floor":14,"turns":4},{"damage":64,"enemies":"The Guardian","floor":16,"turns":11},{"damage":19,"enemies":"Spheric Guardian","floor":18,"turns":4},{"damage":35,"enemies":"3 Byrds","floor":20,"turns":5},{"damage":42,"enemies":"Centurion and Healer","floor":21,"turns":4}],"seed_played":"-3504531402519381631","potions_obtained":[{"floor":1,"key":"EssenceOfSteel"},{"floor":6,"key":"DuplicationPotion"},{"floor":14,"key":"Strength Potion"},{"floor":16,"key":"FearPotion"}],"is_trial":false,"path_per_floor":["M","M","?","M","M","E","R","E","T","M","M","?","R","?","R","B",null,"M","$","M","M"],"character_chosen":"THE_DEFAULT","items_purchased":["theMarked:RogueSparks","Bird Faced Urn"],"campfire_rested":2,"item_purchase_floors":[19,19],"current_hp_per_floor":[84,84,84,84,82,78,78,61,61,52,14,14,54,27,67,5,84,65,65,32,0,0],"gold":29,"neow_bonus":"ONE_RARE_RELIC","is_daily":false,"chose_seed":false,"campfire_upgraded":1,"win_rate":0.0,"timestamp":1609719914,"path_taken":["M","?","?","M","M","E","R","E","T","M","M","?","R","?","R","BOSS","M","$","M","M"],"items_purchased_type":["Card","Relic"],"build_version":"2020-12-18","purchased_purges":0,"victory":false,"max_hp_per_floor":[84,84,84,84,84,84,84,84,84,84,84,84,84,84,84,84,84,84,84,84,84,84],"relic_stats":{"Blood Vial":12,"Regal Pillow":30,"Happy Flower":[13],"counters":[13,60],"Bird Faced Urn":[4],"Pandora\u0027s Box":["theMarked:TakeOffHeels","theMarked:MagicAdept","theMarked:TwofoldDefense","theMarked:Challenge","theMarked:Levitate","theMarked:DeterminationOfTheMarked","theMarked:EmpowerWeapon","theMarked:CreepingChasm","theMarked:ChannelForce"],"obtain_stats":[{"Blood Vial":8,"theMarked:ArtifactOfAir":0,"Regal Pillow":9,"Happy Flower":6,"Bird Faced Urn":19,"Oddly Smooth Stone":14,"Mango":0,"Pandora\u0027s Box":17},{"Blood Vial":6,"theMarked:ArtifactOfAir":0,"Regal Pillow":6,"Happy Flower":5,"Bird Faced Urn":11,"Oddly Smooth Stone":9,"Mango":0,"Pandora\u0027s Box":10},{"Blood Vial":27,"theMarked:ArtifactOfAir":0,"Regal Pillow":27,"Happy Flower":20,"Bird Faced Urn":51,"Oddly Smooth Stone":36,"Mango":0,"Pandora\u0027s Box":47}]},"card_choices":[{"not_picked":["theMarked:Generate","theMarked:Parkour"],"picked":"theMarked:Opportunist","floor":1},{"not_picked":["theMarked:Static","theMarked:WardOff"],"picked":"theMarked:ElectricStrings","floor":2},{"not_picked":["theMarked:EmpowerWeapon","theMarked:ReduceFriction"],"picked":"theMarked:Snap","floor":4},{"not_picked":["theMarked:LightningStrikesTwice","theMarked:RepellingDischarge"],"picked":"theMarked:ElectricStrings","floor":5},{"not_picked":["theMarked:BanishingStrike","theMarked:GodGivenPower"],"picked":"theMarked:ChannelForce","floor":6},{"not_picked":["theMarked:TwofoldDefense","theMarked:PowerFlow"],"picked":"theMarked:ThrowWeapon","floor":8},{"not_picked":["theMarked:ElectricStrings","theMarked:ChainLightning"],"picked":"theMarked:ComboAttacks","floor":10},{"not_picked":["theMarked:Aftermath","theMarked:ResourceFulStrike"],"picked":"theMarked:Abjuration","floor":11},{"not_picked":["theMarked:Challenge","theMarked:MagicAdept"],"picked":"theMarked:Abjuration","floor":16},{"not_picked":["theMarked:SwordAndMagic","theMarked:RepellingDischarge"],"picked":"theMarked:WardOff","floor":18},{"not_picked":["theMarked:TwofoldDefense","theMarked:Static+1"],"picked":"theMarked:AttractMetal","floor":20}],"player_experience":304226,"relics_obtained":[{"floor":6,"key":"Happy Flower"},{"floor":8,"key":"Blood Vial"},{"floor":9,"key":"Regal Pillow"},{"floor":14,"key":"Oddly Smooth Stone"}],"event_choices":[{"damage_healed":0,"gold_gain":0,"player_choice":"Ignored","damage_taken":0,"max_hp_gain":0,"max_hp_loss":0,"event_name":"Liars Game","floor":3,"gold_loss":0},{"damage_healed":0,"gold_gain":61,"player_choice":"Gained Gold","damage_taken":0,"max_hp_gain":0,"max_hp_loss":0,"event_name":"Golden Wing","floor":12,"gold_loss":0},{"damage_healed":0,"gold_gain":0,"player_choice":"Searched \u00271\u0027 times","damage_taken":0,"max_hp_gain":0,"max_hp_loss":0,"event_name":"Dead Adventurer","floor":14,"gold_loss":0}],"is_beta":true,"boss_relics":[{"not_picked":["Coffee Dripper","Snecko Eye"],"picked":"Pandora\u0027s Box"}],"items_purged_floors":[],"is_endless":false,"potions_floor_spawned":[1,6,14,16,18],"killed_by":"Centurion and Healer","ascension_level":2}}