{"host":"6bsan6hkua32tfq7","time":1609787211,"event":{"mods":["BaseMod","Better Third Choice","Colored Map","Highlight Path","Minty Spire (QoL Compilation)","StSLib"],"gold_per_floor":[118,132,148,148,159,159,193,193,220,220,320,14,30,41,41,112,112,126,126,139,139,157,192,192,220,220,253,253,270,270,270,270,270,270],"floor_reached":33,"playtime":780,"items_purged":[],"score":614,"play_id":"bfd198f5-6b84-4bdc-a297-c7f5498a1653","local_time":"20210104200651","is_ascension_mode":true,"campfire_choices":[{"data":"Underhanded Strike","floor":6.0,"key":"SMITH"},{"data":"Neutralize","floor":8.0,"key":"SMITH"},{"data":"Strike_G","floor":10.0,"key":"SMITH"},{"data":"Dagger Throw","floor":15.0,"key":"SMITH"},{"floor":24,"key":"REST"},{"data":"1","floor":28,"key":"LIFT"},{"data":"2","floor":30,"key":"LIFT"},{"floor":32,"key":"REST"}],"circlet_count":0,"master_deck":["AscendersBane","Strike_G+1","Strike_G+1","Strike_G+1","Strike_G+1","Strike_G+1","Defend_G+1","Defend_G+1","Defend_G+1","Defend_G+1","Defend_G+1","Survivor","Neutralize+1","PiercingWail","Underhanded Strike+1","Dagger Throw+1","PiercingWail","Adrenaline","PiercingWail","Riddle With Holes","Poisoned Stab","Shame","Writhe"],"relics":["Busted Crown","Mercury Hourglass","PreservedInsect","Pen Nib","Cursed Key","Centennial Puzzle","Boot","Oddly Smooth Stone","Thread and Needle","Girya","Bird Faced Urn"],"acts_visited":["Exordium","TheCity"],"potions_floor_usage":[33],"damage_taken":[{"damage":0.0,"enemies":"Jaw Worm","floor":1.0,"turns":5.0},{"damage":0.0,"enemies":"Cultist","floor":2.0,"turns":4.0},{"damage":0.0,"enemies":"2 Louse","floor":3.0,"turns":2.0},{"damage":0.0,"enemies":"Gremlin Gang","floor":4.0,"turns":1.0},{"damage":3.0,"enemies":"Blue Slaver","floor":5.0,"turns":5.0},{"damage":30.0,"enemies":"Lagavulin","floor":7.0,"turns":7.0},{"damage":0.0,"enemies":"3 Louse","floor":13.0,"turns":2.0},{"damage":2.0,"enemies":"Lots of Slimes","floor":14.0,"turns":3.0},{"damage":14.0,"enemies":"Slime Boss","floor":16.0,"turns":8.0},{"damage":7.0,"enemies":"2 Thieves","floor":18.0,"turns":4.0},{"damage":3.0,"enemies":"Shell Parasite","floor":20.0,"turns":4.0},{"damage":36,"enemies":"Cultist and Chosen","floor":22,"turns":6},{"damage":2,"enemies":"Slavers","floor":23,"turns":4},{"damage":1,"enemies":"Gremlin Leader","floor":25,"turns":4},{"damage":4,"enemies":"Slavers","floor":27,"turns":4},{"damage":2,"enemies":"Snake Plant","floor":29,"turns":3},{"damage":86,"enemies":"Champ","floor":33,"turns":10}],"seed_played":"2287044053610826896","potions_obtained":[{"floor":1.0,"key":"SmokeBomb"},{"floor":2.0,"key":"PowerPotion"},{"floor":7.0,"key":"Energy Potion"},{"floor":23,"key":"Poison Potion"}],"is_trial":false,"path_per_floor":["M","M","M","M","M","R","E","R","T","R","?","$","M","M","R","B",null,"M","?","M","?","M","E","R","E","T","E","R","M","R","?","R","B"],"character_chosen":"THE_SILENT","items_purchased":["Dagger Throw","Pen Nib","FairyPotion"],"campfire_rested":2,"item_purchase_floors":[12,12,12],"current_hp_per_floor":[59,59,59,59,56,56,26,26,26,26,26,26,26,24,24,10,52,45,45,42,42,6,4,23,22,22,18,18,16,16,16,35,0,0],"gold":270,"neow_bonus":"BOSS_RELIC","is_daily":false,"chose_seed":false,"campfire_upgraded":4,"win_rate":0.0,"timestamp":1609787211,"path_taken":["M","M","M","M","M","R","E","R","T","R","?","$","M","?","R","BOSS","M","?","M","?","M","E","R","E","T","E","R","?","R","?","R","BOSS"],"items_purchased_type":["Card","Relic","Potion"],"build_version":"2020-12-22","purchased_purges":0,"victory":false,"max_hp_per_floor":[66,66,66,66,66,66,66,66,66,66,66,66,66,66,66,66,66,66,66,66,66,66,66,66,66,66,66,66,66,66,66,66,66,66],"card_choices":[{"not_picked":[],"picked":"PiercingWail","floor":1.0},{"not_picked":["Dodge and Roll"],"picked":"SKIP","floor":2.0},{"not_picked":["Accuracy"],"picked":"SKIP","floor":3.0},{"not_picked":[],"picked":"Underhanded Strike","floor":5.0},{"not_picked":["Distraction"],"picked":"SKIP","floor":7.0},{"not_picked":["Poisoned Stab"],"picked":"SKIP","floor":13.0},{"not_picked":[],"picked":"PiercingWail","floor":14.0},{"not_picked":[],"picked":"Adrenaline","floor":16.0},{"not_picked":[],"picked":"PiercingWail","floor":18.0},{"not_picked":["Riddle With Holes"],"picked":"SKIP","floor":20.0},{"not_picked":[],"picked":"Riddle With Holes","floor":20.0},{"not_picked":[],"picked":"Poisoned Stab","floor":22},{"not_picked":["PiercingWail"],"picked":"SKIP","floor":23},{"not_picked":["Concentrate"],"picked":"SKIP","floor":25},{"not_picked":["Slice"],"picked":"SKIP","floor":27},{"not_picked":["Acrobatics"],"picked":"SKIP","floor":29}],"player_experience":5248900,"relics_obtained":[{"floor":7.0,"key":"Mercury Hourglass"},{"floor":9.0,"key":"PreservedInsect"},{"floor":23,"key":"Boot"},{"floor":25,"key":"Oddly Smooth Stone"},{"floor":26,"key":"Thread and Needle"},{"floor":27,"key":"Girya"}],"event_choices":[{"damage_healed":0.0,"max_hp_gain":0.0,"max_hp_loss":0.0,"gold_gain":100.0,"event_name":"Wheel of Change","player_choice":"Gold","floor":11.0,"gold_loss":0.0,"damage_taken":0.0},{"damage_healed":0.0,"max_hp_gain":0.0,"max_hp_loss":9.0,"gold_gain":0.0,"event_name":"betterThird:BetterWriting","player_choice":"Simplicity","floor":19.0,"gold_loss":0.0,"damage_taken":0.0},{"damage_healed":0.0,"max_hp_gain":0.0,"max_hp_loss":0.0,"gold_gain":0.0,"event_name":"WeMeetAgain","player_choice":"Gave Potion","floor":21.0,"gold_loss":0.0,"damage_taken":0.0,"relics_obtained":["Centennial Puzzle"]},{"damage_healed":0,"gold_gain":0,"player_choice":"Opened","damage_taken":0,"relics_obtained":["Bird Faced Urn"],"max_hp_gain":0,"max_hp_loss":0,"event_name":"The Mausoleum","floor":31,"gold_loss":0,"cards_obtained":["Writhe"]}],"is_beta":false,"boss_relics":[{"not_picked":["SacredBark","Philosopher\u0027s Stone"],"picked":"Cursed Key"}],"items_purged_floors":[],"is_endless":false,"potions_floor_spawned":[1,2,7,13,23,27],"killed_by":"Champ","ascension_level":20}}