{"host":"kw4o7b3ro2ktmmbe","time":1609765108,"event":{"mods":["BaseMod","Evolution","Minty Spire (QoL Compilation)","StSLib","Wandering Minibosses"],"gold_per_floor":[110,110,110,75,75,75,75,75,75,90,103,117,117,136,136,229,229,242,261,314,332,382,382,402,418,418,418,418,418],"floor_reached":28,"playtime":1111,"items_purged":[],"score":468,"play_id":"ebef5470-35ff-4696-8bb2-10821861ae05","local_time":"20210105015828","is_ascension_mode":true,"campfire_choices":[{"data":"Eruption","floor":6.0,"key":"SMITH"},{"data":"Vigilance","floor":8.0,"key":"SMITH"},{"data":"WindmillStrike","floor":15.0,"key":"SMITH"},{"floor":23,"key":"REST"},{"floor":27,"key":"REST"}],"circlet_count":0,"master_deck":["AscendersBane","BowlingBash","BowlingBash","Strike_P","Strike_P","Defend_P","Defend_P","Eruption+1","Vigilance+1","Writhe","WindmillStrike+1","MasterReality","ReachHeaven"],"relics":["EVO:Axolotl","Cursed Key","Golden Idol","Omamori","Busted Crown","Damaru","Meat on the Bone"],"acts_visited":["Exordium","TheCity"],"potions_floor_usage":[18,19,28],"damage_taken":[{"damage":0.0,"enemies":"Jaw Worm","floor":1.0,"turns":3.0},{"damage":0.0,"enemies":"2 Louse","floor":10.0,"turns":1.0},{"damage":0.0,"enemies":"Cultist","floor":11.0,"turns":2.0},{"damage":3.0,"enemies":"Looter","floor":12.0,"turns":4.0},{"damage":4.0,"enemies":"Red Slaver","floor":14.0,"turns":3.0},{"damage":0.0,"enemies":"Slime Boss","floor":16.0,"turns":6.0},{"damage":0,"enemies":"3 Byrds","floor":18,"turns":3},{"damage":13,"enemies":"Shell Parasite","floor":19,"turns":4},{"damage":38,"enemies":"Snake Plant","floor":21,"turns":5},{"damage":12,"enemies":"Centurion and Healer","floor":24,"turns":5},{"damage":10,"enemies":"Snecko","floor":25,"turns":3},{"damage":61,"enemies":"Book of Stabbing","floor":28,"turns":3}],"seed_played":"-6310971268905325679","potions_obtained":[{"floor":1.0,"key":"SpeedPotion"},{"floor":10.0,"key":"SteroidPotion"},{"floor":16.0,"key":"Fire Potion"},{"floor":18,"key":"BlessingOfTheForge"},{"floor":21,"key":"SneckoOil"}],"is_trial":false,"path_per_floor":["M","?","?","?","$","R","?","R","T","M","M","M","$","M","R","B",null,"M","M","T","M","?","R","M","M","T","R","E"],"character_chosen":"WATCHER","items_purchased":[],"campfire_rested":2,"item_purchase_floors":[],"current_hp_per_floor":[61,38,31,48,48,48,48,48,48,48,48,45,45,41,41,41,61,61,48,48,10,10,30,18,8,8,28,0,0],"gold":418,"neow_bonus":"BOSS_RELIC","is_daily":false,"chose_seed":false,"campfire_upgraded":3,"win_rate":0.0,"timestamp":1609765108,"path_taken":["M","?","?","?","?","R","?","R","T","M","?","M","$","M","R","BOSS","M","M","?","M","?","R","M","?","T","R","E"],"items_purchased_type":[],"build_version":"2020-12-22","purchased_purges":0,"victory":false,"max_hp_per_floor":[68,68,68,68,68,68,68,68,68,68,68,68,68,68,68,68,68,68,68,68,68,68,68,68,68,68,68,68,68],"card_choices":[{"not_picked":["CarveReality","FollowUp","EmptyBody"],"picked":"SKIP","floor":1.0},{"not_picked":["SignatureMove","PathToVictory","FlyingSleeves"],"picked":"SKIP","floor":10.0},{"not_picked":["Weave","FlyingSleeves","Worship"],"picked":"SKIP","floor":11.0},{"not_picked":["Swivel","FlurryOfBlows"],"picked":"WindmillStrike","floor":12.0},{"not_picked":["JustLucky","Protect","EmptyFist"],"picked":"SKIP","floor":14.0},{"not_picked":["Scrawl","LessonLearned"],"picked":"MasterReality","floor":16.0},{"not_picked":["CrushJoints"],"picked":"SKIP","floor":18},{"not_picked":["Prostrate+1"],"picked":"SKIP","floor":19},{"not_picked":["Prostrate+1"],"picked":"SKIP","floor":19},{"not_picked":[],"picked":"ReachHeaven","floor":21},{"not_picked":["ThirdEye"],"picked":"SKIP","floor":24},{"not_picked":["Indignation"],"picked":"SKIP","floor":25}],"player_experience":1774192,"relics_obtained":[{"floor":9.0,"key":"Omamori"},{"floor":20,"key":"Damaru"},{"floor":26,"key":"Meat on the Bone"}],"event_choices":[{"damage_healed":0.0,"max_hp_gain":0.0,"max_hp_loss":0.0,"gold_gain":0.0,"event_name":"Golden Idol","player_choice":"Take Damage","floor":2.0,"gold_loss":0.0,"damage_taken":23.0,"relics_obtained":["Golden Idol"]},{"cards_removed":["Defend_P"],"damage_healed":0.0,"max_hp_gain":0.0,"max_hp_loss":0.0,"gold_gain":0.0,"event_name":"Golden Wing","player_choice":"Card Removal","floor":3.0,"gold_loss":0.0,"damage_taken":7.0},{"damage_healed":17.0,"max_hp_gain":0.0,"max_hp_loss":0.0,"gold_gain":0.0,"event_name":"The Cleric","player_choice":"Healed","floor":4.0,"gold_loss":35.0,"damage_taken":0.0},{"cards_removed":["Defend_P"],"damage_healed":0.0,"max_hp_gain":0.0,"max_hp_loss":0.0,"gold_gain":0.0,"event_name":"Living Wall","player_choice":"Forget","floor":7.0,"gold_loss":0.0,"damage_taken":0.0},{"damage_healed":0,"gold_gain":100,"player_choice":"Bet on Murderer","damage_taken":0,"max_hp_gain":0,"max_hp_loss":0,"event_name":"The Joust","floor":22,"gold_loss":50}],"is_beta":false,"boss_relics":[{"not_picked":["Runic Dome","Empty Cage"],"picked":"Busted Crown"}],"items_purged_floors":[],"is_endless":false,"potions_floor_spawned":[1,10,14,16,18,21],"killed_by":"Book of Stabbing","ascension_level":16}}