{"host":"cwd5s03r1oaxs6mx","time":1609772695,"event":{"mods":["Act Like it!","BaseMod","Better Third Choice","BetterRewards","CapriCore","Card Filter","Colored Map","Custom Start","DeckTracker","Friendly Minions","Hubris","Infinite Spire","Marisa£¨Ùöéë¡¡Øª×âÞÞ£©","Minty Spire (QoL Compilation)","Quick Restart","Relic Stats","Shop Mod","Spicy Shops","StSLib","SuperFastMode"],"gold_per_floor":[119,119,66,80,90,125,140,140,140,158,173,173,186,220,220,294,294,307,325,325,22,39,39,66,66,142,174,174,203,203,203,203,289,289,307,318,149,163,172,203,203,248,299,299,318,352,380,413,413,413,413,413,413,19,50,50],"floor_reached":57,"playtime":2066,"items_purged":["Defend_R","Strike_R","Defend_R","Defend_R","Strike_R","Strike_R","Strike_R"],"score":2870,"play_id":"eee3c694-9de8-4795-b6b3-8bbbd29197b8","local_time":"20210105000455","is_ascension_mode":true,"campfire_choices":[{"data":"Armaments","floor":8.0,"key":"SMITH"},{"data":"Body Slam","floor":15.0,"key":"SMITH"},{"data":"Berserk","floor":23.0,"key":"SMITH"},{"data":"Body Slam","floor":28,"key":"SMITH"},{"data":"Shockwave","floor":32,"key":"SMITH"},{"data":"Metallicize","floor":41,"key":"SMITH"},{"floor":44,"key":"RECALL"},{"floor":49,"key":"REST"},{"data":"Power Through","floor":53,"key":"SMITH"}],"circlet_count":0,"master_deck":["AscendersBane","Strike_R","Defend_R","Bash","Power Through+1","Shrug It Off","infinitespire:DeathsTouch+1","Shrug It Off","Metallicize+1","Armaments+1","Body Slam+1","Ghostly Armor","Shockwave+1","Berserk+1","Shrug It Off+1","Body Slam+1","Finesse","Battle Trance","Whirlwind","Power Through"],"relics":["Burning Blood","Paper Frog","Medical Kit","Pantograph","hubris:Spice","hubris:CrackedHourglass","Membership Card","hubris:Reverence","Singing Bowl","CeramicFish","Nilry\u0027s Codex","Omamori","Anchor","Pear","hubris:PeanutButter"],"acts_visited":["Exordium","TheCity","TheBeyond","TheEnding"],"potions_floor_usage":[33,56],"damage_taken":[{"damage":4.0,"enemies":"Small Slimes","floor":1.0,"turns":4.0},{"damage":0.0,"enemies":"Jaw Worm","floor":4.0,"turns":6.0},{"damage":0.0,"enemies":"Cultist","floor":5.0,"turns":2.0},{"damage":11.0,"enemies":"Lagavulin","floor":6.0,"turns":6.0},{"damage":12.0,"enemies":"Exordium Wildlife","floor":7.0,"turns":2.0},{"damage":4.0,"enemies":"Looter","floor":10.0,"turns":4.0},{"damage":6.0,"enemies":"Large Slime","floor":11.0,"turns":4.0},{"damage":16.0,"enemies":"Blue Slaver","floor":13.0,"turns":3.0},{"damage":29.0,"enemies":"Gremlin Nob","floor":14.0,"turns":4.0},{"damage":11.0,"enemies":"The Guardian","floor":16.0,"turns":7.0},{"damage":8.0,"enemies":"Shell Parasite","floor":18.0,"turns":3.0},{"damage":7.0,"enemies":"3 Byrds","floor":19.0,"turns":4.0},{"damage":5.0,"enemies":"Snecko","floor":22.0,"turns":4.0},{"damage":20.0,"enemies":"Gremlin Leader","floor":24.0,"turns":5.0},{"damage":9,"enemies":"Book of Stabbing","floor":27,"turns":4},{"damage":14,"enemies":"Nightmare","floor":29,"turns":8},{"damage":45,"enemies":"Champ","floor":33,"turns":7},{"damage":0,"enemies":"3 Shapes","floor":35,"turns":4},{"damage":1,"enemies":"Orb Walker","floor":36,"turns":2},{"damage":10,"enemies":"Maw","floor":38,"turns":5},{"damage":0,"enemies":"Giant Head","floor":40,"turns":6},{"damage":32,"enemies":"2 Orb Walkers","floor":42,"turns":3},{"damage":21,"enemies":"Spire Growth","floor":45,"turns":3},{"damage":8,"enemies":"Nemesis","floor":46,"turns":5},{"damage":4,"enemies":"Sphere and 2 Shapes","floor":47,"turns":3},{"damage":32,"enemies":"Reptomancer","floor":48,"turns":4},{"damage":38,"enemies":"Donu and Deca","floor":50,"turns":9},{"damage":18,"enemies":"hubris:GrandSnecko","floor":51,"turns":10},{"damage":2,"enemies":"Shield and Spear","floor":55,"turns":8},{"damage":47,"enemies":"The Heart","floor":56,"turns":9}],"seed_played":"1754547528135257553","potions_obtained":[{"floor":1.0,"key":"DuplicationPotion"},{"floor":6.0,"key":"HeartOfIron"},{"floor":24.0,"key":"BloodPotion"},{"floor":27,"key":"Energy Potion"},{"floor":36,"key":"EssenceOfSteel"}],"is_trial":false,"path_per_floor":["M","?","$","M","M","E","M","R","T","M","M","?","M","E","R","B",null,"M","M","?","$","M","R","E","AVR","T","E","R","NM","?","?","R","B",null,"M","M","$","M","?","E","R","?","T","R","M","E","M","E","R","B","B",null,"R","$","E","B",null],"character_chosen":"IRONCLAD","items_purchased":["Paper Frog","Medical Kit","Power Through","Shrug It Off","Membership Card","Omamori","Pear","hubris:PeanutButter","Power Through"],"campfire_rested":1,"item_purchase_floors":[0,0,0,3,21,37,54,54,54],"current_hp_per_floor":[70,51,51,57,63,58,52,52,52,54,54,54,44,29,29,49,75,73,72,72,72,73,73,75,75,75,82,82,76,76,55,55,41,70,78,83,83,81,75,83,83,59,59,59,46,44,46,22,43,36,49,67,67,77,77,36],"gold":50,"neow_bonus":"","is_daily":false,"chose_seed":false,"campfire_upgraded":7,"win_rate":0.0,"timestamp":1609772695,"path_taken":["M","?","$","M","M","E","M","R","T","M","M","?","M","E","R","BOSS","M","M","?","?","M","R","E","AVR","T","E","R","NM","?","?","R","BOSS","M","M","$","M","?","E","R","?","T","R","M","E","M","E","R","BOSS","BOSS","R","$","E","BOSS"],"items_purchased_type":["Relic","Relic","Card","Card","Relic","Relic","Relic","Relic","Card"],"build_version":"2020-12-22","purchased_purges":7,"victory":true,"max_hp_per_floor":[75,75,75,75,75,75,75,75,75,75,75,75,75,83,83,83,83,83,83,83,83,83,83,83,83,83,93,93,95,95,95,95,87,79,81,83,83,85,89,83,83,85,77,77,79,71,71,73,73,73,73,73,73,83,77,77],"relic_stats":{"Singing Bowl":24,"counters":[148,584],"Pantograph":100,"CeramicFish":45,"Medical Kit":[112],"obtain_stats":[{"infinitespire:BottledMercury":26,"Nilry\u0027s Codex":31,"CeramicFish":29,"Vajra":31,"Whetstone":6,"Boot":12,"Sozu":34,"Centennial Puzzle":29,"Lizard Tail":6,"infinitespire:ShieldingShard":27,"hubris:AstralHammer":0,"DollysMirror":0,"Prayer Wheel":31,"Kunai":38,"hubris:MobiusCoin":45,"Girya":8,"Pear":54,"hubris:DuctTape":48,"Dead Branch":0,"Blue Candle":9,"Oddly Smooth Stone":29,"Letter Opener":0,"infinitespire:Magic Flask":25,"War Paint":8,"Question Card":0,"Akabeko":8,"hubris:Zylophone":19,"Du-Vu Doll":25,"Bottled Flame":14,"Molten Egg 2":26,"Pandora\u0027s Box":17,"hubris:PeanutButter":54,"Mark of Pain":34,"Black Star":17,"Unceasing Top":0,"hubris:Reverence":24,"Singing Bowl":12,"Magic Flower":9,"StoneCalendar":7,"Mango":37,"hubris:SlimyHat":0,"Bag of Preparation":0,"Burning Blood":0,"hubris:BlackHole":34,"Dream Catcher":25,"hubris:Icosahedron":22,"hubris:Backtick":28,"Mummified Hand":6,"infinitespire:Bottled Soul":10,"Pantograph":6,"Toolbox":54,"hubris:ScarierMask":17,"hubris:IronBody":28,"Chemical X":0,"hubris:ChampionShield":40,"Runic Pyramid":17,"Paper Frog":0,"Golden Idol":10,"The Courier":9,"infinitespire:FocusingShard":40,"Omamori":29,"hubris:Towel":5,"Medical Kit":0,"MawBank":24,"White Beast Statue":55,"Mercury Hourglass":46,"Peace Pipe":10,"Strange Spoon":19,"Anchor":10,"CaptainsWheel":46,"hubris:Spice":9,"hubris:BundleOfHerbs":40,"infinitespire:Burning Sword":17,"Art of War":31,"Membership Card":11,"Bottled Lightning":9,"hubris:CrackedHourglass":17,"Toy Ornithopter":45,"hubris:Potato":6,"infinitespire:Midas Blood":26,"hubris:BottledRain":0},{"infinitespire:BottledMercury":40,"Nilry\u0027s Codex":134,"CeramicFish":134,"Vajra":67,"Whetstone":85,"Boot":58,"Sozu":17,"Centennial Puzzle":15,"Lizard Tail":106,"infinitespire:ShieldingShard":41,"hubris:AstralHammer":51,"DollysMirror":51,"Prayer Wheel":16,"Kunai":98,"hubris:MobiusCoin":22,"Girya":86,"Pear":146,"hubris:DuctTape":24,"Dead Branch":51,"Blue Candle":86,"Oddly Smooth Stone":66,"Letter Opener":28,"infinitespire:Magic Flask":93,"War Paint":118,"Question Card":28,"Akabeko":107,"hubris:Zylophone":38,"Du-Vu Doll":64,"Bottled Flame":8,"Molten Egg 2":12,"Pandora\u0027s Box":110,"hubris:PeanutButter":146,"Mark of Pain":45,"Black Star":60,"Unceasing Top":81,"hubris:Reverence":132,"Singing Bowl":108,"Magic Flower":5,"StoneCalendar":33,"Mango":48,"hubris:SlimyHat":0,"Bag of Preparation":51,"Burning Blood":0,"hubris:BlackHole":68,"Dream Catcher":64,"hubris:Icosahedron":39,"hubris:Backtick":93,"Mummified Hand":4,"infinitespire:Bottled Soul":34,"Pantograph":122,"Toolbox":79,"hubris:ScarierMask":88,"hubris:IronBody":93,"Chemical X":0,"hubris:ChampionShield":20,"Runic Pyramid":37,"Paper Frog":118,"Golden Idol":118,"The Courier":33,"infinitespire:FocusingShard":72,"Omamori":42,"hubris:Towel":84,"Medical Kit":0,"MawBank":12,"White Beast Statue":27,"Mercury Hourglass":76,"Peace Pipe":57,"Strange Spoon":38,"Anchor":6,"CaptainsWheel":76,"hubris:Spice":56,"hubris:BundleOfHerbs":72,"infinitespire:Burning Sword":9,"Art of War":67,"Membership Card":6,"Bottled Lightning":107,"hubris:CrackedHourglass":128,"Toy Ornithopter":74,"hubris:Potato":117,"infinitespire:Midas Blood":64,"hubris:BottledRain":100},{"infinitespire:BottledMercury":166,"Nilry\u0027s Codex":506,"CeramicFish":506,"Vajra":273,"Whetstone":310,"Boot":238,"Sozu":85,"Centennial Puzzle":78,"Lizard Tail":357,"infinitespire:ShieldingShard":171,"hubris:AstralHammer":215,"DollysMirror":215,"Prayer Wheel":81,"Kunai":324,"hubris:MobiusCoin":97,"Girya":311,"Pear":567,"hubris:DuctTape":102,"Dead Branch":215,"Blue Candle":311,"Oddly Smooth Stone":269,"Letter Opener":120,"infinitespire:Magic Flask":318,"War Paint":436,"Question Card":120,"Akabeko":378,"hubris:Zylophone":160,"Du-Vu Doll":260,"Bottled Flame":46,"Molten Egg 2":70,"Pandora\u0027s Box":401,"hubris:PeanutButter":567,"Mark of Pain":190,"Black Star":247,"Unceasing Top":306,"hubris:Reverence":494,"Singing Bowl":387,"Magic Flower":34,"StoneCalendar":138,"Mango":205,"hubris:SlimyHat":0,"Bag of Preparation":215,"Burning Blood":0,"hubris:BlackHole":283,"Dream Catcher":260,"hubris:Icosahedron":163,"hubris:Backtick":318,"Mummified Hand":30,"infinitespire:Bottled Soul":142,"Pantograph":454,"Toolbox":301,"hubris:ScarierMask":313,"hubris:IronBody":318,"Chemical X":0,"hubris:ChampionShield":92,"Runic Pyramid":157,"Paper Frog":436,"Golden Idol":436,"The Courier":138,"infinitespire:FocusingShard":287,"Omamori":177,"hubris:Towel":309,"Medical Kit":0,"MawBank":70,"White Beast Statue":114,"Mercury Hourglass":296,"Peace Pipe":235,"Strange Spoon":160,"Anchor":38,"CaptainsWheel":296,"hubris:Spice":233,"hubris:BundleOfHerbs":287,"infinitespire:Burning Sword":56,"Art of War":273,"Membership Card":38,"Bottled Lightning":378,"hubris:CrackedHourglass":478,"Toy Ornithopter":289,"hubris:Potato":430,"infinitespire:Midas Blood":260,"hubris:BottledRain":329}],"Burning Blood":776},"card_choices":[{"not_picked":["Headbutt","Pommel Strike"],"picked":"Shrug It Off","floor":1.0},{"not_picked":["infinitespire:SealOfDarkness+","infinitespire:Oblivion"],"picked":"infinitespire:DeathsTouch","floor":2.0},{"not_picked":["Thunderclap","Clothesline"],"picked":"Metallicize","floor":4.0},{"not_picked":["Twin Strike","Body Slam"],"picked":"Armaments","floor":5.0},{"not_picked":["Inflame","Blood for Blood"],"picked":"Body Slam","floor":6.0},{"not_picked":["Wild Strike","Sword Boomerang"],"picked":"Ghostly Armor","floor":7.0},{"not_picked":["Demon Form","True Grit","Flex"],"picked":"SKIP","floor":10.0},{"not_picked":["Intimidate","Anger"],"picked":"Shockwave","floor":11.0},{"not_picked":["Whirlwind","Burning Pact","Clash"],"picked":"SKIP","floor":13.0},{"not_picked":["Evolve","Perfected Strike","Armaments"],"picked":"SKIP","floor":14.0},{"not_picked":["Exhume","Juggernaut"],"picked":"Berserk","floor":16.0},{"not_picked":["Flex","Heavy Blade","Shockwave"],"picked":"SKIP","floor":18.0},{"not_picked":["Twin Strike+1","Flex+1"],"picked":"Shrug It Off+1","floor":19.0},{"not_picked":["Thunderclap","Pommel Strike","Flex"],"picked":"SKIP","floor":22.0},{"not_picked":["Clothesline+1","infinitespire:OneForAll"],"picked":"Body Slam","floor":24.0},{"not_picked":["Pommel Strike+1","Ghostly Armor","Twin Strike"],"picked":"Singing Bowl","floor":27},{"not_picked":["Body Slam","Armaments","Wild Strike"],"picked":"Singing Bowl","floor":29},{"not_picked":["Fiend Fire","Limit Break"],"picked":"hubris:SpiceAddiction","floor":33},{"not_picked":["Clothesline+1","Headbutt","Second Wind+1"],"picked":"Singing Bowl","floor":35},{"not_picked":["Clash+1","Anger","hubris:SpiceAddiction"],"picked":"Singing Bowl","floor":36},{"not_picked":["Inflame+1","Wild Strike","Thunderclap"],"picked":"Singing Bowl","floor":38},{"not_picked":["Jack Of All Trades","Dramatic Entrance","Purity"],"picked":"Singing Bowl","floor":39},{"not_picked":["Sadistic Nature","Secret Weapon","Dramatic Entrance"],"picked":"Singing Bowl","floor":39},{"not_picked":["Metamorphosis","Madness"],"picked":"Finesse","floor":39},{"not_picked":["Whirlwind","Burning Pact","Second Wind+1"],"picked":"Singing Bowl","floor":40},{"not_picked":["Entrench+1","Heavy Blade","Shockwave+1"],"picked":"Singing Bowl","floor":42},{"not_picked":["Iron Wave+1","Anger","Armaments"],"picked":"Singing Bowl","floor":45},{"not_picked":["Heavy Blade","infinitespire:OneForAll+1"],"picked":"Battle Trance","floor":46},{"not_picked":["Armaments+1","Perfected Strike+1"],"picked":"Whirlwind","floor":47},{"not_picked":["Wild Strike","Battle Trance","Uppercut"],"picked":"Singing Bowl","floor":48},{"not_picked":["Dual Wield","True Grit+1","Anger"],"picked":"Singing Bowl","floor":55}],"player_experience":1007503,"relics_obtained":[{"floor":6.0,"key":"Pantograph"},{"floor":14.0,"key":"hubris:Spice"},{"floor":24.0,"key":"hubris:Reverence"},{"floor":26,"key":"Singing Bowl"},{"floor":27,"key":"hubris:Spice"},{"floor":29,"key":"CeramicFish"},{"floor":31,"key":"Nilry\u0027s Codex"},{"floor":40,"key":"hubris:Spice"},{"floor":43,"key":"hubris:Spice"},{"floor":46,"key":"hubris:Spice"},{"floor":48,"key":"Anchor"},{"floor":55,"key":"hubris:Spice"}],"event_choices":[{"damage_healed":0.0,"max_hp_gain":0.0,"max_hp_loss":0.0,"gold_gain":0.0,"event_name":"Match and Keep!","player_choice":"0 cards matched","floor":20.0,"gold_loss":0.0,"damage_taken":0.0,"cards_obtained":[]},{"damage_healed":0,"gold_gain":0,"player_choice":"Ignored","damage_taken":0,"max_hp_gain":0,"max_hp_loss":0,"event_name":"The Mausoleum","floor":30,"gold_loss":0},{"damage_healed":0,"gold_gain":0,"player_choice":"Obtained Book","damage_taken":21,"max_hp_gain":0,"max_hp_loss":0,"event_name":"Cursed Tome","floor":31,"gold_loss":0},{"damage_healed":0,"gold_gain":0,"player_choice":"Memory 3","damage_taken":10,"max_hp_gain":0,"max_hp_loss":0,"event_name":"SensoryStone","floor":39,"gold_loss":0},{"damage_healed":0,"gold_gain":0,"player_choice":"Fight","damage_taken":0,"max_hp_gain":0,"max_hp_loss":0,"event_name":"Mysterious Sphere","floor":42,"gold_loss":0}],"is_beta":false,"boss_relics":[{"not_picked":["hubris:Spice","hubris:RunicObelisk"],"picked":"hubris:CrackedHourglass"},{"not_picked":["hubris:Spice","hubris:Spice"],"picked":"hubris:Spice"}],"items_purged_floors":[0,0,21,21,25,37,54],"is_endless":false,"potions_floor_spawned":[1,6,7,14,22,24,27,36,38,45,46],"ascension_level":20}}