{"host":"Scherbius","time":1609770807,"event":{"mods":["BaseMod","Bestiary","Highlight Path","Minty Spire (QoL Compilation)","Relic Stats"],"gold_per_floor":[117,117,129,28,38,68,68,97,124,124,124,124,124,142,142,245,245,255,205,220,220,220,246,246,276,323,323,76,94,94,124,124,221,221,241,241,37,54,71,71,106,106,131,162,181,200,233,250,250,250,250,250,18,48,48,48],"floor_reached":55,"playtime":12757,"items_purged":["Defend_B","Redo","Go for the Eyes"],"score":1002,"play_id":"1f47aca6-54e4-4325-93c4-47f632568e72","local_time":"20210104083327","is_ascension_mode":true,"campfire_choices":[{"data":"Coolheaded","floor":7.0,"key":"SMITH"},{"data":"Rainbow","floor":13.0,"key":"SMITH"},{"data":"Heatsinks","floor":15.0,"key":"SMITH"},{"data":"RitualDagger","floor":24.0,"key":"SMITH"},{"data":"Blizzard","floor":27.0,"key":"SMITH"},{"data":"Self Repair","floor":30.0,"key":"SMITH"},{"data":"Biased Cognition","floor":32.0,"key":"SMITH"},{"data":"Go for the Eyes","floor":40.0,"key":"SMITH"},{"data":"Redo","floor":42.0,"key":"SMITH"},{"floor":49.0,"key":"RECALL"},{"data":"Creative AI","floor":52.0,"key":"SMITH"}],"circlet_count":0,"master_deck":["Dualcast","Cold Snap+1","Heatsinks+1","Conserve Battery+1","Streamline+1","Hello World","Coolheaded+1","Rainbow+1","Amplify","Redo+1","Static Discharge","Go for the Eyes+1","Amplify+1","Blizzard+1","FTL+1","RitualDagger+1","Glacier","Self Repair+1","Biased Cognition+1","Biased Cognition+1","Reinforced Body","Hologram","Creative AI+1","Rebound+1"],"relics":["Nuclear Battery","Ancient Tea Set","Omamori","Blood Vial","FossilizedHelix","Pandora\u0027s Box","Mercury Hourglass","Matryoshka","Happy Flower","War Paint","Anchor","Smiling Mask","Black Star","Whetstone","Sundial","PreservedInsect","Pen Nib","Oddly Smooth Stone","Question Card","Strawberry","Shuriken","Centennial Puzzle","White Beast Statue","DataDisk"],"acts_visited":["Exordium","TheCity","TheBeyond","TheEnding"],"potions_floor_usage":[55,55],"damage_taken":[{"damage":1.0,"enemies":"Small Slimes","floor":1.0,"turns":4.0},{"damage":0.0,"enemies":"Cultist","floor":3.0,"turns":4.0},{"damage":5.0,"enemies":"Jaw Worm","floor":5.0,"turns":3.0},{"damage":7.0,"enemies":"Lagavulin","floor":6.0,"turns":7.0},{"damage":33.0,"enemies":"Gremlin Nob","floor":8.0,"turns":5.0},{"damage":0.0,"enemies":"Large Slime","floor":14.0,"turns":4.0},{"damage":13.0,"enemies":"Hexaghost","floor":16.0,"turns":10.0},{"damage":4.0,"enemies":"3 Byrds","floor":18.0,"turns":5.0},{"damage":8.0,"enemies":"Shell Parasite","floor":20.0,"turns":4.0},{"damage":6.0,"enemies":"Slavers","floor":23.0,"turns":6.0},{"damage":10.0,"enemies":"Gremlin Leader","floor":25.0,"turns":8.0},{"damage":0.0,"enemies":"Snake Plant","floor":29.0,"turns":5.0},{"damage":4.0,"enemies":"Book of Stabbing","floor":31.0,"turns":8.0},{"damage":0.0,"enemies":"Automaton","floor":33.0,"turns":10.0},{"damage":0.0,"enemies":"3 Darklings","floor":35.0,"turns":7.0},{"damage":0.0,"enemies":"3 Shapes","floor":38.0,"turns":4.0},{"damage":0.0,"enemies":"Writhing Mass","floor":39.0,"turns":5.0},{"damage":0.0,"enemies":"Nemesis","floor":41.0,"turns":7.0},{"damage":6.0,"enemies":"Reptomancer","floor":44.0,"turns":5.0},{"damage":2.0,"enemies":"3 Darklings","floor":45.0,"turns":9.0},{"damage":11.0,"enemies":"Sphere and 2 Shapes","floor":46.0,"turns":4.0},{"damage":34.0,"enemies":"Nemesis","floor":47.0,"turns":9.0},{"damage":26.0,"enemies":"Writhing Mass","floor":48.0,"turns":5.0},{"damage":52.0,"enemies":"Awakened One","floor":50.0,"turns":15.0},{"damage":42.0,"enemies":"Shield and Spear","floor":54.0,"turns":5.0},{"damage":62,"enemies":"The Heart","floor":55,"turns":8}],"seed_played":"8504959353621750590","potions_obtained":[{"floor":3.0,"key":"SteroidPotion"},{"floor":5.0,"key":"SteroidPotion"},{"floor":16.0,"key":"Block Potion"},{"floor":18.0,"key":"Fire Potion"},{"floor":23.0,"key":"Ancient Potion"},{"floor":25.0,"key":"Energy Potion"},{"floor":33.0,"key":"SteroidPotion"},{"floor":35.0,"key":"Explosive Potion"},{"floor":38.0,"key":"SpeedPotion"},{"floor":44.0,"key":"FearPotion"}],"is_trial":false,"path_per_floor":["M","?","M","$","M","E","R","E","T","?","T","?","R","M","R","B",null,"M","?","M","?","?","E","R","E","T","R","$","M","R","E","R","B",null,"M","?","$","M","M","R","E","R","T","E","M","M","E","M","R","B",null,"R","$","E","B"],"character_chosen":"DEFECT","items_purchased":["Streamline","Anchor","Whetstone","PotionOfCapacity","Centennial Puzzle"],"campfire_rested":0,"item_purchase_floors":[4,28,37,53,53],"current_hp_per_floor":[74,74,74,74,69,62,62,29,29,22,22,40,40,42,42,31,75,71,71,65,65,59,55,55,47,47,47,47,49,49,57,57,69,75,75,75,75,75,75,75,75,75,75,75,75,75,68,64,64,24,82,82,82,60,0,0],"gold":48,"neow_bonus":"BOSS_RELIC","is_daily":false,"chose_seed":false,"campfire_upgraded":10,"win_rate":0.0,"timestamp":1609770807,"path_taken":["M","?","M","?","M","E","R","E","T","?","?","?","R","M","R","BOSS","M","?","?","?","?","E","R","E","T","R","$","M","R","E","R","BOSS","M","?","?","M","?","R","E","R","T","E","M","M","E","M","R","BOSS","R","$","E","BOSS"],"items_purchased_type":["Card","Relic","Relic","Potion","Relic"],"build_version":"2020-12-18","purchased_purges":3,"victory":false,"max_hp_per_floor":[75,75,75,75,75,75,75,75,75,75,75,75,75,75,75,75,75,75,75,75,75,75,75,75,75,75,75,75,75,75,75,75,75,75,75,75,75,75,75,75,75,75,75,75,75,75,82,82,82,82,82,82,82,82,82,82],"relic_stats":{"Happy Flower":[35],"counters":[26,166],"PreservedInsect":172,"Pen Nib":[9],"Whetstone":["Streamline","Cold Snap"],"War Paint":["Amplify","Conserve Battery"],"Smiling Mask":75,"Question Card":5,"Mercury Hourglass":[445],"Blood Vial":22,"Centennial Puzzle":[6],"Sundial":[10],"Shuriken":[6],"Pandora\u0027s Box":["Go for the Eyes","Redo","Static Discharge","Go for the Eyes","Amplify","Blizzard"],"Black Star":4,"obtain_stats":[{"Whetstone":37,"Ancient Tea Set":6,"Smiling Mask":31,"Blood Vial":9,"Centennial Puzzle":53,"Matryoshka":25,"Sundial":41,"Strawberry":47,"Cracked Core":0,"Happy Flower":26,"Oddly Smooth Stone":44,"PreservedInsect":41,"Pen Nib":43,"Omamori":8,"War Paint":26,"Question Card":44,"White Beast Statue":54,"Nuclear Battery":0,"Mercury Hourglass":23,"Anchor":28,"DataDisk":54,"Shuriken":47,"Pandora\u0027s Box":17,"Black Star":34,"FossilizedHelix":11},{"Whetstone":15,"Ancient Tea Set":4,"Smiling Mask":13,"Blood Vial":5,"Centennial Puzzle":24,"Matryoshka":11,"Sundial":18,"Strawberry":22,"Cracked Core":0,"Happy Flower":11,"Oddly Smooth Stone":19,"PreservedInsect":18,"Pen Nib":18,"Omamori":5,"War Paint":11,"Question Card":19,"White Beast Statue":25,"Nuclear Battery":0,"Mercury Hourglass":10,"Anchor":11,"DataDisk":25,"Shuriken":22,"Pandora\u0027s Box":7,"Black Star":14,"FossilizedHelix":5},{"Whetstone":90,"Ancient Tea Set":18,"Smiling Mask":73,"Blood Vial":23,"Centennial Puzzle":153,"Matryoshka":60,"Sundial":106,"Strawberry":133,"Cracked Core":0,"Happy Flower":60,"Oddly Smooth Stone":111,"PreservedInsect":106,"Pen Nib":106,"Omamori":23,"War Paint":60,"Question Card":111,"White Beast Statue":158,"Nuclear Battery":0,"Mercury Hourglass":52,"Anchor":60,"DataDisk":158,"Shuriken":133,"Pandora\u0027s Box":37,"Black Star":83,"FossilizedHelix":23}]},"card_choices":[{"not_picked":["Leap","Defragment"],"picked":"Cold Snap","floor":1.0},{"not_picked":["Hologram","Stack"],"picked":"Conserve Battery","floor":3.0},{"not_picked":["Lockon","Rebound"],"picked":"Hello World","floor":5.0},{"not_picked":["White Noise","Darkness"],"picked":"Coolheaded","floor":6.0},{"not_picked":["Ball Lightning","Turbo"],"picked":"Rainbow","floor":8.0},{"not_picked":["Recycle","Doom and Gloom"],"picked":"Redo","floor":14.0},{"not_picked":["Hyperbeam","Thunder Strike"],"picked":"Amplify","floor":16.0},{"not_picked":["Rip and Tear+1","Skim"],"picked":"FTL+1","floor":18.0},{"not_picked":["Ball Lightning","Lockon","Melter"],"picked":"SKIP","floor":20.0},{"not_picked":["Coolheaded","Genetic Algorithm"],"picked":"Glacier","floor":23.0},{"not_picked":["Redo","Lockon","Doom and Gloom"],"picked":"SKIP","floor":25.0},{"not_picked":["Loop","Compile Driver"],"picked":"Self Repair","floor":29.0},{"not_picked":["Steam+1","Sweeping Beam+1"],"picked":"Biased Cognition","floor":31.0},{"not_picked":["Buffer","Thunder Strike"],"picked":"Biased Cognition","floor":33.0},{"not_picked":["Scrape","Tempest+1","Compile Driver"],"picked":"SKIP","floor":35.0},{"not_picked":["Leap","Barrage+1"],"picked":"Reinforced Body","floor":38.0},{"not_picked":["Blizzard","Melter+1","Rebound"],"picked":"SKIP","floor":39.0},{"not_picked":["Glacier+1","Self Repair+1","FTL"],"picked":"SKIP","floor":41.0},{"not_picked":["Barrage+1","Compile Driver","Streamline+1"],"picked":"SKIP","floor":44.0},{"not_picked":["Barrage+1","Compile Driver","Streamline+1"],"picked":"SKIP","floor":44.0},{"not_picked":["Sweeping Beam","Stack","Conserve Battery+1","Beam Cell"],"picked":"SKIP","floor":45.0},{"not_picked":["Stack","Cold Snap","Barrage"],"picked":"Hologram","floor":46.0},{"not_picked":["Go for the Eyes","Genetic Algorithm","Defragment"],"picked":"Creative AI","floor":47.0},{"not_picked":["Compile Driver+1","Blizzard","Redo"],"picked":"Rebound+1","floor":48.0},{"not_picked":["Go for the Eyes","Static Discharge","Steam","Beam Cell"],"picked":"SKIP","floor":54.0}],"player_experience":237018,"relics_obtained":[{"floor":6.0,"key":"Ancient Tea Set"},{"floor":8.0,"key":"Omamori"},{"floor":9.0,"key":"Blood Vial"},{"floor":11.0,"key":"FossilizedHelix"},{"floor":23.0,"key":"Mercury Hourglass"},{"floor":25.0,"key":"Matryoshka"},{"floor":26.0,"key":"Happy Flower"},{"floor":26.0,"key":"War Paint"},{"floor":31.0,"key":"Smiling Mask"},{"floor":41.0,"key":"Sundial"},{"floor":41.0,"key":"PreservedInsect"},{"floor":43.0,"key":"Pen Nib"},{"floor":44.0,"key":"Oddly Smooth Stone"},{"floor":44.0,"key":"Question Card"},{"floor":47.0,"key":"Strawberry"},{"floor":47.0,"key":"Shuriken"},{"floor":54.0,"key":"White Beast Statue"},{"floor":54.0,"key":"DataDisk"}],"event_choices":[{"damage_healed":0.0,"max_hp_gain":0.0,"max_hp_loss":0.0,"gold_gain":0.0,"cards_transformed":["Zap"],"event_name":"Transmorgrifier","player_choice":"Transformed","floor":2.0,"gold_loss":0.0,"damage_taken":0.0,"cards_obtained":["Heatsinks"]},{"cards_removed":["Strike_B"],"damage_healed":0.0,"max_hp_gain":0.0,"max_hp_loss":0.0,"gold_gain":0.0,"event_name":"Golden Wing","player_choice":"Card Removal","floor":10.0,"gold_loss":0.0,"damage_taken":7.0},{"damage_healed":18.0,"max_hp_gain":0.0,"max_hp_loss":0.0,"gold_gain":0.0,"event_name":"Mushrooms","player_choice":"Healed and dodged fight","floor":12.0,"gold_loss":0.0,"damage_taken":0.0,"cards_obtained":["Parasite"]},{"damage_healed":0.0,"max_hp_gain":0.0,"max_hp_loss":0.0,"gold_gain":0.0,"event_name":"The Joust","player_choice":"Bet on Owner","floor":19.0,"gold_loss":50.0,"damage_taken":0.0},{"damage_healed":0.0,"max_hp_gain":0.0,"max_hp_loss":0.0,"gold_gain":0.0,"event_name":"Vampires","player_choice":"Ignored","floor":21.0,"gold_loss":0.0,"damage_taken":0.0},{"damage_healed":0.0,"max_hp_gain":0.0,"max_hp_loss":0.0,"gold_gain":0.0,"event_name":"Nest","player_choice":"Joined the Cult","floor":22.0,"gold_loss":0.0,"damage_taken":6.0,"cards_obtained":["RitualDagger"]},{"damage_healed":0.0,"max_hp_gain":0.0,"max_hp_loss":0.0,"gold_gain":0.0,"event_name":"Upgrade Shrine","player_choice":"Upgraded","floor":36.0,"gold_loss":0.0,"damage_taken":0.0,"cards_upgraded":["Biased Cognition"]}],"is_beta":true,"boss_relics":[{"not_picked":["Tiny House","Cursed Key"],"picked":"Pandora\u0027s Box"},{"not_picked":["Sozu","SacredBark"],"picked":"Black Star"}],"items_purged_floors":[4,28,37],"is_endless":false,"potions_floor_spawned":[3,5,16,18,23,25,33,35,38,39,44,46],"killed_by":"The Heart","ascension_level":3}}