{"host":"rolltorest","time":1609721886,"event":{"mods":["BaseMod","Minty Spire (QoL Compilation)","Relic Stats","Slay the Relics Exporter","StSLib","The Servant 0.9.4"],"gold_per_floor":[118,136,136,136,146,176,176,193,193,193,193],"floor_reached":10,"playtime":165,"items_purged":[],"score":136,"play_id":"1224415f-6a71-41a6-b36d-7c7514e7a892","local_time":"20210103165806","is_ascension_mode":true,"campfire_choices":[],"circlet_count":0,"master_deck":["AscendersBane","Strike_S","Strike_S","Strike_S","Strike_S","Defend_S","Defend_S","Defend_S","Defend_S","KidneyShot+1","Exchange","Potential","Desolation","Potential","Rearm","Barrier"],"relics":["Uniform","NeowsBlessing","KneeBrace","Mercury Hourglass","Tiny Chest","White Beast Statue"],"acts_visited":["Exordium"],"potions_floor_usage":[],"damage_taken":[{"damage":0,"enemies":"Jaw Worm","floor":1,"turns":1},{"damage":0,"enemies":"Small Slimes","floor":2,"turns":1},{"damage":0,"enemies":"Cultist","floor":5,"turns":1},{"damage":24,"enemies":"Gremlin Nob","floor":6,"turns":4},{"damage":10,"enemies":"3 Louse","floor":8,"turns":2},{"damage":1,"enemies":"Lagavulin","floor":10,"turns":7}],"seed_played":"245311127114422734","potions_obtained":[{"floor":1,"key":"SteroidPotion"},{"floor":8,"key":"Swift Potion"}],"is_trial":false,"path_per_floor":["M","M","?","?","M","E","?","M","T","E"],"character_chosen":"THE_SERVANT","items_purchased":[],"campfire_rested":0,"item_purchase_floors":[],"current_hp_per_floor":[54,54,43,43,43,19,19,9,9,8,8],"gold":193,"neow_bonus":"THREE_ENEMY_KILL","is_daily":false,"chose_seed":false,"campfire_upgraded":0,"win_rate":0.0,"timestamp":1609721886,"path_taken":["M","M","?","?","?","E","?","M","T","E"],"items_purchased_type":[],"build_version":"2020-12-18","purchased_purges":0,"victory":false,"max_hp_per_floor":[60,60,60,60,60,60,60,60,60,60,60],"relic_stats":{"counters":[6,16],"Tiny Chest":0,"obtain_stats":[{"KneeBrace":3,"NeowsBlessing":0,"Tiny Chest":6,"Uniform":0,"White Beast Statue":9,"Mercury Hourglass":4},{"KneeBrace":2,"NeowsBlessing":0,"Tiny Chest":4,"Uniform":0,"White Beast Statue":5,"Mercury Hourglass":2},{"KneeBrace":2,"NeowsBlessing":0,"Tiny Chest":7,"Uniform":0,"White Beast Statue":9,"Mercury Hourglass":2}],"Mercury Hourglass":[46]},"card_choices":[{"not_picked":["InstantArmor","Starlight"],"picked":"Potential","floor":1},{"not_picked":["InstantArmor","Manipulate"],"picked":"Desolation","floor":2},{"not_picked":["Rearm","Revamp"],"picked":"Potential","floor":5},{"not_picked":["Misdirection","DancingSilver"],"picked":"Rearm","floor":6},{"not_picked":["DoubleEdge","Advance"],"picked":"Barrier","floor":8}],"player_experience":1913562,"relics_obtained":[{"floor":6,"key":"Tiny Chest"},{"floor":9,"key":"White Beast Statue"}],"event_choices":[{"damage_healed":0,"gold_gain":0,"player_choice":"Success","damage_taken":11,"relics_obtained":["KneeBrace"],"max_hp_gain":0,"max_hp_loss":0,"event_name":"Scrap Ooze","floor":3,"gold_loss":0},{"damage_healed":0,"gold_gain":0,"player_choice":"Gave Potion","damage_taken":0,"relics_obtained":["Mercury Hourglass"],"max_hp_gain":0,"max_hp_loss":0,"event_name":"WeMeetAgain","floor":4,"gold_loss":0},{"damage_healed":0,"gold_gain":0,"player_choice":"Grow","damage_taken":0,"max_hp_gain":0,"max_hp_loss":0,"event_name":"Living Wall","floor":7,"gold_loss":0,"cards_upgraded":["KidneyShot"]}],"is_beta":true,"boss_relics":[],"items_purged_floors":[],"is_endless":false,"potions_floor_spawned":[1,8],"killed_by":"Lagavulin","ascension_level":20}}