{"host":"c3lc60y5x60jlt1y","time":1609768863,"event":{"mods":["AchievementEnabler","BaseMod","Colored Map","Minty Spire (QoL Compilation)","Quick Restart","StSLib"],"gold_per_floor":[111,121,121,140,150,150,182,182,262,262,294,294,322,337,337,409,409,426,426,114,131,131,131,162,18,41,67,67,83,83,113,113,191,191,201,256,206,206,206,206,222,222,222,233,40,50,76,11,11,11,11],"floor_reached":50,"playtime":10383,"items_purged":["Quick Slash"],"score":1138,"play_id":"4a2badc4-0321-41b9-a366-69f5d10c12ee","local_time":"20210104160103","is_ascension_mode":true,"campfire_choices":[{"data":"Skewer","floor":6,"key":"SMITH"},{"data":"Leg Sweep","floor":8,"key":"SMITH"},{"data":"Terror","floor":10,"key":"SMITH"},{"floor":12,"key":"REST"},{"data":"Dagger Spray","floor":15,"key":"SMITH"},{"data":"Catalyst","floor":23,"key":"SMITH"},{"floor":28,"key":"REST"},{"floor":30,"key":"REST"},{"floor":32,"key":"REST"},{"data":"Corpse Explosion","floor":40,"key":"SMITH"},{"data":"Envenom","floor":42,"key":"SMITH"},{"floor":49,"key":"RECALL"}],"circlet_count":0,"master_deck":["AscendersBane","Survivor","Neutralize","Skewer+1","Cloak And Dagger","Terror+1","Leg Sweep+1","Corpse Explosion+1","Caltrops","Dagger Spray+1","Blade Dance","Tools of the Trade","Endless Agony","Underhanded Strike","Underhanded Strike","Escape Plan","Adrenaline","Catalyst+1","Envenom+1","Concentrate","Acrobatics","Tactician","Catalyst","Dash","Panache","Catalyst","Expertise","Die Die Die","Wraith Form v2+1","Noxious Fumes","Dash+1","Well Laid Plans","Bouncing Flask"],"relics":["Sozu","The Courier","Happy Flower","Question Card","Lantern","CaptainsWheel","Pandora\u0027s Box","Frozen Eye","Bronze Scales","Juzu Bracelet","Sundial","Letter Opener","Black Star","Tough Bandages","Eternal Feather","Mercury Hourglass","Bag of Preparation","Bag of Marbles","Incense Burner"],"acts_visited":["Exordium","TheCity","TheBeyond"],"potions_floor_usage":[],"damage_taken":[{"damage":1,"enemies":"Cultist","floor":1,"turns":5},{"damage":0,"enemies":"Small Slimes","floor":2,"turns":3},{"damage":0,"enemies":"Jaw Worm","floor":4,"turns":3},{"damage":0,"enemies":"Blue Slaver","floor":5,"turns":4},{"damage":18,"enemies":"Gremlin Nob","floor":7,"turns":4},{"damage":16,"enemies":"Lagavulin","floor":11,"turns":7},{"damage":2,"enemies":"3 Sentries","floor":13,"turns":4},{"damage":0,"enemies":"Looter","floor":14,"turns":3},{"damage":14,"enemies":"Slime Boss","floor":16,"turns":9},{"damage":0,"enemies":"Chosen","floor":18,"turns":4},{"damage":4,"enemies":"Shell Parasite","floor":21,"turns":3},{"damage":30,"enemies":"Slavers","floor":24,"turns":3},{"damage":18,"enemies":"Book of Stabbing","floor":27,"turns":4},{"damage":0,"enemies":"Chosen and Byrds","floor":29,"turns":2},{"damage":28,"enemies":"Slavers","floor":31,"turns":2},{"damage":27,"enemies":"Collector","floor":33,"turns":5},{"damage":12,"enemies":"3 Darklings","floor":35,"turns":4},{"damage":22,"enemies":"2 Orb Walkers","floor":36,"turns":5},{"damage":1,"enemies":"Orb Walker","floor":41,"turns":4},{"damage":3,"enemies":"3 Darklings","floor":44,"turns":3},{"damage":0,"enemies":"Sphere and 2 Shapes","floor":46,"turns":4},{"damage":7,"enemies":"Reptomancer","floor":47,"turns":5},{"damage":77,"enemies":"Awakened One","floor":50,"turns":9}],"seed_played":"6834848796099878402","potions_obtained":[],"is_trial":false,"path_per_floor":["M","M","T","M","M","R","E","R","T","R","E","R","E","M","R","B",null,"M","?","$","M","?","R","E","$","T","E","R","M","R","E","R","B",null,"M","?","?","?","?","R","M","R","T","M","$","M","E","$","R","B"],"character_chosen":"THE_SILENT","items_purchased":["Frozen Eye","Bronze Scales","Panache","Well Laid Plans","Bag of Preparation","Bouncing Flask"],"campfire_rested":4,"item_purchase_floors":[20,20,25,45,45,48],"current_hp_per_floor":[58,58,58,58,58,58,40,40,40,40,24,43,41,41,41,27,56,56,56,56,52,52,52,22,22,22,4,23,23,42,14,33,6,51,39,17,17,17,17,35,34,52,52,49,49,49,42,42,60,0,0],"gold":11,"neow_bonus":"BOSS_RELIC","is_daily":false,"chose_seed":false,"campfire_upgraded":7,"win_rate":0.0,"timestamp":1609768863,"path_taken":["M","M","?","M","M","R","E","R","T","R","E","R","E","M","R","BOSS","M","?","$","M","?","R","E","?","T","E","R","M","R","E","R","BOSS","M","?","?","?","?","R","M","R","T","M","$","M","E","$","R","BOSS"],"items_purchased_type":["Relic","Relic","Card","Card","Relic","Card"],"build_version":"2020-12-22","purchased_purges":1,"victory":false,"max_hp_per_floor":[66,66,66,66,66,66,66,66,66,66,66,66,66,66,66,66,66,66,66,66,66,66,66,66,66,66,66,66,66,66,66,66,66,66,66,66,66,66,66,66,66,66,66,66,66,66,66,66,66,66,66],"card_choices":[{"not_picked":["Acrobatics","Blade Dance"],"picked":"Skewer","floor":1},{"not_picked":["Bane","Deflect"],"picked":"Cloak And Dagger","floor":2},{"not_picked":["Dodge and Roll","Slice"],"picked":"Terror","floor":4},{"not_picked":["Flying Knee","Prepared"],"picked":"Leg Sweep","floor":5},{"not_picked":["Dodge and Roll","Backflip"],"picked":"Corpse Explosion","floor":7},{"not_picked":["Distraction","Venomology","Corpse Explosion"],"picked":"Caltrops","floor":11},{"not_picked":["Cloak And Dagger","Flying Knee","Sucker Punch"],"picked":"Dagger Spray","floor":13},{"not_picked":["Cloak And Dagger","Well Laid Plans","Tactician"],"picked":"Blade Dance","floor":14},{"not_picked":["After Image","Venomology","Malaise"],"picked":"Tools of the Trade","floor":16},{"not_picked":["Heel Hook","Blur","Escape Plan"],"picked":"Acrobatics","floor":18},{"not_picked":["Reflex","Poisoned Stab","Blade Dance"],"picked":"Tactician","floor":21},{"not_picked":["Tools of the Trade","PiercingWail","Prepared"],"picked":"Dash","floor":24},{"not_picked":["Slice","Cloak And Dagger","Predator"],"picked":"Catalyst","floor":27},{"not_picked":["Cloak And Dagger","Outmaneuver","Skewer"],"picked":"Expertise","floor":29},{"not_picked":["Backstab","Prepared","Slice"],"picked":"Die Die Die","floor":31},{"not_picked":["Bullet Time","Night Terror","A Thousand Cuts"],"picked":"Wraith Form v2","floor":33},{"not_picked":["Flechettes","Acrobatics","Choke+1"],"picked":"Noxious Fumes","floor":35},{"not_picked":["Slice","Prepared","Blade Dance"],"picked":"Dash+1","floor":41},{"not_picked":["Blade Dance","Dagger Spray","Choke","Outmaneuver+1"],"picked":"SKIP","floor":44},{"not_picked":["Underhanded Strike+1","Concentrate","Riddle With Holes","Acrobatics"],"picked":"SKIP","floor":46},{"not_picked":["Unload","Sucker Punch","Deflect","Dagger Spray"],"picked":"SKIP","floor":47}],"player_experience":7478574,"relics_obtained":[{"floor":3,"key":"The Courier"},{"floor":7,"key":"Happy Flower"},{"floor":9,"key":"Question Card"},{"floor":11,"key":"Lantern"},{"floor":13,"key":"CaptainsWheel"},{"floor":24,"key":"Juzu Bracelet"},{"floor":27,"key":"Sundial"},{"floor":31,"key":"Letter Opener"},{"floor":36,"key":"Tough Bandages"},{"floor":43,"key":"Mercury Hourglass"},{"floor":47,"key":"Bag of Marbles"},{"floor":47,"key":"Incense Burner"}],"event_choices":[{"damage_healed":0,"gold_gain":0,"player_choice":"Ignored","damage_taken":0,"max_hp_gain":0,"max_hp_loss":0,"event_name":"Vampires","floor":19,"gold_loss":0},{"damage_healed":0,"gold_gain":0,"player_choice":"Read","damage_taken":0,"max_hp_gain":0,"max_hp_loss":0,"event_name":"The Library","floor":22,"gold_loss":0,"cards_obtained":["Catalyst"]},{"damage_healed":0,"gold_gain":0,"player_choice":"Fight","damage_taken":0,"max_hp_gain":0,"max_hp_loss":0,"event_name":"Mysterious Sphere","floor":36,"gold_loss":0},{"damage_healed":0,"gold_gain":0,"player_choice":"Upgrade","damage_taken":0,"max_hp_gain":0,"max_hp_loss":0,"event_name":"Designer","floor":37,"gold_loss":50,"cards_upgraded":["Wraith Form v2"]},{"damage_healed":0,"gold_gain":0,"player_choice":"Ignored","damage_taken":0,"max_hp_gain":0,"max_hp_loss":0,"event_name":"Tomb of Lord Red Mask","floor":38,"gold_loss":0},{"cards_removed":["Dagger Throw"],"damage_healed":0,"gold_gain":0,"player_choice":"Gave Card","damage_taken":0,"relics_obtained":["Eternal Feather"],"max_hp_gain":0,"max_hp_loss":0,"event_name":"WeMeetAgain","floor":39,"gold_loss":0}],"is_beta":false,"boss_relics":[{"not_picked":["Snecko Eye","Busted Crown"],"picked":"Pandora\u0027s Box"},{"not_picked":["Astrolabe","WristBlade"],"picked":"Black Star"}],"items_purged_floors":[20],"is_endless":false,"potions_floor_spawned":[1,5,13,14,21,29,33,41,46],"killed_by":"Awakened One","ascension_level":20}}