{"host":"k85tjwrh7mjrrc9a","time":1609718765,"event":{"mods":["AchievementEnabler","BaseMod","Colored Powertips","Highlight Path","Minty Spire (QoL Compilation)","Rare Cards Sparkle","StSLib"],"gold_per_floor":[115,390,401,351,305,333,333,350,350,350,367,341,341,375,375,473,473,483,501,516,516,516,516],"floor_reached":22,"playtime":1097,"items_purged":[],"score":243,"play_id":"b9670b90-b27a-4c8d-9750-af99b1d8b53a","local_time":"20210103190605","is_ascension_mode":true,"campfire_choices":[{"floor":7,"key":"REST"},{"data":"Bash","floor":10,"key":"SMITH"},{"data":"True Grit","floor":13,"key":"SMITH"},{"data":"Armaments","floor":15,"key":"SMITH"}],"circlet_count":0,"master_deck":["Strike_R","Strike_R","Strike_R","Strike_R","Strike_R","Defend_R","Defend_R","Defend_R","Defend_R","Bash+1","Heavy Blade","Pommel Strike","Inflame","True Grit+1","Armaments+1","Heavy Blade","Limit Break","Iron Wave","True Grit","Finesse"],"relics":["Burning Blood","Question Card","Bronze Scales","Ancient Tea Set","Sozu"],"acts_visited":["Exordium","TheCity"],"potions_floor_usage":[14,16,22],"damage_taken":[{"damage":0,"enemies":"Small Slimes","floor":1,"turns":4},{"damage":19,"enemies":"Cultist","floor":3,"turns":5},{"damage":55,"enemies":"3 Sentries","floor":6,"turns":11},{"damage":7,"enemies":"2 Louse","floor":8,"turns":3},{"damage":4,"enemies":"Blue Slaver","floor":11,"turns":3},{"damage":20,"enemies":"Lagavulin","floor":14,"turns":6},{"damage":38,"enemies":"Slime Boss","floor":16,"turns":10},{"damage":18,"enemies":"3 Byrds","floor":18,"turns":5},{"damage":16,"enemies":"Chosen","floor":19,"turns":5},{"damage":44,"enemies":"3 Cultists","floor":20,"turns":6},{"damage":9,"enemies":"Centurion and Healer","floor":22,"turns":2}],"seed_played":"1533914916205616733","potions_obtained":[{"floor":8,"key":"Weak Potion"},{"floor":11,"key":"Weak Potion"},{"floor":16,"key":"PowerPotion"}],"is_trial":false,"path_per_floor":["M","?","M","?","$","E","R","M","T","R","M","?","R","E","R","B",null,"M","M","M","?","M"],"character_chosen":"IRONCLAD","items_purchased":["Pommel Strike"],"campfire_rested":1,"item_purchase_floors":[5],"current_hp_per_floor":[88,88,75,75,75,26,52,51,51,51,53,53,53,39,39,7,68,56,46,8,8,0,0],"gold":516,"neow_bonus":"TEN_PERCENT_HP_BONUS","is_daily":false,"chose_seed":false,"campfire_upgraded":3,"win_rate":0.0,"timestamp":1609718765,"path_taken":["M","?","?","?","$","E","R","M","T","R","M","?","R","E","R","BOSS","M","M","M","?","M"],"items_purchased_type":["Card"],"build_version":"2020-12-22","purchased_purges":0,"victory":false,"max_hp_per_floor":[88,88,88,88,88,88,88,88,88,88,88,88,88,88,88,88,88,88,88,88,88,88,88],"card_choices":[{"not_picked":["Warcry","Carnage","Searing Blow"],"picked":"SKIP","floor":1},{"not_picked":["Combust","Power Through"],"picked":"Heavy Blade","floor":3},{"not_picked":["Cleave","Armaments"],"picked":"Inflame","floor":6},{"not_picked":["Twin Strike","Clothesline","Wild Strike"],"picked":"True Grit","floor":8},{"not_picked":["Anger","Flex","Disarm"],"picked":"Armaments","floor":11},{"not_picked":["Feed","Perfected Strike","Thunderclap"],"picked":"Heavy Blade","floor":14},{"not_picked":["Immolate","Demon Form","Berserk"],"picked":"Limit Break","floor":16},{"not_picked":["Perfected Strike","Wild Strike","Second Wind","Bloodletting+1"],"picked":"SKIP","floor":18},{"not_picked":["Seeing Red","Thunderclap","Infernal Blade+1"],"picked":"Iron Wave","floor":19},{"not_picked":["Inflame","Shrug It Off","Headbutt"],"picked":"True Grit","floor":20}],"player_experience":131587,"relics_obtained":[{"floor":6,"key":"Question Card"},{"floor":9,"key":"Bronze Scales"},{"floor":14,"key":"Ancient Tea Set"}],"event_choices":[{"damage_healed":0,"gold_gain":275,"player_choice":"Desecrate","damage_taken":0,"max_hp_gain":0,"max_hp_loss":0,"event_name":"Golden Shrine","floor":2,"gold_loss":0,"cards_obtained":["Regret"]},{"cards_removed":["Regret"],"damage_healed":0,"gold_gain":0,"player_choice":"Card Removal","damage_taken":0,"max_hp_gain":0,"max_hp_loss":0,"event_name":"The Cleric","floor":4,"gold_loss":50},{"damage_healed":0,"gold_gain":0,"player_choice":"Left Gold","damage_taken":0,"max_hp_gain":0,"max_hp_loss":0,"event_name":"World of Goop","floor":12,"gold_loss":26},{"damage_healed":0,"gold_gain":0,"player_choice":"1 cards matched","damage_taken":0,"max_hp_gain":0,"max_hp_loss":0,"event_name":"Match and Keep!","floor":21,"gold_loss":0,"cards_obtained":["Finesse"]}],"is_beta":false,"boss_relics":[{"not_picked":["Fusion Hammer","Coffee Dripper"],"picked":"Sozu"}],"items_purged_floors":[],"is_endless":false,"potions_floor_spawned":[8,11,16,18,19],"killed_by":"Centurion and Healer","ascension_level":5}}