{"host":"vsdszi3rnxsdp24p","time":1609799761,"event":{"mods":["AchievementEnabler","BaseMod","Colored Map","Colored Powertips","Hermit","Highlight Path","Minty Spire (QoL Compilation)","Quick Restart","Relic Sorter","Relic Stats","StSLib","SuperFastMode","Synergy Search","The Cursed","The Mystic"],"gold_per_floor":[314,330,348,348,361,361,390,390,443,38,52,107,36,36,36,134,134,150,150,150,150,25,25,60,78,78,78,78,78,97,20,20,124,124,138,148,148,148],"floor_reached":37,"playtime":1659,"items_purged":["Strike_G","Regret"],"score":410,"play_id":"f3021c26-a70c-4a11-ad53-23327d284e2c","local_time":"20210104233600","is_ascension_mode":false,"campfire_choices":[{"data":"Noxious Fumes","floor":6,"key":"SMITH"},{"data":"Storm of Steel","floor":8,"key":"SMITH"},{"data":"Infinite Blades","floor":15,"key":"SMITH"},{"data":"After Image","floor":23,"key":"SMITH"},{"floor":29,"key":"REST"},{"floor":32,"key":"REST"}],"circlet_count":0,"master_deck":["Strike_G+1","Strike_G+1","Strike_G+1","Defend_G+1","Defend_G+1","Defend_G+1","Defend_G+1","Defend_G+1","Survivor","Neutralize+1","Dash","Dodge and Roll","PiercingWail","Blade Dance","Noxious Fumes+1","Storm of Steel+1","Infinite Blades+1","Choke","Backflip","Backflip","Blur","After Image+1","Outmaneuver","Writhe","Deflect","A Thousand Cuts","Terror","RitualDagger","Terror","Accuracy","Burst","CurseOfTheBell","Expertise+1","PiercingWail+1"],"relics":["Ring of the Snake","Old Coin","Mummified Hand","Whetstone","Lee\u0027s Waffle","Nunchaku","Black Star","Pear","Matryoshka","Ginger","Bottled Flame","White Beast Statue","Calling Bell","Boot","InkBottle","Girya"],"acts_visited":["Exordium","TheCity","TheBeyond"],"potions_floor_usage":[24,25,33,36,37],"damage_taken":[{"damage":3,"enemies":"Small Slimes","floor":1,"turns":4},{"damage":1,"enemies":"Cultist","floor":2,"turns":4},{"damage":0,"enemies":"Jaw Worm","floor":3,"turns":5},{"damage":10,"enemies":"Exordium Thugs","floor":5,"turns":7},{"damage":12,"enemies":"Gremlin Nob","floor":7,"turns":5},{"damage":2,"enemies":"Blue Slaver","floor":11,"turns":2},{"damage":26,"enemies":"Hexaghost","floor":16,"turns":11},{"damage":8,"enemies":"Shell Parasite","floor":18,"turns":5},{"damage":47,"enemies":"Gremlin Leader","floor":24,"turns":7},{"damage":4,"enemies":"3 Byrds","floor":25,"turns":4},{"damage":15,"enemies":"Snake Plant","floor":30,"turns":6},{"damage":50,"enemies":"Collector","floor":33,"turns":9},{"damage":13,"enemies":"Orb Walker","floor":35,"turns":4},{"damage":27,"enemies":"3 Shapes","floor":36,"turns":5},{"damage":68,"enemies":"2 Orb Walkers","floor":37,"turns":5}],"seed_played":"1869725650912589902","potions_obtained":[{"floor":1,"key":"FairyPotion"},{"floor":7,"key":"Dexterity Potion"},{"floor":11,"key":"FearPotion"},{"floor":16,"key":"Energy Potion"},{"floor":30,"key":"Strength Potion"},{"floor":33,"key":"SpeedPotion"},{"floor":35,"key":"ColorlessPotion"},{"floor":36,"key":"ColorlessPotion"}],"is_trial":false,"path_per_floor":["M","M","M","?","M","R","E","R","T","$","M","?","$","?","R","B",null,"M","?","?","?","$","R","E","M","T","?","?","R","M","$","R","B",null,"M","M","?"],"character_chosen":"THE_SILENT","items_purchased":["Infinite Blades","Lee\u0027s Waffle","Choke","Backflip","Blur","Deflect","Accuracy"],"campfire_rested":2,"item_purchase_floors":[10,10,10,10,13,22,31],"current_hp_per_floor":[67,66,66,66,56,56,44,44,44,77,75,75,75,75,75,49,77,69,69,55,65,65,65,18,14,14,8,8,35,20,20,47,27,92,79,52,0,0],"gold":148,"neow_bonus":"ONE_RARE_RELIC","is_daily":false,"chose_seed":false,"campfire_upgraded":4,"win_rate":0.0,"timestamp":1609799760,"path_taken":["M","M","M","?","?","R","E","R","T","$","M","?","?","?","R","BOSS","M","?","?","?","$","R","E","?","T","?","?","R","M","?","R","BOSS","M","M","?"],"items_purchased_type":["Card","Relic","Card","Card","Card","Card","Card"],"build_version":"2020-12-22","purchased_purges":2,"victory":false,"max_hp_per_floor":[70,70,70,70,70,70,70,70,70,77,77,77,77,77,77,77,77,77,77,82,92,92,92,92,92,92,92,92,92,92,92,92,92,92,92,92,92,92],"relic_stats":{"Lee\u0027s Waffle":33,"Nunchaku":[15],"counters":[15,83],"Mummified Hand":[36],"Black Star":1,"Whetstone":["Strike_G","Neutralize"],"Ginger":[7],"Boot":[8],"obtain_stats":[{"Girya":34,"Lee\u0027s Waffle":10,"Pear":21,"Whetstone":9,"Ginger":24,"Boot":34,"White Beast Statue":26,"Old Coin":0,"Calling Bell":34,"Nunchaku":14,"Bottled Flame":26,"Matryoshka":24,"Mummified Hand":7,"Black Star":17,"InkBottle":34,"Ring of the Snake":0},{"Girya":12,"Lee\u0027s Waffle":5,"Pear":8,"Whetstone":5,"Ginger":9,"Boot":12,"White Beast Statue":10,"Old Coin":0,"Calling Bell":12,"Nunchaku":6,"Bottled Flame":10,"Matryoshka":9,"Mummified Hand":5,"Black Star":7,"InkBottle":12,"Ring of the Snake":0},{"Girya":69,"Lee\u0027s Waffle":25,"Pear":43,"Whetstone":25,"Ginger":50,"Boot":69,"White Beast Statue":54,"Old Coin":0,"Calling Bell":69,"Nunchaku":27,"Bottled Flame":54,"Matryoshka":50,"Mummified Hand":25,"Black Star":38,"InkBottle":69,"Ring of the Snake":0}],"InkBottle":[7],"Ring of the Snake":[30]},"card_choices":[{"not_picked":["Predator","Blade Dance"],"picked":"Dash","floor":1},{"not_picked":["Prepared","Setup"],"picked":"Dodge and Roll","floor":2},{"not_picked":["Acrobatics","Slice"],"picked":"PiercingWail","floor":3},{"not_picked":["Underhanded Strike","Terror"],"picked":"Noxious Fumes","floor":5},{"not_picked":["Dodge and Roll","Terror"],"picked":"Storm of Steel","floor":7},{"not_picked":["Leg Sweep","Sucker Punch"],"picked":"Backflip","floor":11},{"not_picked":["Adrenaline","Wraith Form v2"],"picked":"After Image","floor":16},{"not_picked":["Backstab","Prepared+1"],"picked":"Outmaneuver","floor":18},{"not_picked":["Dodge and Roll","Caltrops"],"picked":"A Thousand Cuts","floor":24},{"not_picked":["Dash","Backstab"],"picked":"Terror","floor":25},{"not_picked":["Bane","Predator"],"picked":"Terror","floor":30},{"not_picked":["A Thousand Cuts","Wraith Form v2"],"picked":"Burst","floor":33},{"not_picked":["Flying Knee+1","PiercingWail"],"picked":"Expertise+1","floor":35},{"not_picked":["Dodge and Roll","Deflect"],"picked":"PiercingWail+1","floor":36}],"player_experience":129462,"relics_obtained":[{"floor":7,"key":"Mummified Hand"},{"floor":9,"key":"Whetstone"},{"floor":24,"key":"Matryoshka"},{"floor":24,"key":"Ginger"},{"floor":26,"key":"Bottled Flame"},{"floor":26,"key":"White Beast Statue"},{"floor":34,"key":"Boot"},{"floor":34,"key":"InkBottle"},{"floor":34,"key":"Girya"}],"event_choices":[{"damage_healed":0,"gold_gain":0,"cards_transformed":["Strike_G"],"player_choice":"Transformed","damage_taken":0,"max_hp_gain":0,"max_hp_loss":0,"event_name":"Transmorgrifier","floor":4,"gold_loss":0,"cards_obtained":["Blade Dance"]},{"damage_healed":0,"gold_gain":55,"player_choice":"Gained Gold","damage_taken":0,"max_hp_gain":0,"max_hp_loss":0,"event_name":"Golden Wing","floor":12,"gold_loss":0},{"damage_healed":0,"gold_gain":0,"player_choice":"Box","damage_taken":0,"relics_obtained":["Nunchaku"],"max_hp_gain":0,"max_hp_loss":0,"event_name":"Big Fish","floor":14,"gold_loss":0,"cards_obtained":["Regret"]},{"damage_healed":0,"gold_gain":0,"player_choice":"Simplicity","damage_taken":0,"max_hp_gain":0,"max_hp_loss":0,"event_name":"Back to Basics","floor":19,"gold_loss":0,"cards_upgraded":["Strike_G","Strike_G","Defend_G","Defend_G","Defend_G","Defend_G","Defend_G"]},{"damage_healed":0,"gold_gain":0,"player_choice":"Shed Blood","damage_taken":19,"max_hp_gain":5,"max_hp_loss":0,"event_name":"Forgotten Altar","floor":20,"gold_loss":0},{"damage_healed":0,"gold_gain":0,"player_choice":"Opened","damage_taken":0,"relics_obtained":["Pear"],"max_hp_gain":0,"max_hp_loss":0,"event_name":"The Mausoleum","floor":21,"gold_loss":0,"cards_obtained":["Writhe"]},{"damage_healed":0,"gold_gain":0,"player_choice":"Joined the Cult","damage_taken":6,"max_hp_gain":0,"max_hp_loss":0,"event_name":"Nest","floor":27,"gold_loss":0,"cards_obtained":["RitualDagger"]},{"damage_healed":0,"gold_gain":0,"player_choice":"Ignored","damage_taken":0,"max_hp_gain":0,"max_hp_loss":0,"event_name":"Ghosts","floor":28,"gold_loss":0},{"damage_healed":0,"gold_gain":0,"player_choice":"Fight","damage_taken":0,"max_hp_gain":0,"max_hp_loss":0,"event_name":"Mysterious Sphere","floor":37,"gold_loss":0}],"is_beta":false,"boss_relics":[{"not_picked":["SlaversCollar","Runic Dome"],"picked":"Black Star"},{"not_picked":["Velvet Choker","Fusion Hammer"],"picked":"Calling Bell"}],"items_purged_floors":[10,22],"is_endless":false,"potions_floor_spawned":[1,7,11,16,30,33,35,36],"killed_by":"2 Orb Walkers","ascension_level":0}}