{"host":"Noah","time":1609727530,"event":{"mods":["BaseMod","Colored Map","Custom Start","Hermit","Jorbs\u0027s Wanderer Trilogy","Minty Spire (QoL Compilation)","Replay The Spire","StSLib","The Blue Laboratory"],"gold_per_floor":[11,22,33,43,63,94,124,124,124,124,140,174,52,72,72,176,176,191,2,2,15,15,50,50,50,50,77,89,89,89,109,109,207,207,221,240,255,267,166,166,166,166,166,166,166,166,166,197,197,197,197,197,197,231,231],"floor_reached":56,"playtime":4265,"items_purged":["Strike_B"],"score":1787,"play_id":"ecfcba70-03fe-4ce1-bc01-ce9f272d3df5","local_time":"20210103213210","is_ascension_mode":true,"campfire_choices":[{"floor":10,"key":"REST"},{"data":"Genetic Algorithm","floor":15,"key":"SMITH"},{"floor":29,"key":"REST"},{"data":"Zap","floor":32,"key":"SMITH"},{"floor":42,"key":"RECALL"},{"data":"Defragment","floor":44,"key":"SMITH"},{"floor":46,"key":"DIG"},{"floor":52,"key":"DIG"}],"circlet_count":0,"master_deck":["AscendersBane","Strike_B+1","Zap+1","Dualcast","Loop","Sunder","Genetic Algorithm+1","Sweeping Beam","BootSequence","Conserve Battery+1","Ball Lightning","FIFO Queue+1","White Noise+1","Redo+1","Echo Form","ReplayTheSpireMod:Omega Cannon","Panic Button+1","Biased Cognition","Stack+1","Leap+1","Undo+1","Conserve Battery+1","Seek+1","Coolheaded+1","Coolheaded+1","Echo Form","Chill+1","Panic Button+1","Hologram+1","Storm+1","BasicCrystalCard+1","Storm","Storm","Defragment+1","Master of Strategy+1","Mind Blast","Seek+1"],"relics":["Cracked Core","Replay:Multitool","Snack Pack","Thread and Needle","Toxic Egg 2","Orichalcum","Empty Cage","ReplayTheSpireMod:Ring of Exchange","Bag of Preparation","Gremlin Food","DataDisk","Blue Doll","Replay:Grab Bag","ChewingGum","ReplayTheSpireMod:Onyx Gauntlets","Replay:Drink Me","Replay:PocketPolymizer","Mango","ReplayTheSpireMod:Ninjato","Pen Nib"],"acts_visited":["Exordium","TheCity","TheBeyond","TheEnding"],"potions_floor_usage":[4,6,12,16,25,55,55],"damage_taken":[{"damage":4,"enemies":"Small Slimes","floor":1,"turns":3},{"damage":0,"enemies":"Cultist","floor":2,"turns":4},{"damage":7,"enemies":"Jaw Worm","floor":3,"turns":2},{"damage":17,"enemies":"Large Slime","floor":4,"turns":6},{"damage":3,"enemies":"3 Louse","floor":5,"turns":3},{"damage":32,"enemies":"3 Sentries","floor":6,"turns":8},{"damage":2,"enemies":"Blue Slaver","floor":11,"turns":3},{"damage":22,"enemies":"Gremlin Nob","floor":12,"turns":4},{"damage":4,"enemies":"Exordium Thugs","floor":14,"turns":4},{"damage":27,"enemies":"Hexaghost","floor":16,"turns":10},{"damage":0,"enemies":"Chosen","floor":18,"turns":3},{"damage":19,"enemies":"Spheric Guardian","floor":21,"turns":7},{"damage":19,"enemies":"Book of Stabbing","floor":23,"turns":6},{"damage":0,"enemies":"Gremlin Leader","floor":25,"turns":1},{"damage":19,"enemies":"Slavers","floor":27,"turns":5},{"damage":11,"enemies":"Snake Plant","floor":28,"turns":5},{"damage":1,"enemies":"Snecko","floor":31,"turns":7},{"damage":12,"enemies":"Champ","floor":33,"turns":15},{"damage":0,"enemies":"Orb Walker","floor":35,"turns":3},{"damage":0,"enemies":"3 Darklings","floor":36,"turns":3},{"damage":0,"enemies":"Maw","floor":37,"turns":5},{"damage":2,"enemies":"4 Shapes","floor":38,"turns":3},{"damage":0,"enemies":"Reptomancer","floor":48,"turns":5},{"damage":18,"enemies":"Awakened One","floor":50,"turns":9},{"damage":16,"enemies":"Shield and Spear","floor":54,"turns":4},{"damage":45,"enemies":"The Heart","floor":55,"turns":7}],"seed_played":"-6313941907781140044","potions_obtained":[{"floor":1,"key":"blueLaboratory:HorrorPotion"},{"floor":3,"key":"blueLaboratory:LouseDecoction"},{"floor":6,"key":"AttackPotion"},{"floor":14,"key":"blueLaboratory:SystemWipe"},{"floor":16,"key":"blueLaboratory:Moonshine"},{"floor":21,"key":"SmokeBomb"},{"floor":27,"key":"Venom Potion"},{"floor":31,"key":"Swift Potion"},{"floor":33,"key":"BlessingOfTheForge"},{"floor":54,"key":"Death Potion"}],"is_trial":false,"path_per_floor":["M","M","M","M","M","E","?","R","T","R","M","E","$","M","R","B",null,"M","$","?","M","?","E","R","E","T","E","M","R","T","M","R","B",null,"M","M","M","M","$","R","?","R","T","R","?","R","?","E","R","B",null,"R","$","E","B",null],"character_chosen":"DEFECT","items_purchased":["Redo+1","Biased Cognition","Stack+1","BasicCrystalCard+1","Storm"],"campfire_rested":2,"item_purchase_floors":[13,19,19,39,39],"current_hp_per_floor":[64,64,57,40,37,5,5,27,27,49,47,29,29,25,25,2,57,57,57,57,38,38,21,43,43,43,26,15,37,37,43,43,35,52,52,54,57,55,55,55,50,50,50,50,50,50,50,68,68,50,66,66,66,50,7],"gold":231,"neow_bonus":"ONE_RARE_RELIC","is_daily":false,"chose_seed":false,"campfire_upgraded":3,"win_rate":0.0,"timestamp":1609727530,"path_taken":["M","M","M","M","M","E","?","R","T","R","M","E","?","?","R","BOSS","M","$","?","M","?","E","R","E","T","E","M","R","?","?","R","BOSS","M","M","M","M","$","R","?","R","T","R","?","R","?","E","R","BOSS","R","$","E","BOSS"],"items_purchased_type":["Card","Card","Card","Card","Card"],"build_version":"2020-12-18","purchased_purges":1,"victory":true,"max_hp_per_floor":[75,75,75,75,75,75,75,75,75,75,75,75,75,75,75,75,75,75,75,75,75,75,75,75,75,75,75,75,75,75,75,75,75,57,57,57,57,57,57,57,57,57,57,57,57,57,57,71,71,71,71,71,71,71,71],"card_choices":[{"not_picked":["Gash","Beam Cell"],"picked":"Loop","floor":1},{"not_picked":["Streamline","Compile Driver"],"picked":"Sunder","floor":2},{"not_picked":["Panic Button","Barrage"],"picked":"Genetic Algorithm","floor":3},{"not_picked":["Redo","All For One"],"picked":"Sweeping Beam","floor":4},{"not_picked":["Leap","Barrage"],"picked":"BootSequence","floor":5},{"not_picked":["BasicCrystalCard","Tempest"],"picked":"Conserve Battery","floor":6},{"not_picked":["Conserve Battery","Force Field"],"picked":"Ball Lightning","floor":7},{"not_picked":["BasicCrystalCard+1","Steam+1"],"picked":"FIFO Queue","floor":11},{"not_picked":["Force Field+1","ReplayTheSpireMod:System Scan+1"],"picked":"White Noise+1","floor":12},{"not_picked":["Hologram+1","Barrage"],"picked":"Echo Form","floor":14},{"not_picked":["Machine Learning","Seek+1"],"picked":"ReplayTheSpireMod:Omega Cannon","floor":16},{"not_picked":["Stack+1","ReplayTheSpireMod:Repulse+1"],"picked":"Panic Button+1","floor":18},{"not_picked":["ReplaySort+1","Rip and Tear"],"picked":"Leap+1","floor":21},{"not_picked":["Auto Shields+1","ReplaySort+1"],"picked":"FTL","floor":23},{"not_picked":["Double Energy+1","ReplayGash"],"picked":"Seek+1","floor":27},{"not_picked":["Turbo+1","Scrape+1"],"picked":"Coolheaded+1","floor":28},{"not_picked":["Redo+1","FTL"],"picked":"Coolheaded+1","floor":31},{"not_picked":["Electrodynamics","Fission+1"],"picked":"Echo Form","floor":33},{"not_picked":["Static Discharge+1","Hologram+1"],"picked":"Chill+1","floor":35},{"not_picked":["Leap+1","Steam+1"],"picked":"Panic Button+1","floor":36},{"not_picked":["Stack+1","Streamline"],"picked":"Hologram+1","floor":37},{"not_picked":["Recycle+1","Gash"],"picked":"Storm+1","floor":38},{"not_picked":["Forethought+1","Bandage Up+1"],"picked":"Master of Strategy+1","floor":41},{"not_picked":["Dramatic Entrance","Mayhem"],"picked":"Mind Blast","floor":41},{"not_picked":["Steam+1","Cold Snap+1","Stack+1"],"picked":"SKIP","floor":48},{"not_picked":["Beam Cell+1","ReplayTheSpireMod:Omega Cannon"],"picked":"Seek+1","floor":54}],"player_experience":849312,"relics_obtained":[{"floor":6,"key":"Snack Pack"},{"floor":7,"key":"Thread and Needle"},{"floor":9,"key":"Toxic Egg 2"},{"floor":12,"key":"Orichalcum"},{"floor":20,"key":"ReplayTheSpireMod:Ring of Exchange"},{"floor":23,"key":"Bag of Preparation"},{"floor":26,"key":"Gremlin Food"},{"floor":27,"key":"DataDisk"},{"floor":30,"key":"Blue Doll"},{"floor":46,"key":"Replay:PocketPolymizer"},{"floor":48,"key":"Mango"},{"floor":52,"key":"ReplayTheSpireMod:Ninjato"},{"floor":54,"key":"Pen Nib"}],"event_choices":[{"damage_healed":0,"gold_gain":0,"cards_transformed":["Strike_B","Strike_B"],"player_choice":"Became Test Subject","damage_taken":0,"max_hp_gain":0,"max_hp_loss":0,"event_name":"Drug Dealer","floor":22,"gold_loss":0,"cards_obtained":["Undo","Conserve Battery"]},{"damage_healed":0,"gold_gain":0,"player_choice":"Memory 2","damage_taken":5,"max_hp_gain":0,"max_hp_loss":0,"event_name":"SensoryStone","floor":41,"gold_loss":0},{"damage_healed":0,"gold_gain":0,"player_choice":"Ignored","damage_taken":0,"max_hp_gain":0,"max_hp_loss":0,"event_name":"Tomb of Lord Red Mask","floor":45,"gold_loss":0},{"damage_healed":0,"gold_gain":0,"player_choice":"Got Potions","damage_taken":0,"max_hp_gain":0,"max_hp_loss":0,"event_name":"Lab","floor":47,"gold_loss":0},{"cards_removed":["FTL"],"damage_healed":0,"gold_gain":0,"player_choice":"Card Removal","damage_taken":0,"max_hp_gain":0,"max_hp_loss":0,"event_name":"Wheel of Change","floor":49,"gold_loss":0}],"is_beta":true,"boss_relics":[{"not_picked":["Inserter","ReplayTheSpireMod:DimensionalGlitch"],"picked":"Empty Cage"},{"not_picked":["Velvet Choker","Strange Spoon"],"picked":"Replay:Grab Bag"},{"not_picked":["Runic Dome","Replay:Bronze Core"],"picked":"ChewingGum"},{"not_picked":["Coffee Dripper","Fusion Hammer"],"picked":"ReplayTheSpireMod:Onyx Gauntlets"},{"not_picked":["Kintsugi","Ring of Chaos"],"picked":"Replay:Drink Me"}],"items_purged_floors":[13],"is_endless":false,"potions_floor_spawned":[1,3,6,14,16,21,25,27,31,33,37,54],"ascension_level":12}}