{"host":"6dypmz777xraikqf","time":1609775836,"event":{"mods":["AchievementEnabler","BaseMod","BetterRewards","Colored Map","Colored Powertips","Downfall","Highlight Path","Hubris","Infinite Spire","Minty Spire (QoL Compilation)","Replay The Spire","StSLib"],"gold_per_floor":[116,135,135,148,168,168,196,196,223,67,93,104,124,124,124,223,223,235,160,160,201,201,228,239,239,263,32,132,142,162,162,162,264,264,279,291,315,332,343,343,371,383,383,59,59,59,7,7,7,7,7,7,7,37,37,37],"floor_reached":55,"playtime":2900,"items_purged":["Pain","Parasite"],"score":885,"play_id":"6c1d698e-c1fa-4301-b55a-891d86a3c054","local_time":"20210104155716","is_ascension_mode":true,"campfire_choices":[{"data":"Armaments","floor":6,"key":"SMITH"},{"data":"Carnage","floor":8,"key":"SMITH"},{"data":"Uppercut","floor":25,"key":"SMITH"},{"floor":32,"key":"REST"},{"floor":40,"key":"REST"},{"floor":45,"key":"REST"},{"floor":49,"key":"RECALL"},{"data":"Evolve","floor":52,"key":"SMITH"}],"circlet_count":0,"master_deck":["Strike_R","Strike_R","Strike_R","Strike_R","Defend_R","Defend_R","Defend_R","Defend_R","Bash","Metallicize","Wild Strike+1","Shrug It Off","Armaments+1","Carnage+1","Pot Of Greed","Pot Of Greed","Double Tap+1","Fiend Fire","Demonic Infusion+1","Ghostly Armor","RitualDagger","Uppercut+1","Metallicize","Body Slam+1","Pot Of Greed","Whirlwind+1","Barricade","Run Through+1","Battle Trance","Parasite","Battle Trance","Seeing Red","ReplayTheSpireMod:Stacked+1","ReplayTheSpireMod:Faulty Equipment","Evolve+1","Hallucinations","Pot Of Greed"],"relics":["infinitespire:Burning Sword","Lantern","Grinning Jar","hubris:TenFootPole","InkBottle","hubris:ToyBattleship","Cursed Key","Red Skull","Boot","Tiny Chest","Toolbox","Unceasing Top","Replay:Bottled Flurry","SlaversCollar","ReplayFunnel","hubris:SlimyHat","Iron Hammer","Guide Book","hubris:Icosahedron","Replay:Bottled Snecko"],"acts_visited":["Exordium","TheCity","TheBeyond","TheEnding"],"potions_floor_usage":[23,28,28,42,42,50,55],"damage_taken":[{"damage":3,"enemies":"Cultist","floor":1,"turns":3},{"damage":3,"enemies":"Small Slimes","floor":2,"turns":4},{"damage":0,"enemies":"2 Louse","floor":4,"turns":2},{"damage":3,"enemies":"Exordium Wildlife","floor":5,"turns":2},{"damage":4,"enemies":"3 Sentries","floor":7,"turns":6},{"damage":0,"enemies":"Gremlin Nob","floor":11,"turns":2},{"damage":7,"enemies":"3 Louse","floor":12,"turns":3},{"damage":0,"enemies":"Large Slime","floor":13,"turns":1},{"damage":2,"enemies":"Slime Boss","floor":16,"turns":3},{"damage":6,"enemies":"3 Byrds","floor":18,"turns":5},{"damage":21,"enemies":"Slavers","floor":23,"turns":6},{"damage":3,"enemies":"Shell Parasite","floor":24,"turns":2},{"damage":0,"enemies":"Colosseum Slavers","floor":28,"turns":2},{"damage":0,"enemies":"Colosseum Nobs","floor":28,"turns":3},{"damage":2,"enemies":"Centurion and Healer","floor":29,"turns":3},{"damage":7,"enemies":"Chosen and Byrds","floor":30,"turns":5},{"damage":23,"enemies":"Champ","floor":33,"turns":6},{"damage":0,"enemies":"Orb Walker","floor":35,"turns":2},{"damage":19,"enemies":"3 Darklings","floor":36,"turns":5},{"damage":8,"enemies":"Spire Growth","floor":38,"turns":3},{"damage":6,"enemies":"4 Shapes","floor":39,"turns":7},{"damage":0,"enemies":"Giant Head","floor":41,"turns":5},{"damage":37,"enemies":"Writhing Mass","floor":42,"turns":6},{"damage":1,"enemies":"Replay:Hell Engine","floor":50,"turns":5},{"damage":9,"enemies":"Shield and Spear","floor":54,"turns":6},{"damage":61,"enemies":"The Heart","floor":55,"turns":3}],"seed_played":"-3558467460622762990","potions_obtained":[{"floor":5,"key":"Fire Potion"},{"floor":11,"key":"Strength Potion"},{"floor":12,"key":"champ:CounterPotion"},{"floor":21,"key":"infinitespire:BlackPotion"},{"floor":21,"key":"Block Potion"},{"floor":23,"key":"AttackPotion"},{"floor":29,"key":"LifebloodPotion"},{"floor":30,"key":"ColorlessPotion"}],"is_trial":false,"path_per_floor":["M","M","?","M","M","R","E","R","T","$","E","M","M","T","R_BF","B",null,"M","?","?","?","?","E","M","R","T","$","?","M","M","?","R","B",null,"M","M","T","M","M","R","E","M","T","$","R","?","$","T","R","B",null,"R","$","E","B"],"character_chosen":"IRONCLAD","items_purchased":["Double Tap","Toolbox","Evolve","Guide Book","Weak Potion"],"campfire_rested":3,"item_purchase_floors":[10,27,44,44,47],"current_hp_per_floor":[69,66,66,66,63,63,59,59,59,59,59,52,52,52,52,50,73,67,67,67,67,64,43,40,40,40,40,40,38,31,31,55,32,68,68,49,49,41,35,59,59,22,22,22,45,45,45,45,45,44,69,69,69,60,0,0],"gold":37,"neow_bonus":"BOSS_RELIC","is_daily":false,"chose_seed":false,"campfire_upgraded":4,"win_rate":0.0,"timestamp":1609775836,"path_taken":["M","M","?","?","M","R","E","R","T","$","E","M","M","?","R_BF","BOSS","M","?","?","?","?","E","M","R","T","$","?","?","M","?","R","BOSS","M","M","?","?","M","R","E","M","T","$","R","?","?","?","R","BOSS","R","$","E","BOSS"],"items_purchased_type":["Card","Relic","Card","Relic","Potion"],"build_version":"2020-12-22","purchased_purges":2,"victory":false,"max_hp_per_floor":[80,80,80,80,80,80,80,80,80,80,80,80,80,80,80,80,80,80,80,80,80,80,80,80,80,80,80,80,80,80,80,80,80,80,80,80,80,80,80,80,80,80,80,77,77,77,77,77,77,77,77,77,77,77,77,77],"card_choices":[{"not_picked":["Dropkick","hubris:SharpeningStone"],"picked":"Metallicize","floor":1},{"not_picked":["Flex","Clothesline"],"picked":"Wild Strike","floor":2},{"not_picked":["Headbutt","Twin Strike"],"picked":"Shrug It Off","floor":4},{"not_picked":["Heavy Blade","hubris:SharpeningStone"],"picked":"Armaments","floor":5},{"not_picked":["Wild Strike","hubris:ReadiedAction"],"picked":"Carnage","floor":7},{"not_picked":["Havoc","Dark Embrace","True Grit"],"picked":"SKIP","floor":11},{"not_picked":["Clash","Warcry"],"picked":"Fiend Fire","floor":12},{"not_picked":["Shrug It Off","Heavy Blade","Armaments"],"picked":"SKIP","floor":13},{"not_picked":["Corruption","Bludgeon"],"picked":"Demonic Infusion","floor":16},{"not_picked":["Hemokinesis","Pommel Strike","Headbutt"],"picked":"SKIP","floor":18},{"not_picked":["Battle Trance","ReplayTheSpireMod:Corrosion Curse"],"picked":"Ghostly Armor","floor":21},{"not_picked":["Berserk","hubris:ReadiedAction"],"picked":"Uppercut","floor":23},{"not_picked":["Flame Barrier","ReplayTheSpireMod:Strike From Hell"],"picked":"Metallicize","floor":24},{"not_picked":["Anger","Cleave"],"picked":"Body Slam+1","floor":28},{"not_picked":["Blood for Blood","Cleave","Flex+1"],"picked":"SKIP","floor":29},{"not_picked":["Blood for Blood","Pommel Strike"],"picked":"Whirlwind+1","floor":30},{"not_picked":["Corruption","Brutality"],"picked":"Barricade","floor":33},{"not_picked":["Intimidate","Cleave+1"],"picked":"Run Through+1","floor":35},{"not_picked":["Perfected Strike","Rampage"],"picked":"Battle Trance","floor":36},{"not_picked":["Dark Embrace","Sentinel+1"],"picked":"Battle Trance","floor":38},{"not_picked":["Wild Strike","Anger","True Grit"],"picked":"SKIP","floor":39},{"not_picked":["Intimidate+1","Rage+1"],"picked":"Seeing Red","floor":41},{"not_picked":["ReplayTheSpireMod:Muscle Training+1","Shrug It Off"],"picked":"ReplayTheSpireMod:Stacked+1","floor":42},{"not_picked":["Uppercut","Iron Wave+1","Run Through"],"picked":"SKIP","floor":54}],"player_experience":111686,"relics_obtained":[{"floor":7,"key":"Lantern"},{"floor":9,"key":"Grinning Jar"},{"floor":11,"key":"hubris:TenFootPole"},{"floor":14,"key":"InkBottle"},{"floor":15,"key":"hubris:ToyBattleship"},{"floor":23,"key":"Boot"},{"floor":26,"key":"Tiny Chest"},{"floor":28,"key":"Unceasing Top"},{"floor":28,"key":"Replay:Bottled Flurry"},{"floor":37,"key":"ReplayFunnel"},{"floor":41,"key":"hubris:SlimyHat"},{"floor":43,"key":"Iron Hammer"},{"floor":54,"key":"Replay:Bottled Snecko"}],"event_choices":[{"damage_healed":0,"gold_gain":0,"player_choice":"Forge","damage_taken":0,"max_hp_gain":0,"max_hp_loss":0,"event_name":"Accursed Blacksmith","floor":3,"gold_loss":0,"cards_upgraded":["Wild Strike"]},{"damage_healed":0,"gold_gain":0,"player_choice":"Relic","damage_taken":0,"max_hp_gain":0,"max_hp_loss":0,"event_name":"Wheel of Change","floor":15,"gold_loss":0},{"cards_removed":["Strike_R"],"damage_healed":0,"gold_gain":0,"player_choice":"Gave Gold","damage_taken":0,"max_hp_gain":0,"max_hp_loss":0,"event_name":"Beggar","floor":19,"gold_loss":75},{"damage_healed":0,"gold_gain":0,"player_choice":"Joined the Cult","damage_taken":6,"max_hp_gain":0,"max_hp_loss":0,"event_name":"Nest","floor":22,"gold_loss":0,"cards_obtained":["RitualDagger"]},{"damage_healed":0,"gold_gain":0,"player_choice":"Fight","damage_taken":0,"max_hp_gain":0,"max_hp_loss":0,"event_name":"Colosseum","floor":28,"gold_loss":0},{"damage_healed":0,"gold_gain":0,"player_choice":"Fought Nobs","damage_taken":0,"max_hp_gain":0,"max_hp_loss":0,"event_name":"Colosseum","floor":28,"gold_loss":0},{"damage_healed":0,"gold_gain":0,"player_choice":"Ignored","damage_taken":0,"max_hp_gain":0,"max_hp_loss":0,"event_name":"Ghosts","floor":31,"gold_loss":0}],"is_beta":false,"boss_relics":[{"not_picked":["Runic Dome","Painkiller Herb"],"picked":"Cursed Key"},{"not_picked":["Electric Blood","Empty Cage"],"picked":"SlaversCollar"}],"items_purged_floors":[27,44],"is_endless":false,"potions_floor_spawned":[5,11,12,13,23,24,28,29,30,35,36],"killed_by":"The Heart","ascension_level":7}}