{"host":"x7n7968bn9ekn290","time":1609790027,"event":{"mods":["AchievementEnabler","BaseMod","Minty Spire (QoL Compilation)","Relic Stats"],"gold_per_floor":[118,134,134,151,151,170,170,37,337,355,375,35,63,78,78,178,178,197,210,230,241,241,241,241,241],"floor_reached":24,"playtime":1181,"items_purged":[],"score":227,"play_id":"cdad29f7-ba88-4b49-95c4-5692c064efc0","local_time":"20210104115347","is_ascension_mode":false,"campfire_choices":[{"data":"Dash","floor":7,"key":"SMITH"},{"data":"Bandage Up","floor":15,"key":"SMITH"},{"floor":23,"key":"REST"}],"circlet_count":0,"master_deck":["Strike_G","Strike_G","Strike_G","Strike_G","Strike_G","Defend_G","Defend_G","Defend_G","Defend_G","Defend_G","Survivor","Neutralize","Sucker Punch","Blade Dance","Bouncing Flask","Dash+1","Bandage Up+1","Deflect","Poisoned Stab","Dash","Bandage Up","Crippling Poison","Finisher","Adrenaline","Acrobatics","Slice","Poisoned Stab","Bouncing Flask"],"relics":["Ring of the Snake","Old Coin","Pear","CaptainsWheel","Velvet Choker","CultistMask"],"acts_visited":["Exordium","TheCity"],"potions_floor_usage":[16,16],"damage_taken":[{"damage":0,"enemies":"Cultist","floor":1,"turns":5},{"damage":0,"enemies":"2 Louse","floor":2,"turns":3},{"damage":1,"enemies":"Jaw Worm","floor":4,"turns":4},{"damage":9,"enemies":"3 Louse","floor":6,"turns":6},{"damage":0,"enemies":"Blue Slaver","floor":10,"turns":4},{"damage":0,"enemies":"2 Fungi Beasts","floor":11,"turns":3},{"damage":13,"enemies":"Lagavulin","floor":13,"turns":6},{"damage":2,"enemies":"Exordium Wildlife","floor":14,"turns":5},{"damage":10,"enemies":"The Guardian","floor":16,"turns":10},{"damage":4,"enemies":"Shell Parasite","floor":18,"turns":6},{"damage":4,"enemies":"3 Byrds","floor":19,"turns":5},{"damage":26,"enemies":"Snecko","floor":20,"turns":6},{"damage":41,"enemies":"Centurion and Healer","floor":21,"turns":8},{"damage":70,"enemies":"Gremlin Leader","floor":24,"turns":6}],"seed_played":"-4778523364783171564","potions_obtained":[{"floor":2,"key":"SmokeBomb"},{"floor":10,"key":"ColorlessPotion"},{"floor":11,"key":"Energy Potion"},{"floor":14,"key":"Block Potion"},{"floor":21,"key":"CunningPotion"}],"is_trial":false,"path_per_floor":["M","M","?","M","?","M","R","$","T","M","M","$","E","M","R","B",null,"M","M","M","M","?","R","E"],"character_chosen":"THE_SILENT","items_purchased":["Bandage Up","Deflect","Pear","Bandage Up"],"campfire_rested":1,"item_purchase_floors":[8,8,12,12],"current_hp_per_floor":[77,77,77,76,69,60,60,60,60,64,64,74,69,75,75,75,87,87,87,61,30,30,56,0,0],"gold":241,"neow_bonus":"TEN_PERCENT_HP_BONUS","is_daily":false,"chose_seed":false,"campfire_upgraded":2,"win_rate":0.0,"timestamp":1609790027,"path_taken":["M","M","?","M","?","M","R","$","T","?","M","$","E","M","R","BOSS","M","M","M","M","?","R","E"],"items_purchased_type":["Card","Card","Relic","Card"],"build_version":"2020-12-22","purchased_purges":0,"victory":false,"max_hp_per_floor":[77,77,77,77,77,77,77,77,77,77,77,87,87,87,87,87,87,87,87,87,87,87,87,87,87],"relic_stats":{"counters":[14,77],"obtain_stats":[{"CaptainsWheel":13,"Pear":12,"Velvet Choker":17,"CultistMask":22,"Ring of the Snake":0,"Old Coin":9},{"CaptainsWheel":7,"Pear":6,"Velvet Choker":9,"CultistMask":13,"Ring of the Snake":0,"Old Coin":4},{"CaptainsWheel":31,"Pear":25,"Velvet Choker":46,"CultistMask":71,"Ring of the Snake":0,"Old Coin":18}],"Ring of the Snake":[28]},"card_choices":[{"not_picked":["Quick Slash","Acrobatics"],"picked":"Sucker Punch","floor":1},{"not_picked":["Outmaneuver","Backflip"],"picked":"Blade Dance","floor":2},{"not_picked":["Poisoned Stab","Flechettes"],"picked":"Bouncing Flask","floor":4},{"not_picked":["Footwork","Heel Hook"],"picked":"Dash","floor":6},{"not_picked":["Bouncing Flask","Distraction"],"picked":"Poisoned Stab","floor":10},{"not_picked":["Flying Knee","Acrobatics"],"picked":"Dash","floor":11},{"not_picked":["Dodge and Roll","Poisoned Stab"],"picked":"Crippling Poison","floor":13},{"not_picked":["Underhanded Strike","PiercingWail"],"picked":"Finisher","floor":14},{"not_picked":["Burst","Wraith Form v2"],"picked":"Adrenaline","floor":16},{"not_picked":["Dagger Throw","Masterful Stab"],"picked":"Acrobatics","floor":18},{"not_picked":["Calculated Gamble+1","Caltrops"],"picked":"Slice","floor":19},{"not_picked":["Backflip","Outmaneuver"],"picked":"Poisoned Stab","floor":20},{"not_picked":["Endless Agony","Outmaneuver"],"picked":"Bouncing Flask","floor":21}],"player_experience":6986,"relics_obtained":[{"floor":9,"key":"Old Coin"},{"floor":13,"key":"CaptainsWheel"}],"event_choices":[{"damage_healed":0,"gold_gain":0,"player_choice":"Leave","damage_taken":0,"max_hp_gain":0,"max_hp_loss":0,"event_name":"The Cleric","floor":3,"gold_loss":0},{"damage_healed":0,"gold_gain":0,"player_choice":"Damaged","damage_taken":7,"max_hp_gain":0,"max_hp_loss":0,"event_name":"Wheel of Change","floor":5,"gold_loss":0},{"damage_healed":0,"gold_gain":0,"player_choice":"Trade","damage_taken":0,"relics_obtained":["CultistMask"],"max_hp_gain":0,"max_hp_loss":0,"event_name":"FaceTrader","floor":22,"gold_loss":0}],"is_beta":false,"boss_relics":[{"not_picked":["Philosopher\u0027s Stone","Fusion Hammer"],"picked":"Velvet Choker"}],"items_purged_floors":[],"is_endless":false,"potions_floor_spawned":[2,10,11,14,21],"killed_by":"Gremlin Leader","ascension_level":0}}