{"host":"nqsrckqog5ia9mbo","time":1609800213,"event":{"mods":["AchievementEnabler","BaseMod","Colored Map","Highlight Path","Minty Spire (QoL Compilation)"],"gold_per_floor":[117,133,133,143,158,192,192,223,250,260,260,271,298,316,316,421,421,432,443,443,59,0,0,17,17,17,37,37,37,62,75,75,175,175,190,190,490,500,500,535,535,535,535,535,585,603,603,15,15,15,15,15,15,46,46,46],"floor_reached":55,"playtime":6242,"items_purged":["Pain"],"score":870,"play_id":"0aefc927-61a5-47a5-a77f-26a639346486","local_time":"20210104234333","is_ascension_mode":true,"campfire_choices":[{"data":"Loop","floor":7.0,"key":"SMITH"},{"data":"White Noise","floor":11.0,"key":"SMITH"},{"floor":15.0,"key":"REST"},{"floor":23,"key":"RECALL"},{"floor":25,"key":"REST"},{"floor":32,"key":"REST"},{"data":"Madness","floor":41,"key":"SMITH"},{"data":"Echo Form","floor":44,"key":"SMITH"},{"floor":49,"key":"REST"},{"data":"Undo","floor":52,"key":"SMITH"}],"circlet_count":0,"master_deck":["Defend_B","Defend_B","Defend_B","Defend_B","Zap","Dualcast","Loop+1","Glacier","Turbo","Redo","Rebound","White Noise+1","Rainbow","Compile Driver","Amplify","Recycle+1","Reprogram+1","Scrape+1","Gash+1","Redo+1","Loop","BootSequence","Sunder","Writhe","Echo Form+1","Undo+1","Conserve Battery","Go for the Eyes","Madness","Madness+1","Gash+1","Parasite","Echo Form+1","Hologram+1","Skim"],"relics":["Cracked Core","Ice Cream","Vajra","Bag of Marbles","Astrolabe","OrangePellets","Dream Catcher","Bronze Scales","Potion Belt","Singing Bowl","Cursed Key","Regal Pillow","Girya","Du-Vu Doll","HornCleat","Calipers","DollysMirror","Oddly Smooth Stone"],"acts_visited":["Exordium","TheCity","TheBeyond","TheEnding"],"potions_floor_usage":[30,33,40,46,50,50,50],"damage_taken":[{"damage":0.0,"enemies":"2 Louse","floor":1.0,"turns":2.0},{"damage":1.0,"enemies":"Cultist","floor":2.0,"turns":4.0},{"damage":7.0,"enemies":"Jaw Worm","floor":4.0,"turns":5.0},{"damage":11.0,"enemies":"3 Louse","floor":5.0,"turns":5.0},{"damage":29.0,"enemies":"Gremlin Nob","floor":6.0,"turns":6.0},{"damage":0.0,"enemies":"Lagavulin","floor":8.0,"turns":9.0},{"damage":16.0,"enemies":"Exordium Thugs","floor":10.0,"turns":5.0},{"damage":8.0,"enemies":"Large Slime","floor":12.0,"turns":5.0},{"damage":12.0,"enemies":"2 Fungi Beasts","floor":14.0,"turns":3.0},{"damage":13.0,"enemies":"The Guardian","floor":16.0,"turns":15.0},{"damage":31,"enemies":"3 Byrds","floor":18,"turns":8},{"damage":4,"enemies":"Shell Parasite","floor":19,"turns":5},{"damage":31,"enemies":"3 Cultists","floor":24,"turns":7},{"damage":21,"enemies":"Snake Plant","floor":27,"turns":3},{"damage":60,"enemies":"Book of Stabbing","floor":30,"turns":7},{"damage":19,"enemies":"Snecko","floor":31,"turns":6},{"damage":25,"enemies":"Automaton","floor":33,"turns":13},{"damage":36,"enemies":"3 Darklings","floor":35,"turns":9},{"damage":0,"enemies":"3 Shapes","floor":38,"turns":7},{"damage":3,"enemies":"Nemesis","floor":40,"turns":10},{"damage":8,"enemies":"Mind Bloom Boss Battle","floor":45,"turns":8},{"damage":23,"enemies":"Sphere and 2 Shapes","floor":46,"turns":7},{"damage":51,"enemies":"Time Eater","floor":50,"turns":13},{"damage":64,"enemies":"Shield and Spear","floor":54,"turns":9},{"damage":49,"enemies":"The Heart","floor":55,"turns":2}],"seed_played":"1452422822810815547","potions_obtained":[{"floor":2.0,"key":"SteroidPotion"},{"floor":3.0,"key":"Swift Potion"},{"floor":3.0,"key":"Fruit Juice"},{"floor":3.0,"key":"FairyPotion"},{"floor":4.0,"key":"GamblersBrew"},{"floor":19,"key":"LiquidBronze"},{"floor":31,"key":"Weak Potion"},{"floor":33,"key":"FocusPotion"},{"floor":35,"key":"Dexterity Potion"},{"floor":38,"key":"Dexterity Potion"}],"is_trial":false,"path_per_floor":["M","M","?","M","M","E","R","E","T","M","R","M","T","M","R","B",null,"M","M","?","$","?","R","M","R","T","M","?","?","E","M","R","B",null,"M","?","?","M","?","E","R","?","T","R","?","M","T","$","R","B",null,"R","$","E","B"],"character_chosen":"DEFECT","items_purchased":["OrangePellets","Dream Catcher","Loop","Calipers","DollysMirror","Dexterity Potion"],"campfire_rested":4,"item_purchase_floors":[21,21,21,48,48,48],"current_hp_per_floor":[82,81,86,79,68,39,39,39,39,23,23,15,15,3,29,16,87,56,52,52,52,52,52,21,47,47,26,26,55,26,7,33,10,89,53,42,42,44,44,41,41,43,43,43,37,16,16,16,60,9,97,97,97,33,0,0],"gold":46,"neow_bonus":"TEN_PERCENT_HP_BONUS","is_daily":false,"chose_seed":false,"campfire_upgraded":5,"win_rate":0.0,"timestamp":1609800213,"path_taken":["M","M","?","M","M","E","R","E","T","?","R","M","?","M","R","BOSS","M","M","?","$","?","R","?","R","T","M","?","?","E","M","R","BOSS","M","?","?","?","?","E","R","?","T","R","?","M","?","$","R","BOSS","R","$","E","BOSS"],"items_purchased_type":["Relic","Relic","Card","Relic","Relic","Potion"],"build_version":"2020-12-22","purchased_purges":1,"victory":false,"max_hp_per_floor":[82,82,87,87,87,87,87,87,87,87,87,87,87,87,87,87,87,87,87,87,87,87,87,87,87,87,87,87,87,87,87,87,89,89,89,89,89,91,91,91,91,93,93,93,95,97,97,97,97,97,97,97,97,97,97,97],"card_choices":[{"not_picked":["Gash","Cold Snap"],"picked":"Loop","floor":1.0},{"not_picked":["Barrage","Double Energy"],"picked":"Glacier","floor":2.0},{"not_picked":["BootSequence","Compile Driver"],"picked":"Turbo","floor":4.0},{"not_picked":["Rebound","Skim","Stack"],"picked":"SKIP","floor":5.0},{"not_picked":["Undo","Streamline"],"picked":"Redo","floor":6.0},{"not_picked":["Fusion","Redo"],"picked":"Rebound","floor":8.0},{"not_picked":["Chaos","Rebound"],"picked":"White Noise","floor":10.0},{"not_picked":["Stack","Rip and Tear"],"picked":"Rainbow","floor":12.0},{"not_picked":["Hologram","Beam Cell"],"picked":"Compile Driver","floor":14.0},{"not_picked":["Machine Learning","Creative AI"],"picked":"Amplify","floor":16.0},{"not_picked":["Beam Cell","Ball Lightning+1"],"picked":"Gash+1","floor":18},{"not_picked":["Stack","Beam Cell"],"picked":"Redo+1","floor":19},{"not_picked":["Lockon","Skim"],"picked":"BootSequence","floor":24},{"not_picked":["Turbo","Streamline"],"picked":"Sunder","floor":25},{"not_picked":["Redo","Stack","FTL"],"picked":"SKIP","floor":27},{"not_picked":["Leap","Auto Shields"],"picked":"Echo Form","floor":30},{"not_picked":["Barrage+1","Rebound"],"picked":"Undo","floor":31},{"not_picked":["Cold Snap+1","Self Repair+1"],"picked":"Conserve Battery","floor":32},{"not_picked":["Thunder Strike","Reboot","Fission"],"picked":"Singing Bowl","floor":33},{"not_picked":["Coolheaded+1","Streamline"],"picked":"Go for the Eyes","floor":35},{"not_picked":["Leap","Stack+1","Cold Snap+1"],"picked":"Singing Bowl","floor":38},{"not_picked":["Hologram","Cold Snap"],"picked":"Gash+1","floor":40},{"not_picked":["Jack Of All Trades","Forethought","Dark Shackles"],"picked":"Singing Bowl","floor":42},{"not_picked":["Double Energy","Gash","Cold Snap"],"picked":"Singing Bowl","floor":45},{"not_picked":["Chaos","Sweeping Beam+1","Gash"],"picked":"Singing Bowl","floor":46},{"not_picked":["Go for the Eyes","Aggregate"],"picked":"Hologram+1","floor":49},{"not_picked":["Consume","Gash+1"],"picked":"Skim","floor":54}],"player_experience":131597,"relics_obtained":[{"floor":6.0,"key":"Ice Cream"},{"floor":8.0,"key":"Vajra"},{"floor":13.0,"key":"Bag of Marbles"},{"floor":26,"key":"Bronze Scales"},{"floor":30,"key":"Singing Bowl"},{"floor":40,"key":"Regal Pillow"},{"floor":43,"key":"Girya"},{"floor":45,"key":"Du-Vu Doll"},{"floor":47,"key":"HornCleat"},{"floor":54,"key":"Oddly Smooth Stone"}],"event_choices":[{"damage_healed":0.0,"max_hp_gain":0.0,"max_hp_loss":0.0,"gold_gain":0.0,"event_name":"Lab","player_choice":"Got Potions","floor":3.0,"gold_loss":0.0,"damage_taken":0.0},{"cards_removed":["Strike_B"],"damage_healed":0,"gold_gain":0,"player_choice":"Elegance","damage_taken":0,"max_hp_gain":0,"max_hp_loss":0,"event_name":"Back to Basics","floor":20,"gold_loss":0},{"damage_healed":0,"gold_gain":0,"player_choice":"Paid Fearfully","damage_taken":0,"max_hp_gain":0,"max_hp_loss":0,"event_name":"Masked Bandits","floor":22,"gold_loss":59},{"damage_healed":0,"gold_gain":0,"player_choice":"Opened","damage_taken":0,"relics_obtained":["Potion Belt"],"max_hp_gain":0,"max_hp_loss":0,"event_name":"The Mausoleum","floor":28,"gold_loss":0,"cards_obtained":["Writhe"]},{"damage_healed":29,"gold_gain":0,"player_choice":"Heal","damage_taken":0,"max_hp_gain":0,"max_hp_loss":0,"event_name":"The Library","floor":29,"gold_loss":0},{"damage_healed":0,"gold_gain":0,"player_choice":"Embrace Madness","damage_taken":11,"max_hp_gain":0,"max_hp_loss":0,"event_name":"Winding Halls","floor":36,"gold_loss":0,"cards_obtained":["Madness","Madness"]},{"damage_healed":0,"gold_gain":300,"player_choice":"Gold","damage_taken":0,"max_hp_gain":0,"max_hp_loss":0,"event_name":"Wheel of Change","floor":37,"gold_loss":0},{"damage_healed":0,"gold_gain":0,"player_choice":"Ignored","damage_taken":0,"max_hp_gain":0,"max_hp_loss":0,"event_name":"Tomb of Lord Red Mask","floor":39,"gold_loss":0},{"damage_healed":0,"gold_gain":0,"player_choice":"Memory 1","damage_taken":0,"max_hp_gain":0,"max_hp_loss":0,"event_name":"SensoryStone","floor":42,"gold_loss":0},{"damage_healed":0,"gold_gain":0,"player_choice":"Fight","damage_taken":0,"max_hp_gain":0,"max_hp_loss":0,"event_name":"MindBloom","floor":45,"gold_loss":0}],"is_beta":false,"boss_relics":[{"not_picked":["Philosopher\u0027s Stone","Runic Pyramid"],"picked":"Astrolabe"},{"not_picked":["Velvet Choker","FrozenCore"],"picked":"Cursed Key"}],"items_purged_floors":[48],"is_endless":false,"potions_floor_spawned":[2,4,6,10,19,31,33,35,38],"killed_by":"The Heart","ascension_level":2}}