{"host":"hwrdjx5eod2cxh09","time":1609758743,"event":{"mods":["AchievementEnabler","BaseMod","Bestiary","Minty Spire (QoL Compilation)","Relic Stats"],"gold_per_floor":[109,122,122,47,64,99,99,131,199,199,215,215,249,263,263,367,367,383,398,409,334,433,458,458,469,469,486,486,486],"floor_reached":28,"playtime":877,"items_purged":["Strike_B"],"score":260,"play_id":"42048b7f-03ac-4320-8d23-64deacdf34d1","local_time":"20210104201223","is_ascension_mode":false,"campfire_choices":[{"data":"Echo Form","floor":7,"key":"SMITH"},{"data":"Hyperbeam","floor":10,"key":"SMITH"},{"floor":12,"key":"REST"},{"data":"Sunder","floor":15,"key":"SMITH"}],"circlet_count":0,"master_deck":["Strike_B","Strike_B","Strike_B","Defend_B","Defend_B","Defend_B","Defend_B","Zap","Multi-Cast","Go for the Eyes+1","Gash","Hyperbeam+1","Echo Form+1","Sunder+1","Steam","Auto Shields","All For One","Leap","Rebound","Echo Form"],"relics":["Cracked Core","Calipers","Oddly Smooth Stone","Bottled Tornado","The Courier","Cursed Key","Symbiotic Virus"],"acts_visited":["Exordium","TheCity"],"potions_floor_usage":[14],"damage_taken":[{"damage":1,"enemies":"Jaw Worm","floor":1,"turns":3},{"damage":1,"enemies":"Cultist","floor":2,"turns":4},{"damage":5,"enemies":"Small Slimes","floor":5,"turns":2},{"damage":21,"enemies":"Lagavulin","floor":6,"turns":7},{"damage":21,"enemies":"3 Sentries","floor":8,"turns":5},{"damage":0,"enemies":"Blue Slaver","floor":11,"turns":3},{"damage":12,"enemies":"Lagavulin","floor":13,"turns":6},{"damage":12,"enemies":"Gremlin Gang","floor":14,"turns":2},{"damage":29,"enemies":"Hexaghost","floor":16,"turns":13},{"damage":0,"enemies":"Chosen","floor":18,"turns":4},{"damage":10,"enemies":"Spheric Guardian","floor":19,"turns":3},{"damage":24,"enemies":"Snake Plant","floor":20,"turns":3},{"damage":29,"enemies":"Slavers","floor":23,"turns":4},{"damage":4,"enemies":"Shelled Parasite and Fungi","floor":25,"turns":5},{"damage":10,"enemies":"Cultist and Chosen","floor":27,"turns":4}],"seed_played":"-6321552356950534199","potions_obtained":[{"floor":6,"key":"FairyPotion"},{"floor":8,"key":"AttackPotion"},{"floor":11,"key":"BlessingOfTheForge"},{"floor":14,"key":"Fruit Juice"},{"floor":16,"key":"GamblersBrew"},{"floor":23,"key":"FocusPotion"}],"is_trial":false,"path_per_floor":["M","M","?","$","M","E","R","E","T","R","M","R","E","M","R","B",null,"M","M","M","?","?","E","?","M","T","M","R"],"character_chosen":"DEFECT","items_purchased":[],"campfire_rested":1,"item_purchase_floors":[],"current_hp_per_floor":[74,73,73,73,68,47,47,26,26,26,26,48,36,29,29,24,80,80,70,46,46,46,17,17,13,13,3,3,3],"gold":486,"neow_bonus":"ONE_RANDOM_RARE_CARD","is_daily":false,"chose_seed":false,"campfire_upgraded":3,"win_rate":0.0,"timestamp":1609758743,"path_taken":["M","M","?","?","M","E","R","E","T","R","M","R","E","M","R","BOSS","M","M","M","?","?","E","?","M","T","?","R"],"items_purchased_type":[],"build_version":"2020-12-22","purchased_purges":1,"victory":false,"max_hp_per_floor":[75,75,75,75,75,75,75,75,75,75,75,75,75,80,80,80,80,80,80,80,80,80,80,80,80,80,80,80,80],"relic_stats":{"counters":[15,68],"Cursed Key":0,"obtain_stats":[{"Calipers":6,"Oddly Smooth Stone":8,"The Courier":13,"Bottled Tornado":9,"Cracked Core":0,"Cursed Key":17,"Symbiotic Virus":23},{"Calipers":4,"Oddly Smooth Stone":5,"The Courier":7,"Bottled Tornado":5,"Cracked Core":0,"Cursed Key":9,"Symbiotic Virus":13},{"Calipers":16,"Oddly Smooth Stone":21,"The Courier":30,"Bottled Tornado":21,"Cracked Core":0,"Cursed Key":45,"Symbiotic Virus":59}]},"card_choices":[{"not_picked":["Rebound","Coolheaded"],"picked":"Go for the Eyes","floor":1},{"not_picked":["Recycle","Turbo"],"picked":"Gash","floor":2},{"not_picked":["Redo","Chaos"],"picked":"Hyperbeam","floor":5},{"not_picked":["Sweeping Beam","Steam"],"picked":"Echo Form","floor":6},{"not_picked":["Meteor Strike","Turbo"],"picked":"Sunder","floor":8},{"not_picked":["Undo","Static Discharge"],"picked":"Steam","floor":11},{"not_picked":["Streamline","Biased Cognition","Tempest"],"picked":"SKIP","floor":13},{"not_picked":["Rip and Tear","Glacier"],"picked":"Auto Shields","floor":14},{"not_picked":["Machine Learning","Buffer"],"picked":"All For One","floor":16},{"not_picked":["Darkness","Steam","Rip and Tear"],"picked":"SKIP","floor":18},{"not_picked":["Stack","Sweeping Beam","Cold Snap"],"picked":"SKIP","floor":19},{"not_picked":["Genetic Algorithm","Steam","Rebound"],"picked":"SKIP","floor":20},{"not_picked":["Compile Driver","Reboot"],"picked":"Leap","floor":23},{"not_picked":["Leap","Loop+1","Reinforced Body"],"picked":"SKIP","floor":25},{"not_picked":["Sweeping Beam","Streamline","Conserve Battery"],"picked":"SKIP","floor":27}],"player_experience":168363,"relics_obtained":[{"floor":6,"key":"Calipers"},{"floor":8,"key":"Oddly Smooth Stone"},{"floor":9,"key":"Bottled Tornado"},{"floor":13,"key":"The Courier"},{"floor":23,"key":"Symbiotic Virus"}],"event_choices":[{"damage_healed":0,"gold_gain":0,"player_choice":"Forge","damage_taken":0,"max_hp_gain":0,"max_hp_loss":0,"event_name":"Accursed Blacksmith","floor":3,"gold_loss":0,"cards_upgraded":["Go for the Eyes"]},{"cards_removed":["Dualcast"],"damage_healed":0,"gold_gain":0,"player_choice":"Gave Gold","damage_taken":0,"max_hp_gain":0,"max_hp_loss":0,"event_name":"Beggar","floor":21,"gold_loss":75},{"damage_healed":0,"gold_gain":99,"player_choice":"Stole From Cult","damage_taken":0,"max_hp_gain":0,"max_hp_loss":0,"event_name":"Nest","floor":22,"gold_loss":0},{"damage_healed":0,"gold_gain":0,"player_choice":"2 cards matched","damage_taken":0,"max_hp_gain":0,"max_hp_loss":0,"event_name":"Match and Keep!","floor":24,"gold_loss":0,"cards_obtained":["Rebound","Echo Form"]}],"is_beta":false,"boss_relics":[{"not_picked":["Inserter","Black Star"],"picked":"Cursed Key"}],"items_purged_floors":[4],"is_endless":false,"potions_floor_spawned":[6,8,11,14,16,23],"ascension_level":0}}