{"host":"lzpp66udqthct9jv","time":1609726370,"event":{"mods":["Act Like it!","BaseMod","Better-Laid Plans","Chen","Emptier Cage","Gensokyo","Highlight Path","Koishi","Marisa£®ÏF”Í°°ƒß¿Ì…≥£©","Minty Spire (QoL Compilation)","Pale of the Ancients","Quick Restart","Reimu£®≤©¿ˆ¡È√Œ£©","Remilia£®¿Ÿ√◊¿Ú—«£©","Shop Mod","StSLib","The Administrix","The Servant 0.9.4","Yakumo Yukari mod","Youmu£®ªÍ∆«—˝√Œ£©","Yuyuko","ÛÙª÷∏ƒœ"],"gold_per_floor":[119,130,130,130,148,181,194,228,228,256,43,69,80,80,80,180,180,193,211,211,0,12,46,58,90,102,133,145,145],"floor_reached":28,"playtime":1502,"items_purged":["Strike_B"],"score":354,"play_id":"29483fcc-e07f-4c27-8b09-86fd73250fb0","local_time":"20210104101250","is_ascension_mode":true,"campfire_choices":[{"data":"1","floor":15.0,"key":"LIFT"},{"data":"2","floor":24,"key":"LIFT"}],"circlet_count":0,"master_deck":["Strike_B","Strike_B","Strike_B","Defend_B","Defend_B","Defend_B","Defend_B+1","Zap","Dualcast","Conserve Battery","Recycle","Defragment","Ball Lightning","Heatsinks","Skim","Creative AI","Loop","Glacier+1","Coolheaded","Biased Cognition","Force Field+1","Double Energy"],"relics":["Cracked Core","Gensokyo:CelestialsFlawlessClothing","Pear","Unceasing Top","Gremlin Horn","Girya","Membership Card","Pantograph","Fusion Hammer","MawBank","Incense Burner","Frozen Eye"],"acts_visited":["Gensokyo:Gensokyo","Gensokyo:Gensokyoer"],"potions_floor_usage":[23],"damage_taken":[{"damage":0.0,"enemies":"Gensokyo:2_Kodama","floor":1.0,"turns":3.0},{"damage":1.0,"enemies":"Gensokyo:Gryphon","floor":2.0,"turns":3.0},{"damage":0.0,"enemies":"Gensokyo:3_Fairies","floor":5.0,"turns":3.0},{"damage":14.0,"enemies":"Gensokyo:Aya","floor":6.0,"turns":5.0},{"damage":1.0,"enemies":"Gensokyo:VengefulSpirit","floor":7.0,"turns":4.0},{"damage":15.0,"enemies":"Gensokyo:Cirno","floor":8.0,"turns":6.0},{"damage":99.0,"enemies":"Gensokyo:Aya","floor":10.0,"turns":10.0},{"damage":0.0,"enemies":"Gensokyo:Cirno","floor":12.0,"turns":4.0},{"damage":7.0,"enemies":"Gensokyo:3_Kodama","floor":13.0,"turns":5.0},{"damage":50.0,"enemies":"Gensokyo:Yukari","floor":16.0,"turns":17.0},{"damage":30.0,"enemies":"Gensokyo:3_Dogs","floor":18.0,"turns":6.0},{"damage":1.0,"enemies":"Gensokyo:Chomper","floor":19.0,"turns":6.0},{"damage":20,"enemies":"Gensokyo:Wraith","floor":22,"turns":6},{"damage":78,"enemies":"Gensokyo:Tenshi","floor":23,"turns":8},{"damage":10,"enemies":"Gensokyo:Chomper_and_Gloop","floor":25,"turns":7},{"damage":19,"enemies":"Gensokyo:Mirror_and_Dog","floor":27,"turns":5},{"damage":131,"enemies":"Gensokyo:Koishi","floor":28,"turns":12}],"seed_played":"5205333108842342873","potions_obtained":[{"floor":1.0,"key":"Block Potion"},{"floor":5.0,"key":"SteroidPotion"},{"floor":8.0,"key":"Ancient Potion"},{"floor":10.0,"key":"SteroidPotion"},{"floor":12.0,"key":"SkillPotion"},{"floor":16.0,"key":"BlessingOfTheForge"},{"floor":23,"key":"FairyPotion"},{"floor":27,"key":"Fire Potion"}],"is_trial":false,"path_per_floor":["M","M","?","?","M","E","M","E","T","E","$","E","M","?","R","B",null,"M","M","?","?","M","E","R","M","T","M","E"],"character_chosen":"DEFECT","items_purchased":["Membership Card","Loop"],"campfire_rested":0,"item_purchase_floors":[11,11],"current_hp_per_floor":[75,74,56,51,51,37,36,21,21,14,14,14,7,33,33,8,66,36,35,35,35,15,22,22,12,12,19,0,0],"gold":145,"neow_bonus":"THREE_CARDS","is_daily":false,"chose_seed":false,"campfire_upgraded":0,"win_rate":0.0,"timestamp":1609726370,"path_taken":["M","M","?","?","M","E","M","E","T","E","$","E","M","?","R","BOSS","M","M","?","?","M","E","R","?","T","M","E"],"items_purchased_type":["Relic","Card"],"build_version":"2020-12-22","purchased_purges":1,"victory":false,"max_hp_per_floor":[75,75,75,85,85,85,85,85,85,85,85,85,85,85,85,85,85,85,85,85,85,85,85,85,85,85,85,85,85],"card_choices":[{"not_picked":["Reinforced Body","Beam Cell"],"picked":"Conserve Battery","floor":0.0},{"not_picked":["Redo","Auto Shields"],"picked":"Recycle","floor":1.0},{"not_picked":["Coolheaded","Melter"],"picked":"Defragment","floor":2.0},{"not_picked":["Skim","Conserve Battery"],"picked":"Ball Lightning","floor":5.0},{"not_picked":["BootSequence","Doom and Gloom"],"picked":"Heatsinks","floor":6.0},{"not_picked":["Redo","Hologram"],"picked":"Skim","floor":7.0},{"not_picked":["Rebound","Stack"],"picked":"Creative AI","floor":8.0},{"not_picked":["Hologram","Compile Driver","Cold Snap"],"picked":"SKIP","floor":10.0},{"not_picked":["Hologram","Meteor Strike"],"picked":"Glacier","floor":12.0},{"not_picked":["Aggregate","Hologram"],"picked":"Coolheaded","floor":13.0},{"not_picked":["Creative AI","Multi-Cast"],"picked":"Biased Cognition","floor":16.0},{"not_picked":["Ball Lightning","Gash"],"picked":"Force Field","floor":18.0},{"not_picked":["Coolheaded","Sunder","Conserve Battery"],"picked":"SKIP","floor":19.0},{"not_picked":["Compile Driver","Heatsinks","Sunder"],"picked":"SKIP","floor":22},{"not_picked":["Cold Snap","Steam Power"],"picked":"Double Energy","floor":23},{"not_picked":["Gash+1","Steam","Leap+1"],"picked":"SKIP","floor":25},{"not_picked":["Beam Cell","Stack","Force Field"],"picked":"SKIP","floor":27}],"player_experience":1818209,"relics_obtained":[{"floor":6.0,"key":"Unceasing Top"},{"floor":8.0,"key":"Gremlin Horn"},{"floor":10.0,"key":"Girya"},{"floor":12.0,"key":"Pantograph"},{"floor":23,"key":"MawBank"},{"floor":26,"key":"Incense Burner"}],"event_choices":[],"is_beta":false,"boss_relics":[{"not_picked":["FrozenCore","Sozu"],"picked":"Fusion Hammer"}],"items_purged_floors":[11],"is_endless":false,"potions_floor_spawned":[1,5,8,10,12,16,23,25,27],"killed_by":"Gensokyo:Koishi","ascension_level":5}}