{"host":"hqvh779b89tfrjxy","time":1609785076,"event":{"mods":["Act Like it!","BaseMod","Better Third Choice","Downfall","Elementarium","Filter the Spire","GifTheSpireLib","Minty Spire (QoL Compilation)","Replay The Spire","Spicy Shops","StSLib"],"gold_per_floor":[113,113,113,128,143,143,178,201,228,228,262,262,262,282,282,412,412,427,477,2,16,29,29,29],"floor_reached":23,"playtime":1472,"items_purged":["Neutralize"],"score":316,"play_id":"bfd5ae87-aab9-4ccc-a0ff-018dff158199","local_time":"20210104193116","is_ascension_mode":true,"campfire_choices":[{"data":"Footwork","floor":6,"key":"SMITH"},{"data":"Pot Of Greed","floor":10,"key":"SMITH"},{"data":"Riddle With Holes","floor":12,"key":"SMITH"}],"circlet_count":0,"master_deck":["Strike_G","Strike_G","Strike_G","Strike_G","Strike_G","Defend_G","Defend_G","Defend_G","Defend_G","Defend_G","Survivor","Predator+1","Footwork+1","Riddle With Holes+1","Pot Of Greed","Pot Of Greed+1","ReplayTheSpireMod:Tripwire","Deadly Poison","ReplayUltimateDefense","Dash"],"relics":["Snecko Eye","Golden Idol","Lantern","Grinning Jar","ReplayTheSpireMod:Ninjato","ReplayFunnel","Busted Crown","Vajra","OrangePellets"],"acts_visited":["Exordium","Elementarium:Elementarium"],"potions_floor_usage":[11,14,23],"damage_taken":[{"damage":0,"enemies":"Cultist","floor":1,"turns":4},{"damage":0,"enemies":"Small Slimes","floor":4,"turns":3},{"damage":8,"enemies":"2 Louse","floor":5,"turns":3},{"damage":0,"enemies":"Gremlin Nob","floor":7,"turns":3},{"damage":2,"enemies":"2 Fungi Beasts","floor":8,"turns":3},{"damage":4,"enemies":"3 Sentries","floor":11,"turns":6},{"damage":3,"enemies":"3 Louse","floor":14,"turns":5},{"damage":14,"enemies":"Hexaghost","floor":16,"turns":10},{"damage":0,"enemies":"Elementarium:Cyclone","floor":18,"turns":5},{"damage":0,"enemies":"Elementarium:2_ELEMENTALS","floor":21,"turns":5},{"damage":0,"enemies":"Elementarium:STONE_GOLEMS","floor":22,"turns":5},{"damage":8,"enemies":"Elementarium:ElementalPortal","floor":23,"turns":8}],"seed_played":"-6401151502233028057","potions_obtained":[{"floor":1,"key":"SkillPotion"},{"floor":7,"key":"DistilledChaos"},{"floor":11,"key":"Toxic Potion"},{"floor":16,"key":"Guardian:BlockOnCardUsePotion"},{"floor":21,"key":"ColorlessPotion"}],"is_trial":false,"path_per_floor":["M","$","?","M","M","R","E","M","T","R","E","R","?","M","R","B",null,"M","?","$","M","M","E"],"character_chosen":"THE_SILENT","items_purchased":["ReplayUltimateDefense","Vajra","OrangePellets"],"campfire_rested":0,"item_purchase_floors":[20,20,20],"current_hp_per_floor":[63,63,46,46,38,38,38,36,36,36,32,32,25,22,43,29,60,60,60,60,60,60,52,52],"gold":29,"neow_bonus":"BOSS_RELIC","is_daily":false,"chose_seed":false,"campfire_upgraded":3,"win_rate":0.0,"timestamp":1609785076,"path_taken":["M","?","?","M","M","R","E","M","T","R","E","R","?","M","R","BOSS","M","?","$","M","M","E"],"items_purchased_type":["Card","Relic","Relic"],"build_version":"2020-12-22","purchased_purges":1,"victory":false,"max_hp_per_floor":[70,70,70,70,70,70,70,70,70,70,70,70,70,70,70,70,70,70,70,70,70,70,70,70],"card_choices":[{"not_picked":["PiercingWail","Slice"],"picked":"Predator","floor":1},{"not_picked":["Bane","Backflip"],"picked":"Footwork","floor":4},{"not_picked":["Deflect","Dagger Throw","Backflip"],"picked":"SKIP","floor":5},{"not_picked":["Slice","Masterful Stab","Outmaneuver"],"picked":"SKIP","floor":7},{"not_picked":["Wraith Form v2","Terror"],"picked":"Riddle With Holes","floor":8},{"not_picked":["PiercingWail","Quick Slash"],"picked":"ReplayTheSpireMod:Tripwire","floor":11},{"not_picked":["Backflip","Finisher"],"picked":"Deadly Poison","floor":14},{"not_picked":["Underhanded Strike"],"picked":"SKIP","floor":18},{"not_picked":["Sneak Up"],"picked":"SKIP","floor":21},{"not_picked":[],"picked":"Dash","floor":22}],"player_experience":209629,"relics_obtained":[{"floor":7,"key":"Lantern"},{"floor":9,"key":"Grinning Jar"},{"floor":11,"key":"ReplayTheSpireMod:Ninjato"}],"event_choices":[{"damage_healed":0,"gold_gain":0,"player_choice":"Take Damage","damage_taken":17,"relics_obtained":["Golden Idol"],"max_hp_gain":0,"max_hp_loss":0,"event_name":"Golden Idol","floor":3,"gold_loss":0},{"damage_healed":0,"gold_gain":0,"player_choice":"Relic ","damage_taken":7,"max_hp_gain":0,"max_hp_loss":0,"event_name":"betterThird:BetterScrap","floor":13,"gold_loss":0,"cards_obtained":["CarveReality"]},{"damage_healed":0,"gold_gain":50,"player_choice":"Take","damage_taken":0,"max_hp_gain":0,"max_hp_loss":0,"event_name":"Elementarium:StickySituation","floor":19,"gold_loss":0}],"is_beta":false,"boss_relics":[{"not_picked":["Snecko Scales","Philosopher\u0027s Stone"],"picked":"Busted Crown"}],"items_purged_floors":[20],"is_endless":false,"potions_floor_spawned":[1,7,11,16,21],"killed_by":"Elementarium:ElementalPortal","ascension_level":8}}