{"host":"hwrdjx5eod2cxh09","time":1609773290,"event":{"mods":["AchievementEnabler","BaseMod","Bestiary","Minty Spire (QoL Compilation)","Relic Stats"],"gold_per_floor":[118,136,147,147,159,159,159,159],"floor_reached":7,"playtime":202,"items_purged":[],"score":43,"play_id":"b0b814d6-a69e-4639-9055-bb53e6bf50ce","local_time":"20210105001450","is_ascension_mode":false,"campfire_choices":[{"data":"Zap","floor":6,"key":"SMITH"}],"circlet_count":0,"master_deck":["Strike_B","Strike_B","Strike_B","Strike_B","Defend_B","Defend_B","Defend_B","Defend_B","Zap+1","Dualcast","CurseOfTheBell","Go for the Eyes","Hologram"],"relics":["Calling Bell","Toy Ornithopter","Singing Bowl","FossilizedHelix","CultistMask"],"acts_visited":["Exordium"],"potions_floor_usage":[5],"damage_taken":[{"damage":0,"enemies":"Small Slimes","floor":1,"turns":3},{"damage":12,"enemies":"Cultist","floor":2,"turns":5},{"damage":2,"enemies":"Jaw Worm","floor":3,"turns":4},{"damage":3,"enemies":"Lots of Slimes","floor":5,"turns":4},{"damage":0,"enemies":"Lagavulin","floor":7,"turns":3}],"seed_played":"-181318925173790231","potions_obtained":[{"floor":3,"key":"DistilledChaos"}],"is_trial":false,"path_per_floor":["M","M","M","?","M","R","E"],"character_chosen":"DEFECT","items_purchased":[],"campfire_rested":0,"item_purchase_floors":[],"current_hp_per_floor":[77,65,63,63,67,67,67,67],"gold":159,"neow_bonus":"BOSS_RELIC","is_daily":false,"chose_seed":false,"campfire_upgraded":1,"win_rate":0.0,"timestamp":1609773290,"path_taken":["M","M","M","?","M","R","E"],"items_purchased_type":[],"build_version":"2020-12-22","purchased_purges":0,"victory":false,"max_hp_per_floor":[77,77,77,77,79,79,79,79],"relic_stats":{"Singing Bowl":4,"counters":[5,18],"obtain_stats":[{"Calling Bell":0,"Singing Bowl":0,"CultistMask":4,"Cracked Core":0,"Toy Ornithopter":0,"FossilizedHelix":0},{"Calling Bell":0,"Singing Bowl":0,"CultistMask":3,"Cracked Core":0,"Toy Ornithopter":0,"FossilizedHelix":0},{"Calling Bell":0,"Singing Bowl":0,"CultistMask":12,"Cracked Core":0,"Toy Ornithopter":0,"FossilizedHelix":0}],"Toy Ornithopter":5},"card_choices":[{"not_picked":["Barrage","Cold Snap","Genetic Algorithm"],"picked":"Singing Bowl","floor":1},{"not_picked":["Chill","Scrape"],"picked":"Go for the Eyes","floor":2},{"not_picked":["Rebound","Streamline"],"picked":"Hologram","floor":3},{"not_picked":["Hologram","Darkness","Redo"],"picked":"Singing Bowl","floor":5}],"player_experience":175909,"relics_obtained":[{"floor":0,"key":"Toy Ornithopter"},{"floor":0,"key":"Singing Bowl"},{"floor":0,"key":"FossilizedHelix"}],"event_choices":[{"damage_healed":0,"gold_gain":0,"player_choice":"Trade","damage_taken":0,"relics_obtained":["CultistMask"],"max_hp_gain":0,"max_hp_loss":0,"event_name":"FaceTrader","floor":4,"gold_loss":0}],"is_beta":false,"boss_relics":[],"items_purged_floors":[],"is_endless":false,"potions_floor_spawned":[3],"killed_by":"Lagavulin","ascension_level":0}}