{"host":"kdt6w7ix8lwe69i9","time":1609762582,"event":{"mods":["Bartender","BaseMod","ChefMod","Downfall","Fiend Mod","Jorbs\u0027s Wanderer Trilogy","Minty Spire (QoL Compilation)","Reimu（博丽灵梦）","Robot Space Explorer","StSLib","The Caster","The Cursed","The Disciple","The Dragon Tamer","The Druid","The Elementalist","The Forsaken","The Gatherer","The Marked","TheBandit"],"gold_per_floor":[110,110,123,45,45,89,54,54,54,54,54,54,94,119,119,244,244,262,262,39,55,105,105,119,119,143,268,291,306,321,321,321,321,321],"floor_reached":33,"playtime":3187,"items_purged":[],"score":303,"play_id":"c2a3b6e8-c9b5-42fe-aa5d-7c975aebee24","local_time":"20210104071622","is_ascension_mode":false,"campfire_choices":[{"data":"caster:MagicAttunement","floor":10,"key":"SMITH"},{"data":"caster:GlacialShield","floor":12,"key":"SMITH"},{"data":"caster:Grimoire","floor":15,"key":"SMITH"},{"data":"caster:ShivasGrace","floor":23,"key":"SMITH"},{"floor":25,"key":"REST"},{"floor":32,"key":"RECALL"}],"circlet_count":0,"master_deck":["caster:Meteor","caster:DivertFocus","caster:strike+1","caster:strike+1","caster:strike+1","caster:defend+1","caster:defend+1","caster:defend+1","caster:defend+1","caster:defend+1","caster:WallOfRocks","caster:MagicAttunement","caster:GlacialShield+1","caster:MagicAttunement+1","caster:WallOfThorns","caster:Fira+1","caster:Grimoire+1","caster:FrigidBeam","caster:LordOfVermillion","caster:DiablosFlame","caster:ShivasGrace+1","caster:FrostDriver","caster:SpontaneousCombustion","caster:WallOfThorns","caster:Sleet","caster:AlternatingCurrent","caster:FrostDriver"],"relics":["caster:MagicBook","NeowsBlessing","Golden Idol","Anchor","Meat on the Bone","Bronze Scales","Silver_Glasses","Lee\u0027s Waffle","Ginger","Singing Bowl"],"acts_visited":["Exordium","TheCity"],"potions_floor_usage":[16,27,27,33,33,33],"damage_taken":[{"damage":0,"enemies":"2 Louse","floor":1,"turns":2},{"damage":0,"enemies":"Cultist","floor":3,"turns":1},{"damage":0,"enemies":"Gremlin Nob","floor":6,"turns":1},{"damage":0,"enemies":"Lagavulin","floor":13,"turns":7},{"damage":0,"enemies":"Small Slimes","floor":14,"turns":4},{"damage":30,"enemies":"Hexaghost","floor":16,"turns":8},{"damage":0,"enemies":"Chosen","floor":18,"turns":5},{"damage":5,"enemies":"Shell Parasite","floor":21,"turns":7},{"damage":47,"enemies":"Cultist and Chosen","floor":24,"turns":7},{"damage":6,"enemies":"Colosseum Slavers","floor":27,"turns":5},{"damage":25,"enemies":"Colosseum Nobs","floor":27,"turns":5},{"damage":14,"enemies":"Snake Plant","floor":28,"turns":4},{"damage":13,"enemies":"Snecko","floor":29,"turns":6},{"damage":2,"enemies":"Cultist and Chosen","floor":30,"turns":6},{"damage":50,"enemies":"Collector","floor":33,"turns":8}],"seed_played":"3458679822249358934","potions_obtained":[{"floor":1,"key":"ColorlessPotion"},{"floor":13,"key":"sneckomod:MuddlingPotion"},{"floor":18,"key":"Ancient Potion"},{"floor":27,"key":"PowerPotion"},{"floor":28,"key":"LiquidBronze"},{"floor":29,"key":"CultistPotion"}],"is_trial":false,"path_per_floor":["M","?","M","$","?","E","?","?","T","R","?","R","E","M","R","B",null,"M","?","$","M","?","R","M","R","T","?","M","M","M","?","R","B"],"character_chosen":"THE_CASTER","items_purchased":["caster:MagicAttunement","caster:ShivasGrace","Lee\u0027s Waffle"],"campfire_rested":1,"item_purchase_floors":[4,20,20],"current_hp_per_floor":[64,64,64,64,48,48,64,64,64,64,64,64,64,64,64,34,64,64,64,71,66,66,66,31,52,52,33,31,30,40,40,40,0,0],"gold":321,"neow_bonus":"THREE_ENEMY_KILL","is_daily":false,"chose_seed":false,"campfire_upgraded":4,"win_rate":0.0,"timestamp":1609762582,"path_taken":["M","?","M","?","?","E","?","?","T","R","?","R","E","M","R","BOSS","M","?","$","M","?","R","M","R","T","?","M","M","M","?","R","BOSS"],"items_purchased_type":["Card","Card","Relic"],"build_version":"2020-12-22","purchased_purges":0,"victory":false,"max_hp_per_floor":[64,64,64,64,64,64,64,64,64,64,64,64,64,64,64,64,64,64,64,71,71,71,71,71,71,71,71,71,71,71,71,71,71,71],"card_choices":[{"not_picked":["caster:Sleet","caster:Fireball"],"picked":"caster:WallOfRocks","floor":1},{"not_picked":["caster:Sandstorm","caster:Illusion"],"picked":"caster:GlacialShield","floor":3},{"not_picked":["caster:FlashSpeed","caster:GaiasBlessing"],"picked":"caster:WallOfThorns","floor":6},{"not_picked":["caster:DiablosFlame","caster:Charge"],"picked":"caster:Grimoire","floor":13},{"not_picked":["caster:Enfeeble","caster:Sleet"],"picked":"caster:FrigidBeam","floor":14},{"not_picked":["caster:Ifrit","caster:Focusyn"],"picked":"caster:LordOfVermillion","floor":16},{"not_picked":["caster:Enfeeble","caster:Charge"],"picked":"caster:DiablosFlame","floor":18},{"not_picked":["caster:DiablosFlame+1","caster:MagicWeapon"],"picked":"caster:FrostDriver","floor":21},{"not_picked":["caster:Elementalize+1","caster:Cryogenesis"],"picked":"caster:SpontaneousCombustion","floor":24},{"not_picked":["caster:JupitelThunder","caster:Conflagrate"],"picked":"caster:WallOfThorns","floor":27},{"not_picked":["caster:NaturalChaos","caster:GlacialShield"],"picked":"caster:Sleet","floor":28},{"not_picked":["caster:Accumulation+1","caster:Enfeeble"],"picked":"caster:AlternatingCurrent","floor":29},{"not_picked":["caster:Sandstorm","caster:FrigidBeam"],"picked":"caster:FrostDriver","floor":30}],"player_experience":1663723,"relics_obtained":[{"floor":6,"key":"Anchor"},{"floor":9,"key":"Meat on the Bone"},{"floor":13,"key":"Bronze Scales"},{"floor":27,"key":"Ginger"},{"floor":27,"key":"Singing Bowl"}],"event_choices":[{"damage_healed":0,"gold_gain":0,"cards_transformed":["caster:strike"],"player_choice":"Transformed","damage_taken":0,"max_hp_gain":0,"max_hp_loss":0,"event_name":"Transmorgrifier","floor":2,"gold_loss":0,"cards_obtained":["caster:MagicAttunement"]},{"damage_healed":0,"gold_gain":0,"player_choice":"Take Damage","damage_taken":16,"relics_obtained":["Golden Idol"],"max_hp_gain":0,"max_hp_loss":0,"event_name":"Golden Idol","floor":5,"gold_loss":0},{"damage_healed":16,"gold_gain":0,"player_choice":"Healed","damage_taken":0,"max_hp_gain":0,"max_hp_loss":0,"event_name":"The Cleric","floor":7,"gold_loss":35},{"damage_healed":0,"gold_gain":0,"player_choice":"Fight","damage_taken":0,"max_hp_gain":0,"max_hp_loss":0,"event_name":"Colosseum","floor":27,"gold_loss":0},{"damage_healed":0,"gold_gain":0,"player_choice":"Fought Nobs","damage_taken":0,"max_hp_gain":0,"max_hp_loss":0,"event_name":"Colosseum","floor":27,"gold_loss":0},{"damage_healed":0,"gold_gain":0,"player_choice":"Simplicity","damage_taken":0,"max_hp_gain":0,"max_hp_loss":0,"event_name":"Back to Basics","floor":31,"gold_loss":0,"cards_upgraded":["caster:strike","caster:strike","caster:strike","caster:defend","caster:defend","caster:defend","caster:defend","caster:defend"]}],"is_beta":false,"boss_relics":[{"not_picked":["Fiend:Scarf","Busted Crown"],"picked":"Silver_Glasses"}],"items_purged_floors":[],"is_endless":false,"potions_floor_spawned":[1,13,18,27,28,29,30],"killed_by":"Collector","ascension_level":0}}