{"host":"1bmpebsu0h6jmm2g","time":1609761723,"event":{"mods":["BaseMod","Colored Map","DeckTracker","Highlight Path","Keyboard Shortcuts","Minty Spire (QoL Compilation)","Permanent Neow","Quick Restart","Relic Stats","Slay the Relics Exporter","StSLib","SuperFastMode"],"gold_per_floor":[18,18,30,50,61,61,61,86,86,99,99,99,133,147,147,147,147],"floor_reached":16,"playtime":386,"items_purged":[],"score":224,"play_id":"d7ec1eed-c5c7-4b61-81a8-f892cc2952fd","local_time":"20210104210203","is_ascension_mode":true,"campfire_choices":[{"data":"Dash","floor":6.0,"key":"SMITH"},{"data":"Dagger Throw","floor":12.0,"key":"SMITH"},{"floor":15,"key":"REST"}],"circlet_count":0,"master_deck":["AscendersBane","Strike_G","Strike_G","Strike_G","Strike_G","Defend_G","Defend_G","Defend_G","Defend_G","Defend_G","Survivor","Neutralize","Dagger Throw+1","Venomology","Acrobatics","Dash+1","Prepared"],"relics":["Ring of the Snake","The Specimen","Centennial Puzzle","Blue Candle","Calipers"],"acts_visited":["Exordium"],"potions_floor_usage":[16,16,16],"damage_taken":[{"damage":1.0,"enemies":"Small Slimes","floor":1.0,"turns":4.0},{"damage":1.0,"enemies":"2 Louse","floor":3.0,"turns":3.0},{"damage":4.0,"enemies":"Cultist","floor":4.0,"turns":5.0},{"damage":7.0,"enemies":"Blue Slaver","floor":5.0,"turns":6.0},{"damage":3.0,"enemies":"3 Sentries","floor":8.0,"turns":13.0},{"damage":5.0,"enemies":"Gremlin Gang","floor":10.0,"turns":7.0},{"damage":34.0,"enemies":"Lagavulin","floor":13.0,"turns":8.0},{"damage":3,"enemies":"Large Slime","floor":14,"turns":7},{"damage":10,"enemies":"The Guardian","floor":16,"turns":5}],"seed_played":"6384153037317834305","potions_obtained":[{"floor":3.0,"key":"Dexterity Potion"},{"floor":10.0,"key":"Ancient Potion"}],"is_trial":false,"path_per_floor":["M","?","M","M","M","R","$","E","T","M","?","R","E","M","R","B"],"character_chosen":"THE_SILENT","items_purchased":[],"campfire_rested":1,"item_purchase_floors":[],"current_hp_per_floor":[58,58,57,53,46,46,46,43,43,38,38,38,4,1,20,10,10],"gold":147,"neow_bonus":"ONE_RARE_RELIC","is_daily":false,"chose_seed":false,"campfire_upgraded":2,"win_rate":0.0,"timestamp":1609761723,"path_taken":["M","?","M","M","M","R","$","E","T","M","?","R","E","M","R","BOSS"],"items_purchased_type":[],"build_version":"2020-12-22","purchased_purges":0,"victory":false,"max_hp_per_floor":[66,66,66,66,66,66,66,66,66,66,66,66,66,66,66,66,66],"relic_stats":{"Centennial Puzzle":[12],"counters":[9,58],"Blue Candle":[0],"obtain_stats":[{"Centennial Puzzle":8,"Calipers":13,"The Specimen":0,"Blue Candle":9,"Ring of the Snake":0},{"Centennial Puzzle":5,"Calipers":7,"The Specimen":0,"Blue Candle":5,"Ring of the Snake":0},{"Centennial Puzzle":31,"Calipers":46,"The Specimen":0,"Blue Candle":31,"Ring of the Snake":0}],"Ring of the Snake":[18]},"card_choices":[{"not_picked":["Cloak And Dagger","Tactician"],"picked":"Dagger Throw","floor":1.0},{"not_picked":["Underhanded Strike","PiercingWail","Riddle With Holes"],"picked":"SKIP","floor":3.0},{"not_picked":["Underhanded Strike","Slice"],"picked":"Acrobatics","floor":4.0},{"not_picked":["Dodge and Roll","Acrobatics"],"picked":"Dash","floor":5.0},{"not_picked":["Deflect","Flying Knee","Heel Hook"],"picked":"SKIP","floor":8.0},{"not_picked":["Well Laid Plans","Outmaneuver","Cloak And Dagger"],"picked":"SKIP","floor":10.0},{"not_picked":["Predator","A Thousand Cuts"],"picked":"Prepared","floor":13.0},{"not_picked":["Bane","Prepared","Choke"],"picked":"SKIP","floor":14}],"player_experience":480702,"relics_obtained":[{"floor":8.0,"key":"Centennial Puzzle"},{"floor":9.0,"key":"Blue Candle"},{"floor":13.0,"key":"Calipers"}],"event_choices":[{"damage_healed":0.0,"max_hp_gain":0.0,"max_hp_loss":0.0,"gold_gain":0.0,"cards_transformed":["Strike_G"],"event_name":"Living Wall","player_choice":"Change","floor":2.0,"gold_loss":0.0,"damage_taken":0.0,"cards_obtained":["Venomology"]},{"damage_healed":0.0,"max_hp_gain":0.0,"max_hp_loss":0.0,"gold_gain":0.0,"event_name":"Liars Game","player_choice":"Ignored","floor":11.0,"gold_loss":0.0,"damage_taken":0.0}],"is_beta":false,"boss_relics":[],"items_purged_floors":[],"is_endless":false,"potions_floor_spawned":[3,4,10,13,14],"killed_by":"The Guardian","ascension_level":20}}