{"host":"y89x8uui45kcjy42","time":1609724524,"event":{"mods":["2.2 Compatiblity","BaseMod","CapriCore","Colored Map","Colored Powertips","Custom Start","Friendly Minions","Keyboard Shortcuts","Lobotomy","Minty Spire (QoL Compilation)","Relic Stats","Slay the Relics Exporter","StSLib","SuperFastMode","Uncapped"],"gold_per_floor":[109,123,198,216,216,242,242,242,268,268,293,293,307,64,64,154,154,74,74],"floor_reached":18,"playtime":417,"items_purged":["Strike_B"],"score":320,"play_id":"94862391-8a10-49ba-8542-f866bc708480","local_time":"20210104104204","is_ascension_mode":true,"campfire_choices":[{"data":"Beam Cell","floor":7,"key":"SMITH"},{"data":"Recycle","floor":12,"key":"SMITH"},{"data":"Dualcast","floor":15,"key":"SMITH"}],"circlet_count":0,"master_deck":["AscendersBane","Strike_B","Strike_B","Defend_B","Defend_B","Defend_B","Defend_B","Zap","Dualcast+1","Woodsman","Beam Cell+1","Porccubus","Melter","SpiderBud","OSAHOGD","Machine Learning","Scorched","Recycle+1","ShyLook","Ball Lightning","MeatLantern"],"relics":["Cracked Core","CogitoBucket","Pen Nib","Golden Idol","Toy Ornithopter","SsserpentHead","SkinProphecy","Chemical X","Coffee Dripper"],"acts_visited":["Exordium","TheCity"],"potions_floor_usage":[6],"damage_taken":[{"damage":9,"enemies":"Jaw Worm","floor":1,"turns":4},{"damage":17,"enemies":"2 Louse","floor":2,"turns":3},{"damage":7,"enemies":"Small Slimes","floor":4,"turns":2},{"damage":55,"enemies":"Lagavulin","floor":6,"turns":5},{"damage":34,"enemies":"Gremlin Gang","floor":11,"turns":4},{"damage":25,"enemies":"Looter","floor":13,"turns":3},{"damage":60,"enemies":"Hexaghost","floor":16,"turns":6},{"damage":73,"enemies":"2 Thieves","floor":18,"turns":3}],"seed_played":"-153279818946286681","potions_obtained":[{"floor":4,"key":"PotionOfCapacity"},{"floor":13,"key":"Fruit Juice"}],"is_trial":false,"path_per_floor":["M","M","?","M","?","E","R","?","T","?","M","R","M","$","R","B",null,"M"],"character_chosen":"DEFECT","items_purchased":["Chemical X"],"campfire_rested":0,"item_purchase_floors":[14],"current_hp_per_floor":[55,50,39,44,37,49,49,25,25,25,71,71,64,64,64,67,72,0,0],"gold":74,"neow_bonus":"","is_daily":false,"chose_seed":false,"campfire_upgraded":3,"win_rate":0.0,"timestamp":1609724524,"path_taken":["M","M","?","M","?","E","R","?","T","?","M","R","M","$","R","BOSS","M"],"items_purchased_type":["Relic"],"build_version":"2020-12-22","purchased_purges":1,"victory":false,"max_hp_per_floor":[71,71,71,71,71,71,71,71,71,71,71,71,71,71,71,73,73,75,75],"relic_stats":{"SsserpentHead":0,"counters":[9,31],"Golden Idol":26,"Pen Nib":[2],"Chemical X":[1],"obtain_stats":[{"SsserpentHead":10,"CogitoBucket":0,"Golden Idol":8,"Pen Nib":6,"Coffee Dripper":17,"Chemical X":14,"SkinProphecy":13,"Cracked Core":0,"Toy Ornithopter":9},{"SsserpentHead":4,"CogitoBucket":0,"Golden Idol":4,"Pen Nib":4,"Coffee Dripper":8,"Chemical X":7,"SkinProphecy":7,"Cracked Core":0,"Toy Ornithopter":4},{"SsserpentHead":14,"CogitoBucket":0,"Golden Idol":14,"Pen Nib":14,"Coffee Dripper":28,"Chemical X":22,"SkinProphecy":22,"Cracked Core":0,"Toy Ornithopter":14}],"Toy Ornithopter":0},"card_choices":[{"not_picked":["ShyLook","Murderer"],"picked":"Woodsman","floor":1},{"not_picked":["Sweeping Beam","Streamline"],"picked":"Beam Cell","floor":1},{"not_picked":["UniverseFragment","CrumblingArmor"],"picked":"Porccubus","floor":2},{"not_picked":["Barrage","Gash"],"picked":"Melter","floor":2},{"not_picked":["Scorched","OSAHOGD"],"picked":"SpiderBud","floor":4},{"not_picked":["Cold Snap","Gash","Stack"],"picked":"SKIP","floor":4},{"not_picked":["Mercenary","MeatLantern"],"picked":"OSAHOGD","floor":6},{"not_picked":["Machine Learning","Scrape","Blizzard"],"picked":"SKIP","floor":6},{"not_picked":["Scrape","Blizzard"],"picked":"Machine Learning","floor":6},{"not_picked":["UniverseFragment","ShyLook"],"picked":"Scorched","floor":11},{"not_picked":["Chaos","Sweeping Beam"],"picked":"Recycle","floor":11},{"not_picked":["QueenBee","CrumblingArmor"],"picked":"ShyLook","floor":13},{"not_picked":["Conserve Battery","Coolheaded"],"picked":"Ball Lightning","floor":13},{"not_picked":["SingingMachine","WallGazer"],"picked":"MeatLantern","floor":16}],"player_experience":554844,"relics_obtained":[{"floor":6,"key":"Pen Nib"},{"floor":9,"key":"Toy Ornithopter"}],"event_choices":[{"damage_healed":0,"gold_gain":75,"player_choice":"Gather Gold","damage_taken":11,"max_hp_gain":0,"max_hp_loss":0,"event_name":"World of Goop","floor":3,"gold_loss":0},{"cards_removed":["Strike_B"],"damage_healed":0,"gold_gain":0,"player_choice":"Card Removal","damage_taken":7,"max_hp_gain":0,"max_hp_loss":0,"event_name":"Golden Wing","floor":5,"gold_loss":0},{"damage_healed":0,"gold_gain":0,"player_choice":"Take Damage","damage_taken":24,"relics_obtained":["Golden Idol"],"max_hp_gain":0,"max_hp_loss":0,"event_name":"Golden Idol","floor":8,"gold_loss":0},{"damage_healed":0,"gold_gain":0,"player_choice":"Trade","damage_taken":0,"relics_obtained":["SsserpentHead"],"max_hp_gain":0,"max_hp_loss":0,"event_name":"FaceTrader","floor":10,"gold_loss":0}],"is_beta":false,"boss_relics":[{"not_picked":["Fusion Hammer","Snecko Eye"],"picked":"Coffee Dripper"}],"items_purged_floors":[14],"is_endless":false,"potions_floor_spawned":[4,13],"killed_by":"2 Thieves","ascension_level":20}}