{"host":"hfvpa4llnnjpeawn","time":1609794016,"event":{"mods":["2.2 Compatiblity","AchievementEnabler","Act Like it!","Aspiration","Bard","BaseMod","Beaked The Cultist","Better Sensory Stone","Better Skull","Better Third Choice","BetterRewards","CapriCore","Conspire","Downfall","Elementarium","Energized Spire","Hubris","Infinite Spire","Jorbs\u0027s Wanderer Trilogy","Minty Spire (QoL Compilation)","Replay The Spire","Shade Mod","Spicy Shops","StSLib","The Bladedancer","The Factory","The Gatherer","The Jungle","Waifu the Spire","Wandering Minibosses"],"gold_per_floor":[110,127,144,4,15,15,47,65,117,117,136,162,162,188,188,262,262,222,222,222,222,222,222,222],"floor_reached":23,"playtime":966,"items_purged":[],"score":418,"play_id":"fc08429b-d65e-4b0f-9f6a-4b7f46711bbb","local_time":"20210104160016","is_ascension_mode":true,"campfire_choices":[{"data":"expansioncontent:HyperBeam","floor":6,"key":"SMITH"},{"data":"hubris:DuctTapeCard","floor":10,"key":"SMITH"},{"floor":13,"key":"REST"},{"floor":15,"key":"REST"}],"circlet_count":0,"master_deck":["AscendersBane","Strike_R","Strike_R","Strike_R","Strike_R","Strike_R","Defend_R+1","Defend_R","Defend_R","Defend_R","Bash","Spot Weakness","expansioncontent:HyperBeam+1","Iron Wave","hubris:DuctTapeCard+2","Feed","Battle Trance","Carnage","Double Tap","Pain","hubris:Fate+1"],"relics":["Burning Blood","NeowsBlessing","aspiration:SeaSaltIceCream","hubris:DuctTape","Tiny Chest","hubris:Metronome","hubris:TinFlute","hubris:Stopwatch","Elementarium:GolemsHeart","War Paint"],"acts_visited":["Exordium","Exordium"],"potions_floor_usage":[11,14,16],"damage_taken":[{"damage":0,"enemies":"Cultist","floor":1,"turns":1},{"damage":0,"enemies":"Small Slimes","floor":2,"turns":1},{"damage":0,"enemies":"infinitespire:Voidling","floor":3,"turns":1},{"damage":32,"enemies":"Exordium Wildlife","floor":5,"turns":5},{"damage":22,"enemies":"3 Sentries","floor":7,"turns":3},{"damage":0,"enemies":"2 Fungi Beasts","floor":8,"turns":1},{"damage":0,"enemies":"Looter","floor":11,"turns":2},{"damage":24,"enemies":"Gremlin Nob","floor":12,"turns":4},{"damage":31,"enemies":"Replay:BlueRogue","floor":14,"turns":4},{"damage":45,"enemies":"Fading Forest","floor":16,"turns":13},{"damage":63,"enemies":"Elementarium:Cyclone","floor":18,"turns":6},{"damage":15,"enemies":"Elementarium:WarGolem","floor":23,"turns":1}],"seed_played":"-7484363824685771014","potions_obtained":[{"floor":2,"key":"Toxic Potion"},{"floor":7,"key":"Block Potion"},{"floor":11,"key":"Ancient Potion"},{"floor":14,"key":"FearPotion"}],"is_trial":false,"path_per_floor":["M","M","M","$","M","R","E","M","T","R","M","E","R","E","R","B",null,"M","?","AVR","T","T","E"],"character_chosen":"IRONCLAD","items_purchased":["expansioncontent:HyperBeam"],"campfire_rested":2,"item_purchase_floors":[4],"current_hp_per_floor":[74,75,75,75,49,49,33,39,39,39,48,33,57,32,56,35,70,13,13,13,13,13,0,0],"gold":222,"neow_bonus":"THREE_ENEMY_KILL","is_daily":false,"chose_seed":false,"campfire_upgraded":2,"win_rate":0.0,"timestamp":1609794016,"path_taken":["M","?","?","?","M","R","E","M","T","R","?","E","R","E","R","BOSS","M","?","AVR","?","?","E"],"items_purchased_type":["Card"],"build_version":"2020-12-22","purchased_purges":0,"victory":false,"max_hp_per_floor":[75,75,75,75,75,75,75,75,75,75,78,81,81,81,81,81,81,81,81,81,81,81,81,81],"card_choices":[{"not_picked":["Warcry","Clash","Infernal Blade"],"picked":"SKIP","floor":1},{"not_picked":["Havoc","Second Wind"],"picked":"Spot Weakness","floor":2},{"not_picked":["Shrug It Off","Havoc"],"picked":"Inflame","floor":3},{"not_picked":["Seeing Red","Power Through"],"picked":"Metallicize","floor":5},{"not_picked":["Run Through","Anger"],"picked":"Iron Wave","floor":7},{"not_picked":["Anger","Armaments"],"picked":"Feed","floor":8},{"not_picked":["ReplayTheSpireMod:Strike From Hell","Rupture"],"picked":"Battle Trance","floor":11},{"not_picked":["hubris:CleavingFinish","Ghostly Armor"],"picked":"Carnage","floor":12},{"not_picked":["ReplayReversal","Abandon","Sword Boomerang"],"picked":"SKIP","floor":14},{"not_picked":["Replay:Many Hands","Hemogenesis"],"picked":"Double Tap","floor":16},{"not_picked":["Headbutt","infinitespire:OneForAll","Armaments"],"picked":"SKIP","floor":18}],"player_experience":382899,"relics_obtained":[{"floor":7,"key":"aspiration:SeaSaltIceCream"},{"floor":9,"key":"Tiny Chest"},{"floor":12,"key":"hubris:Metronome"},{"floor":14,"key":"hubris:TinFlute"},{"floor":22,"key":"War Paint"}],"event_choices":[{"damage_healed":0,"gold_gain":0,"player_choice":"Chest","damage_taken":0,"relics_obtained":["Elementarium:GolemsHeart"],"max_hp_gain":0,"max_hp_loss":0,"event_name":"Elementarium:AbandonedFactory","floor":19,"gold_loss":0,"cards_obtained":["Pain"]}],"is_beta":false,"boss_relics":[{"not_picked":["Electric Blood","Sozu"],"picked":"hubris:Stopwatch"}],"items_purged_floors":[],"is_endless":false,"potions_floor_spawned":[2,7,11,14],"killed_by":"Elementarium:WarGolem","ascension_level":20}}