{"host":"gzsdmyo07u314vug","time":1609732985,"event":{"mods":["2.2 Compatiblity","BaseMod","Downfall","GifTheSpireLib","Minty Spire (QoL Compilation)","Quick Restart","Rare Cards Sparkle","Relic Stats","Replay The Spire","Shop Mod","StSLib","The Bug Knight","The Construct","The Elementalist","The IronCluck","The Servant 0.9.4","Unceasing Turn Reminder","everything is the same but u backflip on backflip","slay the spire mod where everything is the same but ironclad has a cowboy hat","vexMod"],"gold_per_floor":[118,118,132,142,67,67,96,96,148,160,191,203,235,281,293,383,395,427,457,486,498,530,542,585,611,623,685,697,719,314,326,326,400,400,419,438,438,170,190,190,243,270,270,126,126,136,136,148,148,148],"floor_reached":51,"playtime":3338,"items_purged":["construct:Strike_Gold","construct:Strike_Gold","construct:Strike_Gold"],"score":1010,"play_id":"ba280b9f-1c24-4976-9c56-533a5457726a","local_time":"20210104010305","is_ascension_mode":true,"campfire_choices":[{"data":"construct:FlameCore","floor":6,"key":"SMITH"},{"data":"construct:FlameCore+1","floor":8,"key":"SMITH"},{"data":"construct:Autoturret","floor":10,"key":"SMITH"},{"data":"construct:PointDefense","floor":12,"key":"SMITH"},{"floor":15,"key":"REST"},{"data":"construct:DefenseMode","floor":23,"key":"SMITH"},{"data":"construct:DefenseMode+1","floor":28,"key":"SMITH"},{"data":"construct:Enhance","floor":32,"key":"SMITH"},{"data":"construct:Enhance+1","floor":40,"key":"SMITH"},{"data":"construct:Reinforce+1","floor":47,"key":"SMITH"},{"data":"construct:Autoturret","floor":49,"key":"SMITH"}],"circlet_count":0,"master_deck":["AscendersBane","construct:Strike_Gold","construct:Strike_Gold","construct:Defend_Gold","construct:Defend_Gold+1","construct:Defend_Gold","construct:Defend_Gold","construct:Defend_Gold","construct:AttackMode+1","construct:DefenseMode+2","construct:FlameCore+2","construct:Autoturret+2","construct:LaserCore","construct:PointDefense+2","construct:Reserves","construct:Reinforce+2","construct:GuardCore+2","construct:FlameCore","construct:Reinforce+2","construct:Enhance+2","construct:Autoturret+1"],"relics":["construct:ClockworkPhoenix","NeowsBlessing","MealTicket","MawBank","Odd Mushroom","Pocketwatch","Coffee Dripper","Question Card","ReplayFunnel","Singing Bowl","vexMod:ImprovementManual","War Paint","ReplayTheSpireMod:Lightbulb","Art of War","StrikeDummy","Oddly Smooth Stone"],"acts_visited":["Exordium","TheCity","TheBeyond"],"potions_floor_usage":[13,14,19,22,39],"damage_taken":[{"damage":0,"enemies":"2 Louse","floor":1,"turns":1},{"damage":0,"enemies":"Cultist","floor":3,"turns":1},{"damage":0,"enemies":"Small Slimes","floor":4,"turns":2},{"damage":17,"enemies":"Lagavulin","floor":7,"turns":9},{"damage":0,"enemies":"Exordium Thugs","floor":11,"turns":5},{"damage":7,"enemies":"The Mushroom Lair","floor":13,"turns":5},{"damage":26,"enemies":"Gremlin Nob","floor":14,"turns":4},{"damage":38,"enemies":"Slime Boss","floor":16,"turns":6},{"damage":0,"enemies":"Spheric Guardian","floor":18,"turns":6},{"damage":41,"enemies":"2 Thieves","floor":19,"turns":3},{"damage":2,"enemies":"Sentry and Sphere","floor":20,"turns":8},{"damage":14,"enemies":"Snake Plant","floor":22,"turns":5},{"damage":4,"enemies":"Book of Stabbing","floor":24,"turns":7},{"damage":0,"enemies":"Snecko","floor":25,"turns":5},{"damage":0,"enemies":"Centurion and Healer","floor":29,"turns":6},{"damage":0,"enemies":"Cultist and Chosen","floor":31,"turns":7},{"damage":0,"enemies":"Champ","floor":33,"turns":9},{"damage":0,"enemies":"3 Shapes","floor":35,"turns":5},{"damage":0,"enemies":"Orb Walker","floor":36,"turns":5},{"damage":7,"enemies":"Sphere and 2 Shapes","floor":39,"turns":6},{"damage":0,"enemies":"Giant Head","floor":42,"turns":7},{"damage":0,"enemies":"Jaw Worm Horde","floor":46,"turns":5},{"damage":0,"enemies":"Writhing Mass","floor":48,"turns":5},{"damage":0,"enemies":"Replay:Hell Engine","floor":50,"turns":8}],"seed_played":"5307979706405391513","potions_obtained":[{"floor":1,"key":"PowerPotion"},{"floor":2,"key":"Swift Potion"},{"floor":16,"key":"SpeedPotion"},{"floor":18,"key":"ColorlessPotion"},{"floor":20,"key":"Explosive Potion"},{"floor":22,"key":"Explosive Potion"},{"floor":48,"key":"FearPotion"}],"is_trial":false,"path_per_floor":["M","?","M","M","$","R","E","R","T","R","M","R","?","E","R","B",null,"M","M","M","?","M","R","E","M","T","?","R","M","$","M","R","B",null,"M","M","?","$","M","R","T","E","T","$","?","M","R","M","R","B",null],"character_chosen":"THE_CONSTRUCT_MOD","items_purchased":["Singing Bowl","LifebloodPotion","War Paint","Oddly Smooth Stone"],"campfire_rested":1,"item_purchase_floors":[30,30,38,44],"current_hp_per_floor":[77,77,77,77,77,77,60,60,60,60,60,60,53,27,52,14,67,67,26,24,24,10,10,6,6,6,6,6,6,21,23,23,25,73,75,77,77,92,87,87,87,89,89,97,97,99,99,99,99,99],"gold":148,"neow_bonus":"THREE_ENEMY_KILL","is_daily":false,"chose_seed":false,"campfire_upgraded":10,"win_rate":0.0,"timestamp":1609732985,"path_taken":["M","?","M","?","$","R","E","R","T","R","M","R","?","E","R","BOSS","M","M","M","?","M","R","E","?","T","?","R","M","$","M","R","BOSS","M","M","?","$","?","R","?","E","T","$","?","M","R","M","R","BOSS"],"items_purchased_type":["Relic","Potion","Relic","Relic"],"build_version":"2020-12-22","purchased_purges":3,"victory":true,"max_hp_per_floor":[85,85,85,85,85,85,85,85,85,85,85,85,85,85,85,85,85,85,85,85,85,85,85,85,85,85,85,85,85,85,87,87,89,89,91,93,93,93,95,95,95,97,97,97,97,99,99,99,99,99],"relic_stats":{"Singing Bowl":14,"counters":[24,110],"MealTicket":38,"Art of War":[15],"War Paint":["construct:Defend_Gold","construct:AttackMode"],"MawBank":252,"Question Card":10,"obtain_stats":[{"ReplayFunnel":26,"NeowsBlessing":0,"Singing Bowl":30,"Oddly Smooth Stone":44,"construct:ClockworkPhoenix":0,"Odd Mushroom":13,"War Paint":38,"MawBank":9,"Question Card":24,"MealTicket":7,"Coffee Dripper":17,"Art of War":42,"ReplayTheSpireMod:Lightbulb":41,"StrikeDummy":43,"vexMod:ImprovementManual":34,"Pocketwatch":14},{"ReplayFunnel":14,"NeowsBlessing":0,"Singing Bowl":15,"Oddly Smooth Stone":21,"construct:ClockworkPhoenix":0,"Odd Mushroom":6,"War Paint":19,"MawBank":4,"Question Card":13,"MealTicket":4,"Coffee Dripper":8,"Art of War":21,"ReplayTheSpireMod:Lightbulb":20,"StrikeDummy":21,"vexMod:ImprovementManual":17,"Pocketwatch":7},{"ReplayFunnel":56,"NeowsBlessing":0,"Singing Bowl":61,"Oddly Smooth Stone":94,"construct:ClockworkPhoenix":0,"Odd Mushroom":19,"War Paint":83,"MawBank":11,"Question Card":52,"MealTicket":11,"Coffee Dripper":27,"Art of War":94,"ReplayTheSpireMod:Lightbulb":88,"StrikeDummy":94,"vexMod:ImprovementManual":75,"Pocketwatch":22}],"Pocketwatch":[168]},"card_choices":[{"not_picked":["construct:PointDefense","construct:FocusedBeam"],"picked":"construct:FlameCore","floor":1},{"not_picked":["construct:UnbalancingBlast","construct:FlameCore"],"picked":"construct:Autoturret","floor":3},{"not_picked":["construct:ShiftStrike","construct:ModeShift"],"picked":"construct:LaserCore","floor":4},{"not_picked":["construct:SyphonStrike","construct:ModeShift","construct:UnbalancingBlast"],"picked":"SKIP","floor":7},{"not_picked":["construct:Failsafe","construct:SweepLaser"],"picked":"construct:PointDefense","floor":11},{"not_picked":["construct:ChargeShot","construct:Chainstrike","construct:FocusedBeam"],"picked":"SKIP","floor":14},{"not_picked":["construct:MassProduction","construct:Multistage"],"picked":"construct:Reserves","floor":16},{"not_picked":["construct:FierceBash","construct:Electrocute+1","construct:PowerUp"],"picked":"SKIP","floor":18},{"not_picked":["construct:ModeShift","construct:Accumulate"],"picked":"construct:Reinforce","floor":19},{"not_picked":["construct:SaveState","construct:Isolate"],"picked":"construct:GuardCore","floor":20},{"not_picked":["construct:FlakBarrage","construct:ShiftGuard"],"picked":"construct:FlameCore","floor":22},{"not_picked":["construct:Forcefield","construct:ShiftingStance","construct:Analyze"],"picked":"SKIP","floor":24},{"not_picked":["construct:Impenetrable","construct:ShiftStrike+1","construct:Enhance"],"picked":"construct:Reinforce+1","floor":25},{"not_picked":["construct:Forcefield","construct:VentSteam","construct:Backup"],"picked":"construct:Enhance","floor":29},{"not_picked":["construct:HeavyBolt","construct:Overcharge","construct:PointDefense","construct:Forcefield"],"picked":"Singing Bowl","floor":31},{"not_picked":["construct:ShieldBurst","construct:ClockworkEgg","construct:HyperBeam","construct:PanicFire"],"picked":"Singing Bowl","floor":33},{"not_picked":["construct:Dampening","construct:Reinforce","construct:UnbalancingBlast","construct:ShiftStrike"],"picked":"Singing Bowl","floor":35},{"not_picked":["construct:SaveState","construct:Chainstrike","construct:SuppressiveFire+1","construct:Isolate"],"picked":"Singing Bowl","floor":36},{"not_picked":["construct:SweepLaser+1","construct:Antimatter","construct:Failsafe","construct:Disrupt"],"picked":"Singing Bowl","floor":39},{"not_picked":["construct:FierceBash+1","construct:CripplingShot+1","construct:ScopeCore","construct:Dampening+1"],"picked":"Singing Bowl","floor":42},{"not_picked":["construct:Accumulate+1","construct:Analyze","construct:OneWayMirror","construct:ScopeCore"],"picked":"Singing Bowl","floor":46},{"not_picked":["construct:SuppressiveFire","construct:CripplingShot","construct:ModeShift"],"picked":"construct:Autoturret","floor":48}],"player_experience":647210,"relics_obtained":[{"floor":7,"key":"MealTicket"},{"floor":9,"key":"MawBank"},{"floor":13,"key":"Odd Mushroom"},{"floor":14,"key":"Pocketwatch"},{"floor":24,"key":"Question Card"},{"floor":26,"key":"ReplayFunnel"},{"floor":41,"key":"ReplayTheSpireMod:Lightbulb"},{"floor":42,"key":"Art of War"},{"floor":43,"key":"StrikeDummy"}],"event_choices":[{"damage_healed":0,"gold_gain":0,"player_choice":"Got Potions","damage_taken":0,"max_hp_gain":0,"max_hp_loss":0,"event_name":"Lab","floor":2,"gold_loss":0},{"damage_healed":0,"gold_gain":0,"player_choice":"Fought Mushrooms","damage_taken":0,"max_hp_gain":0,"max_hp_loss":0,"event_name":"Mushrooms","floor":13,"gold_loss":0},{"damage_healed":0,"gold_gain":0,"player_choice":"Bought 0 Potions","damage_taken":0,"max_hp_gain":0,"max_hp_loss":0,"event_name":"The Woman in Blue","floor":21,"gold_loss":0},{"damage_healed":0,"gold_gain":0,"player_choice":"Forge","damage_taken":0,"max_hp_gain":0,"max_hp_loss":0,"event_name":"Accursed Blacksmith","floor":37,"gold_loss":0,"cards_upgraded":["construct:GuardCore"]}],"is_beta":false,"boss_relics":[{"not_picked":["Abe\u0027s Treasure","Pandora\u0027s Box"],"picked":"Coffee Dripper"},{"not_picked":["Honey Jar","Calling Bell"],"picked":"vexMod:ImprovementManual"}],"items_purged_floors":[5,30,38],"is_endless":false,"potions_floor_spawned":[1,3,16,18,20,22,24,36,48],"ascension_level":13}}