{"host":"eydwxg59205c3vtl","time":1609788951,"event":{"mods":["2.2 Compatiblity","BaseMod","Colored Map","Colored Powertips","Hubris","Minty Spire (QoL Compilation)","StSLib","The Jungle","The Necromancer"],"gold_per_floor":[112,112,112,112,124,155,167,211,247,279,326,338,350,372,384,473,485,508,520,552,489,563,589,600,600,652,652,669,698,711,6,6,82,132,147,147,162,180,195,220,235,270,294,314,340,365,365,379,379,379],"floor_reached":51,"playtime":2044,"items_purged":["Pain","Strike_W"],"score":1336,"play_id":"5b1226f4-adeb-4fb3-a380-dd9314598da3","local_time":"20210104143551","is_ascension_mode":true,"campfire_choices":[{"data":"Siphon_Strength","floor":7,"key":"SMITH"},{"data":"Defend_W","floor":12,"key":"SMITH"},{"data":"Defend_W","floor":15,"key":"SMITH"},{"floor":32,"key":"REST"},{"data":"Summon_Undead","floor":47,"key":"SMITH"},{"data":"Plague_Bolt","floor":49,"key":"SMITH"}],"circlet_count":0,"master_deck":["AscendersBane","Strike_W+1","Strike_W+1","Defend_W+1","Defend_W+1","Defend_W","Negative_Energy_Arrows+1","Bone_Wall","Blood_Curse+1","Siphon_Strength+1","Bone_Prison","Spectral_Armor","Hellfire","Stop_Heart","Negative_Energy_Shield","Skeleton_Dragon+1","Bone_Armor","Bone_Spikes+1","Bone_Shift","Blood_Is_Power","Negative_Energy_Javelin","Summon_Undead+1","Swift Strike","Negative_Energy_Shield","Necrotic_Claws","Siphon_Strength","Necrotic_Claws","Bone_Armor","Bone_Armor","Negative_Energy_Shield+1","Plague_Bolt+1"],"relics":["Vampire_Amulet","NeowsBlessing","MawBank","Ornamental Fan","Regal Pillow","Ancient Tea Set","hubris:Stopwatch","WarpedTongs","Bottled Tornado","Vajra","Pantograph","Whetstone","hubris:SlimyHat","Oddly Smooth Stone","PreservedInsect","Toolbox","Tiny House","Dream Catcher","Orichalcum","hubris:TenFootPole","MealTicket","hubris:Spice"],"acts_visited":["Exordium","TheCity","TheBeyond"],"potions_floor_usage":[8,8,29,33,50,50],"damage_taken":[{"damage":0,"enemies":"Small Slimes","floor":1,"turns":1},{"damage":0,"enemies":"2 Louse","floor":5,"turns":1},{"damage":0,"enemies":"Gremlin Nob","floor":6,"turns":1},{"damage":14,"enemies":"3 Sentries","floor":8,"turns":5},{"damage":0,"enemies":"Jaw Worm","floor":10,"turns":3},{"damage":7,"enemies":"Gremlin Nob","floor":11,"turns":4},{"damage":0,"enemies":"Looter","floor":14,"turns":3},{"damage":1,"enemies":"The Guardian","floor":16,"turns":10},{"damage":8,"enemies":"Spheric Guardian","floor":18,"turns":4},{"damage":1,"enemies":"Chosen","floor":20,"turns":5},{"damage":18,"enemies":"Book of Stabbing","floor":23,"turns":7},{"damage":7,"enemies":"Snake Plant","floor":24,"turns":3},{"damage":0,"enemies":"Centurion and Healer","floor":28,"turns":6},{"damage":36,"enemies":"Gremlin Leader","floor":29,"turns":6},{"damage":6,"enemies":"Snecko","floor":30,"turns":4},{"damage":55,"enemies":"Automaton","floor":33,"turns":9},{"damage":3,"enemies":"Orb Walker","floor":35,"turns":2},{"damage":0,"enemies":"3 Shapes","floor":37,"turns":4},{"damage":0,"enemies":"3 Darklings","floor":38,"turns":4},{"damage":3,"enemies":"Transient","floor":39,"turns":5},{"damage":22,"enemies":"Reptomancer","floor":40,"turns":7},{"damage":26,"enemies":"Spire Growth","floor":41,"turns":5},{"damage":21,"enemies":"Nemesis","floor":42,"turns":7},{"damage":0,"enemies":"Writhing Mass","floor":44,"turns":7},{"damage":0,"enemies":"Mind Bloom Boss Battle","floor":46,"turns":8},{"damage":0,"enemies":"Transient","floor":48,"turns":5},{"damage":72,"enemies":"Awakened One","floor":50,"turns":11}],"seed_played":"-7540131683720761125","potions_obtained":[{"floor":1,"key":"PowerPotion"},{"floor":5,"key":"Fire Potion"},{"floor":8,"key":"BlessingOfTheForge"},{"floor":13,"key":"LiquidMemories"},{"floor":20,"key":"ColorlessPotion"},{"floor":23,"key":"Regen Potion"},{"floor":29,"key":"AttackPotion"},{"floor":34,"key":"ColorlessPotion"},{"floor":40,"key":"Regen Potion"}],"is_trial":false,"path_per_floor":["M","?","?","?","M","E","R","E","T","M","E","R","?","M","R","B",null,"M","?","M","$","T","E","M","?","T","?","M","E","M","$","R","B",null,"M","?","M","M","M","E","M","E","T","M","T","?","R","M","R","B",null],"character_chosen":"NECROMANCER","items_purchased":["Oddly Smooth Stone","Summon_Undead","PreservedInsect","Toolbox","Swift Strike"],"campfire_rested":1,"item_purchase_floors":[31,31,31,31,31],"current_hp_per_floor":[68,61,47,47,51,53,53,45,45,47,42,42,42,44,44,45,65,59,59,60,60,60,44,39,39,39,39,43,17,13,13,49,22,64,63,63,69,71,70,58,34,15,15,17,17,70,70,78,78,76],"gold":379,"neow_bonus":"THREE_ENEMY_KILL","is_daily":false,"chose_seed":false,"campfire_upgraded":5,"win_rate":0.0,"timestamp":1609788951,"path_taken":["M","?","?","?","?","E","R","E","T","M","E","R","?","M","R","BOSS","M","?","M","$","?","E","M","?","T","?","M","E","M","$","R","BOSS","M","?","M","?","M","E","?","E","T","M","?","?","R","M","R","BOSS"],"items_purchased_type":["Relic","Card","Relic","Relic","Card"],"build_version":"2020-12-22","purchased_purges":2,"victory":true,"max_hp_per_floor":[71,71,71,71,71,71,71,71,71,71,71,71,71,71,71,71,71,71,71,71,71,71,71,71,71,71,71,71,71,71,71,71,71,76,76,76,76,76,76,76,76,76,76,76,76,84,84,84,84,84],"card_choices":[{"not_picked":["Toxic_Smoke_Screen","Epidemic"],"picked":"Blood_Curse","floor":1},{"not_picked":["Negative_Energy_Sphere","Bone_Armory"],"picked":"Siphon_Strength","floor":5},{"not_picked":["Exploit","Necromantic_Selection"],"picked":"Bone_Prison","floor":6},{"not_picked":["Pandemic","Epidemic"],"picked":"Spectral_Armor","floor":8},{"not_picked":["Negative_Energy_Shield","Bone_Shift"],"picked":"Hellfire","floor":10},{"not_picked":["Negative_Energy_Sphere","Negative_Energy_Shield"],"picked":"Stop_Heart","floor":11},{"not_picked":["Bone_Armory","Life_Tap"],"picked":"Negative_Energy_Shield","floor":14},{"not_picked":["Requiem","Grasp_Heart"],"picked":"Skeleton_Dragon","floor":16},{"not_picked":["Chill_Blood","Blood_Shield","Negative_Energy_Mist"],"picked":"SKIP","floor":18},{"not_picked":["Blood_Whip","Finger_Of_Death"],"picked":"Bone_Armor","floor":20},{"not_picked":["Blood_Curse+1","Negative_Energy_Mist"],"picked":"Bone_Spikes","floor":23},{"not_picked":["Skeleton_Dragon","Negative_Energy_Mist"],"picked":"Bone_Shift","floor":24},{"not_picked":["Strike_from_Beyond","Negative_Energy_Shield"],"picked":"Blood_Is_Power","floor":28},{"not_picked":["Toxic_Smoke_Screen","Bones_to_Steel","Violent_Necrosis"],"picked":"SKIP","floor":29},{"not_picked":["Violent_Necrosis","Summon_Lich"],"picked":"Negative_Energy_Javelin","floor":30},{"not_picked":["Death_Knell","Finger_Of_Death"],"picked":"Negative_Energy_Shield","floor":34},{"not_picked":["Corrupt+1","Finger_Of_Death","Vampiric_Strike"],"picked":"SKIP","floor":35},{"not_picked":["Death_Coil","Vampiric_Strike"],"picked":"Necrotic_Claws","floor":37},{"not_picked":["Toxic_Smoke_Screen","Bones_to_Steel+1"],"picked":"Siphon_Strength","floor":38},{"not_picked":["Negative_Energy_Javelin","Requiem"],"picked":"Necrotic_Claws","floor":39},{"not_picked":["Bone_Spikes","Chill_Blood+1"],"picked":"Bone_Armor","floor":40},{"not_picked":["Death_Knell+1","Chill_Blood+1","Slay_Living+1"],"picked":"SKIP","floor":41},{"not_picked":["Negative_Energy_Mist","Bone_Spikes"],"picked":"Bone_Armor","floor":42},{"not_picked":["Negative_Energy_Burst","Necromantic_Selection+1"],"picked":"Negative_Energy_Shield+1","floor":44},{"not_picked":["Spectral_Walk","Life_Tap"],"picked":"Plague_Bolt","floor":48}],"player_experience":580028,"relics_obtained":[{"floor":6,"key":"MawBank"},{"floor":8,"key":"Ornamental Fan"},{"floor":9,"key":"Regal Pillow"},{"floor":11,"key":"Ancient Tea Set"},{"floor":22,"key":"Bottled Tornado"},{"floor":23,"key":"Vajra"},{"floor":26,"key":"Whetstone"},{"floor":29,"key":"hubris:SlimyHat"},{"floor":40,"key":"Dream Catcher"},{"floor":42,"key":"Orichalcum"},{"floor":43,"key":"hubris:TenFootPole"},{"floor":45,"key":"MealTicket"},{"floor":46,"key":"hubris:Spice"}],"event_choices":[{"cards_removed":["Strike_W"],"damage_healed":0,"gold_gain":0,"player_choice":"Card Removal","damage_taken":7,"max_hp_gain":0,"max_hp_loss":0,"event_name":"Golden Wing","floor":2,"gold_loss":0},{"damage_healed":0,"gold_gain":0,"player_choice":"Entered Light","damage_taken":14,"max_hp_gain":0,"max_hp_loss":0,"event_name":"Shining Light","floor":3,"gold_loss":0,"cards_upgraded":["Blood_Curse","Strike_W"]},{"damage_healed":0,"gold_gain":0,"player_choice":"Grow","damage_taken":0,"max_hp_gain":0,"max_hp_loss":0,"event_name":"Living Wall","floor":4,"gold_loss":0,"cards_upgraded":["Negative_Energy_Arrows"]},{"damage_healed":0,"gold_gain":0,"player_choice":"Got Potions","damage_taken":0,"max_hp_gain":0,"max_hp_loss":0,"event_name":"Lab","floor":13,"gold_loss":0},{"damage_healed":0,"gold_gain":0,"player_choice":"Rummage","damage_taken":0,"relics_obtained":["WarpedTongs"],"max_hp_gain":0,"max_hp_loss":0,"event_name":"Accursed Blacksmith","floor":19,"gold_loss":0,"cards_obtained":["Pain"]},{"damage_healed":0,"gold_gain":0,"player_choice":"Stole Relic","damage_taken":0,"relics_obtained":["Pantograph"],"max_hp_gain":0,"max_hp_loss":0,"event_name":"Addict","floor":25,"gold_loss":0,"cards_obtained":["Shame"]},{"cards_removed":["Shame"],"damage_healed":0,"gold_gain":0,"player_choice":"Elegance","damage_taken":0,"max_hp_gain":0,"max_hp_loss":0,"event_name":"Back to Basics","floor":27,"gold_loss":0},{"cards_removed":["Defend_W"],"damage_healed":0,"gold_gain":0,"player_choice":"Offered Basic","damage_taken":0,"max_hp_gain":0,"max_hp_loss":0,"event_name":"Bonfire Elementals","floor":36,"gold_loss":0},{"damage_healed":0,"gold_gain":0,"player_choice":"Fight","damage_taken":0,"max_hp_gain":0,"max_hp_loss":0,"event_name":"MindBloom","floor":46,"gold_loss":0}],"is_beta":false,"boss_relics":[{"not_picked":["Black Star","Snecko Eye"],"picked":"hubris:Stopwatch"},{"not_picked":["hubris:HollowSoul","hubris:GrandSneckoEye"],"picked":"Tiny House"}],"items_purged_floors":[21,31],"is_endless":false,"potions_floor_spawned":[1,5,8,14,20,23,29,35,39,40,41,42],"ascension_level":14}}