{"host":"02uosbn8hju1jzqf","time":1609732863,"event":{"mods":["A Magickal Journey","Act Like it!","BaseMod","Colored Powertips","Defective Defect","GifTheSpireLib","HololiveMod","Marisa????????","Minty Spire (QoL Compilation)","Puzzle Mod","Reimu??????","StSLib","The Awakened One except there are too many feathers","The Poker Player","Yakumo Yukari mod","everything is the same but u backflip on backflip"],"gold_per_floor":[110,121,121,71,88,116,116,150,150,150,110,128,154,167,167,272,272,284,284,295,295,305,305,317,327,405,405,421,441,170,194,194,216,216],"floor_reached":33,"playtime":2474,"items_purged":[],"score":344,"play_id":"3c6d6098-1ca0-4790-b45d-da4b757fa778","local_time":"20210103200103","is_ascension_mode":false,"campfire_choices":[{"floor":7,"key":"REST"},{"floor":10,"key":"DIG"},{"data":"MilkyWay","floor":15,"key":"SMITH"},{"floor":23,"key":"REST"},{"floor":27,"key":"REST"},{"data":"PulseMagic","floor":32,"key":"SMITH"}],"circlet_count":0,"master_deck":["Strike_MRS","Strike_MRS","Strike_MRS","Strike_MRS","Defend_MRS","Defend_MRS","Defend_MRS","Defend_MRS","MasterSpark","UpSweep","MachineGunSpark","MilkyWay+1","WitchLeyline","AsteroidBelt","EnergyFlow","PulseMagic","BlazingStar","AlicesGift","SprinkleStarSeal","MagicChant","PulseMagic+1","PowerUp","SatelliteIllusion","MeteoricShower","IllusionStar","GrandCross","LuminesStrike+1","Necronomicurse","AsteroidBelt+1","WitchLeyline+1","DoubleSpark","Robbery","MilkyWay","EventHorizon","AlicesGift","Singularity","Dramatic Entrance","Parasite","Parasite"],"relics":["MiniHakkero","Prayer Wheel","Ornamental Fan","Art of War","Shovel","HornCleat","Boot","PaintedHorse:ReiMu","Oddly Smooth Stone","MutagenicStrength","Necronomicon","ShroomBag","Vajra"],"acts_visited":["Exordium","TheCity"],"potions_floor_usage":[6,16],"damage_taken":[{"damage":10,"enemies":"Small Slimes","floor":1,"turns":3},{"damage":5,"enemies":"2 Louse","floor":2,"turns":3},{"damage":2,"enemies":"Jaw Worm","floor":5,"turns":5},{"damage":13,"enemies":"Gremlin Nob","floor":6,"turns":5},{"damage":2,"enemies":"Lagavulin","floor":8,"turns":3},{"damage":0,"enemies":"Exordium Thugs","floor":12,"turns":3},{"damage":5,"enemies":"3 Sentries","floor":13,"turns":5},{"damage":6,"enemies":"Blue Slaver","floor":14,"turns":2},{"damage":0,"enemies":"Slime Boss","floor":16,"turns":4},{"damage":6,"enemies":"Shell Parasite","floor":18,"turns":3},{"damage":0,"enemies":"Chosen","floor":20,"turns":3},{"damage":5,"enemies":"Snecko","floor":22,"turns":4},{"damage":6,"enemies":"Cultist and Chosen","floor":24,"turns":3},{"damage":14,"enemies":"Sentry and Sphere","floor":25,"turns":4},{"damage":0,"enemies":"3 Cultists","floor":28,"turns":4},{"damage":14,"enemies":"Snake Plant","floor":29,"turns":4},{"damage":63,"enemies":"Automaton","floor":33,"turns":8}],"seed_played":"-2603094695524333078","potions_obtained":[{"floor":5,"key":"Weak Potion"},{"floor":8,"key":"LiquidBronze"},{"floor":13,"key":"EssenceOfSteel"},{"floor":14,"key":"AttackPotion"},{"floor":22,"key":"MagicPotion:ReiMu"},{"floor":24,"key":"CultistPotion"}],"is_trial":false,"path_per_floor":["M","M","?","?","M","E","R","E","T","R","?","M","E","M","R","B",null,"M","?","M","?","M","R","M","M","T","R","M","M","$","T","R","B"],"character_chosen":"MARISA","items_purchased":["Singularity","Dramatic Entrance","ShroomBag"],"campfire_rested":3,"item_purchase_floors":[30,30,30],"current_hp_per_floor":[65,60,53,53,51,38,60,58,58,58,58,58,53,47,47,47,75,69,69,69,53,48,70,64,50,50,72,72,58,58,58,58,0,0],"gold":216,"neow_bonus":"ONE_RARE_RELIC","is_daily":false,"chose_seed":false,"campfire_upgraded":2,"win_rate":0.0,"timestamp":1609732863,"path_taken":["M","M","?","?","M","E","R","E","T","R","?","M","E","M","R","BOSS","M","?","M","?","M","R","M","M","T","R","M","M","$","?","R","BOSS"],"items_purchased_type":["Card","Card","Relic"],"build_version":"2020-12-22","purchased_purges":0,"victory":false,"max_hp_per_floor":[75,75,75,75,75,75,75,75,75,75,75,75,75,75,75,75,75,75,75,75,75,75,75,75,75,75,75,75,75,75,75,75,75,75],"card_choices":[{"not_picked":["AsteroidBelt","IllusionStar"],"picked":"MachineGunSpark","floor":1},{"not_picked":["DC","ChargeUpSpray"],"picked":"MilkyWay","floor":1},{"not_picked":["UnstableBomb","DeepEcoloBomb"],"picked":"WitchLeyline","floor":2},{"not_picked":["SporeBomb","MysteriousBeam"],"picked":"AsteroidBelt","floor":2},{"not_picked":["IllusionStar","MysteriousBeam"],"picked":"EnergyFlow","floor":5},{"not_picked":["OneTimeOff","Acceleration"],"picked":"PulseMagic","floor":5},{"not_picked":["IllusionStar","StarBarrage"],"picked":"BlazingStar","floor":6},{"not_picked":["SporeBomb","DoubleSpark"],"picked":"AlicesGift","floor":8},{"not_picked":["SporeBomb","IllusionStar"],"picked":"SprinkleStarSeal","floor":12},{"not_picked":["StarBarrage","GalacticHalo","PropBag"],"picked":"SKIP","floor":12},{"not_picked":["EnergyFlow","BlazingStar"],"picked":"MagicChant","floor":13},{"not_picked":["EarthLightRay","MilkyWay"],"picked":"PulseMagic","floor":14},{"not_picked":["MysteriousBeam","DarkMatter"],"picked":"PowerUp","floor":14},{"not_picked":["SuperNova","TreasureHunter"],"picked":"SatelliteIllusion","floor":16},{"not_picked":["OneTimeOff","MagicChant"],"picked":"MeteoricShower","floor":18},{"not_picked":["DoubleSpark","SprinkleStarSeal"],"picked":"IllusionStar","floor":18},{"not_picked":["WitchOfGreed+1","FinalSpark"],"picked":"GrandCross","floor":20},{"not_picked":["OpenUniverse","DarkSpark"],"picked":"LuminesStrike+1","floor":20},{"not_picked":["PulseMagic","DoubleSpark+1"],"picked":"AsteroidBelt+1","floor":22},{"not_picked":["WitchOfGreed+1","SporeBomb","LuminesStrike"],"picked":"SKIP","floor":22},{"not_picked":["WitchOfGreed+1","AsteroidBelt"],"picked":"WitchLeyline+1","floor":24},{"not_picked":["DC","RefractionSpark"],"picked":"DoubleSpark","floor":24},{"not_picked":["NonDirectionalLaser","Acceleration"],"picked":"Robbery","floor":25},{"not_picked":["OpenUniverse","GravityBeat","IllusionStar+1"],"picked":"SKIP","floor":25},{"not_picked":["BlazingStar","Occultation"],"picked":"MilkyWay","floor":28},{"not_picked":["MysteriousBeam","MagicAbsorber"],"picked":"EventHorizon","floor":28},{"not_picked":["OneTimeOff","PulseMagic"],"picked":"AlicesGift","floor":29},{"not_picked":["UnstableBomb","DarkSpark","RefractionSpark"],"picked":"SKIP","floor":29}],"player_experience":115558,"relics_obtained":[{"floor":6,"key":"Art of War"},{"floor":8,"key":"Shovel"},{"floor":9,"key":"HornCleat"},{"floor":10,"key":"Boot"},{"floor":13,"key":"Oddly Smooth Stone"},{"floor":21,"key":"Necronomicon"},{"floor":31,"key":"Vajra"}],"event_choices":[{"damage_healed":0,"gold_gain":0,"player_choice":"Success","damage_taken":7,"relics_obtained":["Ornamental Fan"],"max_hp_gain":0,"max_hp_loss":0,"event_name":"Scrap Ooze","floor":3,"gold_loss":0},{"cards_removed":["Clumsy"],"damage_healed":0,"gold_gain":0,"player_choice":"Card Removal","damage_taken":0,"max_hp_gain":0,"max_hp_loss":0,"event_name":"The Cleric","floor":4,"gold_loss":50},{"damage_healed":0,"gold_gain":0,"player_choice":"Donate","damage_taken":0,"relics_obtained":["PaintedHorse:ReiMu"],"max_hp_gain":0,"max_hp_loss":0,"event_name":"yidonshenshe","floor":11,"gold_loss":40},{"damage_healed":0,"gold_gain":0,"player_choice":"Inject Mutagens","damage_taken":0,"relics_obtained":["MutagenicStrength"],"max_hp_gain":0,"max_hp_loss":0,"event_name":"Drug Dealer","floor":19,"gold_loss":0},{"damage_healed":0,"gold_gain":0,"player_choice":"Obtained Book","damage_taken":16,"max_hp_gain":0,"max_hp_loss":0,"event_name":"Cursed Tome","floor":21,"gold_loss":0}],"is_beta":false,"boss_relics":[{"not_picked":["Hololive_Finger","Snecko Eye","Ectoplasm"]}],"items_purged_floors":[],"is_endless":false,"potions_floor_spawned":[5,8,13,14,22,24],"killed_by":"Automaton","ascension_level":0}}