{"host":"htqwg582tjjtn9p7","time":1609775359,"event":{"mods":["2.2 Compatiblity","AchievementEnabler","Act Like it!","Aspiration","BaseMod","Better Third Choice","Colored Map","Conspire","Curses Come First","Displayed Cursed Tome","Energized Spire","Force Act Four","GifTheSpireLib","Hermit","Highlight Path","JesterMod","Mad Scientist","Minty Spire (QoL Compilation)","Pale of the Ancients","Permanent Neow","Random Character Button","Relic Stats","Replay The Spire","Robot Space Explorer","Somnambulant","Spicy Shops","Spikes Relics","StSLib","Stuff the Spire","The Blue Laboratory","The Disciple","The Dragon Tamer","The Forsaken","The Gatherer","The Judge","The Jungle","The Marked","The Runesmith","The Servant 0.9.4","Uncapped"],"gold_per_floor":[117,127,142,142,72,98,98,127,180,198,380,380,405,419,419,491,491,503,523,124,139,139,139,139,139],"floor_reached":24,"playtime":1236,"items_purged":["Pain"],"score":428,"play_id":"aaafcacc-8673-4aea-b78a-8a006e8455e0","local_time":"20210104164919","is_ascension_mode":true,"campfire_choices":[{"data":"Hemokinesis","floor":7,"key":"SMITH"},{"floor":12,"key":"REST"},{"data":"Flame Barrier","floor":15,"key":"SMITH"},{"data":"conspire:ExplosiveBarrier","floor":23,"key":"SMITH"}],"circlet_count":0,"master_deck":["AscendersBane","conspire:GhostlyStrike","conspire:GhostlyStrike","conspire:GhostlyStrike","conspire:GhostlyStrike","conspire:GhostlyStrike","conspire:GhostlyDefend","conspire:GhostlyDefend","conspire:GhostlyDefend","conspire:GhostlyDefend","Bash","StuffTheSpire:RagingBull","Carnage","Hemokinesis+1","Twin Strike","Flame Barrier+1","Burning Pact","conspire:ExplosiveBarrier+1","Corruption","Defy Death","Burning Pact"],"relics":["Burning Blood","aspiration:Nostalgia","Sizzling Blood","StuffTheSpire:OldFever","Ancient Tea Set","Blue Doll","InkBottle","conspire:RunicOctahedron","Replay:Baseball"],"acts_visited":["Exordium","TheCity"],"potions_floor_usage":[6,13,21,21,24],"damage_taken":[{"damage":27,"enemies":"Jaw Worm","floor":1,"turns":7},{"damage":8,"enemies":"Small Slimes","floor":2,"turns":3},{"damage":0,"enemies":"conspire:RoseBush","floor":3,"turns":3},{"damage":31,"enemies":"3 Sentries","floor":6,"turns":7},{"damage":30,"enemies":"Lagavulin","floor":8,"turns":5},{"damage":13,"enemies":"Looter","floor":10,"turns":4},{"damage":18,"enemies":"Gremlin Nob","floor":13,"turns":3},{"damage":13,"enemies":"2 Fungi Beasts","floor":14,"turns":3},{"damage":16,"enemies":"The Guardian","floor":16,"turns":14},{"damage":37,"enemies":"Shell Parasite","floor":18,"turns":8},{"damage":0,"enemies":"3 Byrds","floor":19,"turns":1},{"damage":38,"enemies":"conspire:HollyBat","floor":21,"turns":10},{"damage":82,"enemies":"conspire:Head Lice","floor":24,"turns":6}],"seed_played":"-2583546302600930946","potions_obtained":[{"floor":1,"key":"Venom Potion"},{"floor":2,"key":"blueLaboratory:ImpenetrablePotion"},{"floor":16,"key":"FearPotion"},{"floor":19,"key":"blueLaboratory:HeartbeatPotion"}],"is_trial":false,"path_per_floor":["M","M","M","?","$","E","R","E","T","M","?","R","E","M","R","B",null,"M","M","$","M","?","R","E"],"character_chosen":"IRONCLAD","items_purchased":["Twin Strike","Burning Pact","Regen Potion","Replay:Baseball"],"campfire_rested":1,"item_purchase_floors":[5,20,20,20],"current_hp_per_floor":[55,57,67,67,67,46,46,26,26,23,23,46,38,35,35,29,67,40,50,50,76,76,76,0,0],"gold":139,"neow_bonus":"NOSTALGIA","is_daily":false,"chose_seed":false,"campfire_upgraded":3,"win_rate":0.0,"timestamp":1609775359,"path_taken":["M","M","M","?","$","E","R","E","T","M","?","R","E","M","R","BOSS","M","M","$","M","?","R","E"],"items_purchased_type":["Card","Card","Potion","Relic"],"build_version":"2020-12-22","purchased_purges":1,"victory":false,"max_hp_per_floor":[79,79,79,79,79,79,79,79,79,79,79,79,79,79,79,79,79,79,79,79,79,79,79,79,79],"relic_stats":{"counters":[13,74],"obtain_stats":[{"Replay:Baseball":20,"aspiration:Nostalgia":0,"Blue Doll":9,"conspire:RunicOctahedron":17,"Sizzling Blood":0,"Ancient Tea Set":8,"Burning Blood":0,"StuffTheSpire:OldFever":6,"InkBottle":13},{"Replay:Baseball":11,"aspiration:Nostalgia":0,"Blue Doll":5,"conspire:RunicOctahedron":9,"Sizzling Blood":0,"Ancient Tea Set":5,"Burning Blood":0,"StuffTheSpire:OldFever":4,"InkBottle":7},{"Replay:Baseball":58,"aspiration:Nostalgia":0,"Blue Doll":25,"conspire:RunicOctahedron":49,"Sizzling Blood":0,"Ancient Tea Set":25,"Burning Blood":0,"StuffTheSpire:OldFever":20,"InkBottle":32}],"Burning Blood":72,"InkBottle":[8]},"card_choices":[{"not_picked":["ReplayReversal","Wild Strike"],"picked":"StuffTheSpire:RagingBull","floor":1},{"not_picked":["Thunderclap","ReplayTheSpireMod:Strike From Hell"],"picked":"Carnage","floor":2},{"not_picked":["Warcry","ReplayTheSpireMod:Muscle Training"],"picked":"Hemokinesis","floor":3},{"not_picked":["Clash","StuffTheSpire:Slingshot","Pommel Strike"],"picked":"SKIP","floor":6},{"not_picked":["Anger","Double Tap"],"picked":"Flame Barrier","floor":8},{"not_picked":["Flex","Sword Boomerang","ReplayReversal"],"picked":"SKIP","floor":10},{"not_picked":["Sword Boomerang","Armaments"],"picked":"Burning Pact","floor":11},{"not_picked":["Replay:Undeath\u0027s Touch","Infernal Blade"],"picked":"conspire:ExplosiveBarrier","floor":13},{"not_picked":["Anger","Warcry","Run Through"],"picked":"SKIP","floor":14},{"not_picked":["StuffTheSpire:TitanForm","Double Tap"],"picked":"Corruption","floor":16},{"not_picked":["Thunderclap","Cleave","Havoc"],"picked":"SKIP","floor":18},{"not_picked":["Headbutt","Havoc"],"picked":"Defy Death","floor":19},{"not_picked":["Clash+1","Clothesline","Dual Wield"],"picked":"SKIP","floor":21}],"player_experience":1879305,"relics_obtained":[{"floor":6,"key":"StuffTheSpire:OldFever"},{"floor":8,"key":"Ancient Tea Set"},{"floor":9,"key":"Blue Doll"},{"floor":13,"key":"InkBottle"}],"event_choices":[{"damage_healed":0,"gold_gain":0,"player_choice":"Agree","damage_taken":0,"max_hp_gain":0,"max_hp_loss":0,"event_name":"conspire:LoneGhost","floor":4,"gold_loss":0}],"is_beta":false,"boss_relics":[{"not_picked":["StuffTheSpire:ModemDavis","Electric Blood"],"picked":"conspire:RunicOctahedron"}],"items_purged_floors":[20],"is_endless":false,"potions_floor_spawned":[1,2,16,19],"killed_by":"conspire:Head Lice","ascension_level":15}}