{"host":"7koe0iw0zllko92h","time":1609724333,"event":{"mods":["BaseMod","Colored Powertips","Infinite Spire","Minty Spire (QoL Compilation)","Replay The Spire","StSLib","The Servant 0.9.4"],"gold_per_floor":[118,118,137,17,44,71,71,85,85,99,99,44,44,61,61,166,166,180,200,216,306,36,36,36,48,48,60,80,97,109,121,121,219,219,244,294,294,331,377,377,433,475,524,572,599,599,599,599],"floor_reached":47,"playtime":11403,"items_purged":["Pain","Normality"],"score":661,"play_id":"3d03c36c-1889-4e5e-ac4f-54b6f4000638","local_time":"20210103203853","is_ascension_mode":false,"campfire_choices":[{"data":"BestPractice","floor":7,"key":"SMITH"},{"floor":11,"key":"REST"},{"floor":13,"key":"REST"},{"floor":15,"key":"REST"},{"floor":23,"key":"REST"},{"floor":32,"key":"REST"},{"floor":40,"key":"REST"}],"circlet_count":0,"master_deck":["Strike_S","Strike_S","Strike_S","Strike_S","Defend_S","Defend_S","Defend_S","Defend_S","KidneyShot","Exchange","Starlight","BestPractice+1","Rearm","SurpressingFire","Replace","Defy","Snipe+1","TimeWarp","SoulSculpture","Contraction","Revamp+1","ShatteredReality","ReplayTheSpireMod:Private Reserves","Panacea","ReturningBlade","Starlight+1","Pain","Ricochet+1","Spin+1","MoonPhase","PendulumOfEternity+1","Luminosity","Duplication","FastForward","SoulSculpture+1","BottledTime+1","Gouge+1","Rearm+1","Barrier+1","ReplayTheSpireMod:Splinters","Foresight+1","Doubt","infinitespire:Menacing"],"relics":["Uniform","WarpedTongs","infinitespire:Bottled Soul","Divine Protection","Cursed Key","Molten Egg 2","StoneMask","infinitespire:EvilPickle","Thread and Needle","Bottled Tornado","Boot","Potion Belt","infinitespire:Beetle Shell","Happy Flower"],"acts_visited":["Exordium","TheCity","TheBeyond"],"potions_floor_usage":[10,16,16,19,27,28,29,31,31,36,42,42],"damage_taken":[{"damage":0,"enemies":"Small Slimes","floor":1,"turns":3},{"damage":2,"enemies":"Cultist","floor":3,"turns":4},{"damage":21,"enemies":"Replay:BlueRogue","floor":6,"turns":6},{"damage":7,"enemies":"Jaw Worm","floor":8,"turns":4},{"damage":24,"enemies":"Gremlin Gang","floor":10,"turns":5},{"damage":0,"enemies":"2 Fungi Beasts","floor":14,"turns":4},{"damage":21,"enemies":"The Guardian","floor":16,"turns":15},{"damage":0,"enemies":"Shell Parasite","floor":18,"turns":4},{"damage":0,"enemies":"3 Byrds","floor":19,"turns":6},{"damage":21,"enemies":"Cultist and Chosen","floor":20,"turns":9},{"damage":9,"enemies":"Snake Plant","floor":25,"turns":7},{"damage":8,"enemies":"Centurion and Healer","floor":27,"turns":13},{"damage":0,"enemies":"Chosen and Byrds","floor":28,"turns":4},{"damage":0,"enemies":"Snecko","floor":29,"turns":4},{"damage":6,"enemies":"Snake Plant","floor":30,"turns":5},{"damage":7,"enemies":"Shelled Parasite and Fungi","floor":31,"turns":3},{"damage":22,"enemies":"Pondfish","floor":33,"turns":15},{"damage":10,"enemies":"Orb Walker","floor":35,"turns":3},{"damage":11,"enemies":"Mind Bloom Boss Battle","floor":36,"turns":9},{"damage":23,"enemies":"3 Shapes","floor":38,"turns":4},{"damage":39,"enemies":"Nemesis","floor":41,"turns":11},{"damage":29,"enemies":"Sphere and 2 Shapes","floor":42,"turns":4},{"damage":0,"enemies":"Maw","floor":44,"turns":8},{"damage":18,"enemies":"Nightmare","floor":47,"turns":3}],"seed_played":"-6975951436335193466","potions_obtained":[{"floor":8,"key":"Block Potion"},{"floor":10,"key":"DistilledChaos"},{"floor":14,"key":"BlessingOfTheForge"},{"floor":16,"key":"Swift Potion"},{"floor":20,"key":"Energy Potion"},{"floor":27,"key":"SkillPotion"},{"floor":30,"key":"Explosive Potion"},{"floor":35,"key":"ColorlessPotion"},{"floor":38,"key":"SteroidPotion"},{"floor":39,"key":"Strength Potion"}],"is_trial":false,"path_per_floor":["M","?","M","$","T","E","R","M","T","M","R","$","R","M","R","B",null,"M","M","M","?","$","R","AVR","M","T","M","M","M","M","M","R","B",null,"M","?","?","M","?","R","E","M","T","M","T","AVR","NM"],"character_chosen":"THE_SERVANT","items_purchased":["Rearm","Snipe+1","Panacea","ColorlessPotion","ColorlessPotion","ReturningBlade"],"campfire_rested":6,"item_purchase_floors":[4,12,22,22,22,22],"current_hp_per_floor":[71,71,69,69,69,48,48,41,41,17,38,38,59,59,71,50,71,71,71,50,32,32,53,53,44,44,36,36,36,30,23,44,22,71,64,56,56,42,42,64,28,8,8,11,11,11,0,0],"gold":599,"neow_bonus":"TEN_PERCENT_HP_BONUS","is_daily":false,"chose_seed":false,"campfire_upgraded":1,"win_rate":0.0,"timestamp":1609724333,"path_taken":["M","?","M","$","?","E","R","M","T","M","R","$","R","M","R","BOSS","M","M","M","?","$","R","AVR","M","T","M","?","M","M","M","R","BOSS","M","?","?","M","?","R","E","?","T","M","?","AVR","NM"],"items_purchased_type":["Card","Card","Card","Potion","Potion","Card"],"build_version":"2020-12-22","purchased_purges":2,"victory":false,"max_hp_per_floor":[71,71,71,71,71,71,71,71,71,71,71,71,71,71,71,71,71,71,71,71,71,71,71,71,71,71,71,71,71,71,71,71,71,71,72,73,73,76,76,76,77,80,80,81,81,81,81,81],"card_choices":[{"not_picked":["DoubleEdge","ReturningBlade"],"picked":"Starlight","floor":1},{"not_picked":["GearUp","Revamp"],"picked":"BestPractice","floor":3},{"not_picked":["Ricochet","FastForward"],"picked":"SurpressingFire","floor":6},{"not_picked":["Rearm","Rewind"],"picked":"Replace","floor":8},{"not_picked":["Alleviate","Misdirection"],"picked":"Defy","floor":10},{"not_picked":["Alleviate","SpecialFormula"],"picked":"TimeWarp","floor":14},{"not_picked":["Initiator","ForgedInTime"],"picked":"SoulSculpture","floor":16},{"not_picked":["Desolation","DoubleEdge"],"picked":"Contraction","floor":18},{"not_picked":["Comet","Desolation"],"picked":"Revamp+1","floor":19},{"not_picked":["InstantArmor","Replace+1"],"picked":"ShatteredReality","floor":20},{"not_picked":["MoonPhase+1","Snipe"],"picked":"Starlight+1","floor":25},{"not_picked":["Alleviate","InstantArmor+1"],"picked":"Ricochet+1","floor":27},{"not_picked":["Replace","Starlight+1"],"picked":"Spin+1","floor":28},{"not_picked":["Revamp+1","TimeWarp+1"],"picked":"MoonPhase","floor":29},{"not_picked":["Ricochet+1","RealityMarble"],"picked":"PendulumOfEternity+1","floor":30},{"not_picked":["Ricochet+1","Hightail+1"],"picked":"Luminosity","floor":31},{"not_picked":["ForgedInTime","LightFlow+1"],"picked":"Duplication","floor":33},{"not_picked":["Unruled+1","Replace+1"],"picked":"FastForward","floor":35},{"not_picked":["Starlight+1","TimeWarp+1"],"picked":"SoulSculpture+1","floor":36},{"not_picked":["Read+1","Rewind"],"picked":"BottledTime+1","floor":38},{"not_picked":["Shuttle","Spin+1"],"picked":"Gouge+1","floor":39},{"not_picked":["Ricochet+1","Rewind+1"],"picked":"Rearm+1","floor":41},{"not_picked":["Potential+1","DoubleEdge+1"],"picked":"Barrier+1","floor":42},{"not_picked":["Hightail+1","Solidify"],"picked":"Foresight+1","floor":44}],"player_experience":658748,"relics_obtained":[{"floor":6,"key":"infinitespire:Bottled Soul"},{"floor":9,"key":"Divine Protection"},{"floor":26,"key":"Molten Egg 2"},{"floor":36,"key":"Thread and Needle"},{"floor":39,"key":"Bottled Tornado"},{"floor":41,"key":"Boot"},{"floor":43,"key":"Potion Belt"},{"floor":45,"key":"infinitespire:Beetle Shell"}],"event_choices":[{"damage_healed":0,"gold_gain":0,"player_choice":"Rummage","damage_taken":0,"relics_obtained":["WarpedTongs"],"max_hp_gain":0,"max_hp_loss":0,"event_name":"Accursed Blacksmith","floor":2,"gold_loss":0,"cards_obtained":["Pain"]},{"damage_healed":0,"gold_gain":90,"player_choice":"CARD GOLD ","damage_taken":18,"max_hp_gain":0,"max_hp_loss":0,"event_name":"Knowing Skull","floor":21,"potions_obtained":[],"gold_loss":0,"cards_obtained":["ReplayTheSpireMod:Private Reserves"]},{"damage_healed":0,"gold_gain":0,"player_choice":"Fight","damage_taken":0,"max_hp_gain":0,"max_hp_loss":0,"event_name":"MindBloom","floor":36,"gold_loss":0},{"damage_healed":0,"gold_gain":0,"player_choice":"Ignored","damage_taken":0,"max_hp_gain":0,"max_hp_loss":0,"event_name":"Mysterious Sphere","floor":37,"gold_loss":0}],"is_beta":false,"boss_relics":[{"not_picked":["MysterySword","Runic Dome"],"picked":"Cursed Key"},{"not_picked":["Runic Pyramid","Coffee Dripper"],"picked":"StoneMask"}],"items_purged_floors":[4,46],"is_endless":false,"potions_floor_spawned":[8,10,14,16,20,25,27,30,35,38],"killed_by":"Nightmare","ascension_level":0}}