{"host":"kmq7aw60w430zvtx","time":1609786420,"event":{"mods":["BaseMod","Downfall","GifTheSpireLib","Hermit","Hubris","Minty Spire (QoL Compilation)","Replay The Spire","StSLib","The Construct","The Cursed","The Hierophant","The Jungle","The Necromancer","The Runesmith"],"gold_per_floor":[112,112,130,130,27,27,41,57,57,17,17,17,17,46,46,149,149,169,186,186,200,165,193,193,193,218,228,228,245,245,245],"floor_reached":30,"playtime":1317,"items_purged":[],"score":273,"play_id":"a20ae3fb-017e-4bbd-9a43-d126aa60925a","local_time":"20210104195340","is_ascension_mode":true,"campfire_choices":[{"data":"Defragment","floor":6,"key":"SMITH"},{"floor":15,"key":"REST"},{"floor":25,"key":"REST"},{"floor":28,"key":"REST"}],"circlet_count":0,"master_deck":["Strike_B","Strike_B","Defend_B","Defend_B","Zap","Dualcast","Defragment+1","Darkness","FIFO Queue","Loop","Loop","Cold Snap","Conserve Battery","Barrage","Chaos","Redo","Seek","Consume","Beam Cell","FTL+1","Loop","Double Energy+1","Undo+1","Hello World+1"],"relics":["Cracked Core","Incense Burner","hubris:Towel","Shuriken","Pondfish Scales","Empty Cage","Bag of Preparation","Regal Pillow"],"acts_visited":["Exordium","theJungle:Jungle"],"potions_floor_usage":[14,14,19,23,23],"damage_taken":[{"damage":7,"enemies":"Jaw Worm","floor":1,"turns":4},{"damage":1,"enemies":"2 Louse","floor":3,"turns":3},{"damage":14,"enemies":"Small Slimes","floor":7,"turns":4},{"damage":11,"enemies":"Blue Slaver","floor":8,"turns":4},{"damage":11,"enemies":"3 Sentries","floor":14,"turns":5},{"damage":38,"enemies":"Slime Boss","floor":16,"turns":9},{"damage":26,"enemies":"Shell Parasite","floor":18,"turns":7},{"damage":15,"enemies":"theJungle:GiantWrat","floor":19,"turns":6},{"damage":2,"enemies":"theJungle:SlimyTreeVines","floor":21,"turns":9},{"damage":21,"enemies":"theJungle:2_Phrogs","floor":23,"turns":8},{"damage":24,"enemies":"theJungle:2_Flameangoes","floor":27,"turns":6},{"damage":28,"enemies":"theJungle:Lyon","floor":29,"turns":5},{"damage":28,"enemies":"Snake Plant","floor":30,"turns":4}],"seed_played":"842029624671870017","potions_obtained":[{"floor":1,"key":"AttackPotion"},{"floor":7,"key":"Explosive Potion"},{"floor":18,"key":"ColorlessPotion"},{"floor":19,"key":"Swift Potion"},{"floor":21,"key":"BlessingOfTheForge"}],"is_trial":false,"path_per_floor":["M","?","M","?","$","R","M","M","T","$","?","$","T","E","R","B",null,"M","M","?","M","$","E","?","R","T","M","R","M","M"],"character_chosen":"DEFECT","items_purchased":["Loop","Cold Snap","Chaos","Loop"],"campfire_rested":3,"item_purchase_floors":[5,5,10,22],"current_hp_per_floor":[68,56,55,55,55,55,41,30,30,30,30,30,30,19,41,3,75,49,34,34,38,38,17,17,39,39,15,52,24,0,0],"gold":245,"neow_bonus":"TRANSFORM_CARD","is_daily":false,"chose_seed":false,"campfire_upgraded":1,"win_rate":0.0,"timestamp":1609786420,"path_taken":["M","?","M","?","$","R","M","M","T","$","?","$","?","E","R","BOSS","M","M","?","?","$","E","?","R","T","?","R","M","M"],"items_purchased_type":["Card","Card","Card","Card"],"build_version":"2020-12-22","purchased_purges":0,"victory":false,"max_hp_per_floor":[75,75,75,75,75,75,75,75,75,75,75,75,75,75,75,75,75,75,75,75,75,75,75,75,75,75,75,75,75,75,75],"card_choices":[{"not_picked":["Undo","Recycle"],"picked":"Darkness","floor":1},{"not_picked":["ReplayTheSpireMod:GoodbyeWorld","Darkness"],"picked":"FIFO Queue","floor":3},{"not_picked":["Genetic Algorithm","Force Field"],"picked":"Conserve Battery","floor":7},{"not_picked":["Leap","Recycle"],"picked":"Barrage","floor":8},{"not_picked":["Static Discharge","Cold Snap"],"picked":"Redo","floor":14},{"not_picked":["Creative AI","Multi-Cast"],"picked":"Seek","floor":16},{"not_picked":["Leap+1","Rebound"],"picked":"Consume","floor":18},{"not_picked":["Gash","Stack+1"],"picked":"Beam Cell","floor":19},{"not_picked":["BasicCrystalCard+1","Turbo"],"picked":"FTL+1","floor":21},{"not_picked":["Beam Cell+1","Barrage"],"picked":"Double Energy+1","floor":23},{"not_picked":["Scrape+1","Steam"],"picked":"Undo+1","floor":27},{"not_picked":["Streamline","Barrage"],"picked":"Hello World+1","floor":29}],"player_experience":272677,"relics_obtained":[{"floor":13,"key":"Shuriken"},{"floor":14,"key":"Pondfish Scales"},{"floor":23,"key":"Bag of Preparation"},{"floor":26,"key":"Regal Pillow"}],"event_choices":[{"damage_healed":0,"gold_gain":0,"player_choice":"Success","damage_taken":12,"relics_obtained":["Incense Burner"],"max_hp_gain":0,"max_hp_loss":0,"event_name":"Scrap Ooze","floor":2,"gold_loss":0},{"damage_healed":0,"gold_gain":0,"player_choice":"Gold","damage_taken":0,"max_hp_gain":0,"max_hp_loss":0,"event_name":"Wheel of Change","floor":20,"gold_loss":0},{"cards_removed":["Defend_B"],"damage_healed":0,"gold_gain":0,"player_choice":"Purged","damage_taken":0,"max_hp_gain":0,"max_hp_loss":0,"event_name":"Purifier","floor":24,"gold_loss":0}],"is_beta":false,"boss_relics":[{"not_picked":["hubris:GrandSneckoEye","hubris:TerracottaHorce"],"picked":"Empty Cage"}],"items_purged_floors":[],"is_endless":false,"potions_floor_spawned":[1,7,18,19,21],"killed_by":"Snake Plant","ascension_level":2}}