{"host":"d8d3jqle49sogkjv","time":1609787343,"event":{"mods":["BaseMod","Colored Map","Colored Powertips","Minty Spire (QoL Compilation)","StSLib"],"gold_per_floor":[217,217,231,231,69,69,104,104,104,132,132,144,156,190,190,286,286,300,312,327,327,327,327,327,327],"floor_reached":24,"playtime":854,"items_purged":[],"score":310,"play_id":"21afe956-c010-4896-886f-bfcc4f894962","local_time":"20210104200903","is_ascension_mode":true,"campfire_choices":[{"floor":6.0,"key":"REST"},{"data":"Defragment","floor":11.0,"key":"SMITH"},{"data":"Chaos","floor":15,"key":"SMITH"},{"data":"Chaos","floor":23,"key":"SMITH"}],"circlet_count":0,"master_deck":["Strike_B+1","Strike_B","Defend_B","Defend_B","Defend_B","Defend_B","Zap","Dualcast+1","Defragment+1","Echo Form","Storm","Recycle","Defragment","Chaos+1","Compile Driver+1","Thunder Strike+1","Chaos+1"],"relics":["Cracked Core","Meat on the Bone","Molten Egg 2","Shuriken","Bronze Scales","Strawberry","Inserter"],"acts_visited":["Exordium","TheCity"],"potions_floor_usage":[14,14,14,24,24],"damage_taken":[{"damage":4.0,"enemies":"Jaw Worm","floor":1.0,"turns":3.0},{"damage":10.0,"enemies":"2 Louse","floor":3.0,"turns":2.0},{"damage":10.0,"enemies":"Lagavulin","floor":7.0,"turns":7.0},{"damage":20.0,"enemies":"3 Sentries","floor":10.0,"turns":6.0},{"damage":1.0,"enemies":"Cultist","floor":12.0,"turns":3.0},{"damage":9.0,"enemies":"2 Fungi Beasts","floor":13.0,"turns":3.0},{"damage":16,"enemies":"Gremlin Nob","floor":14,"turns":3},{"damage":33,"enemies":"Slime Boss","floor":16,"turns":7},{"damage":11,"enemies":"3 Byrds","floor":18,"turns":3},{"damage":9,"enemies":"Chosen","floor":19,"turns":4},{"damage":22,"enemies":"Snake Plant","floor":20,"turns":5},{"damage":38,"enemies":"Gremlin Leader","floor":24,"turns":4}],"seed_played":"60641175136909405","potions_obtained":[{"floor":1.0,"key":"EntropicBrew"},{"floor":10.0,"key":"FearPotion"},{"floor":12.0,"key":"Fire Potion"},{"floor":19,"key":"CultistPotion"},{"floor":20,"key":"BlessingOfTheForge"}],"is_trial":false,"path_per_floor":["M","?","M","?","$","R","E","?","T","E","R","M","M","E","R","B",null,"M","M","M","?","?","R","E"],"character_chosen":"DEFECT","items_purchased":["Echo Form"],"campfire_rested":1,"item_purchase_floors":[5],"current_hp_per_floor":[64,49,39,32,32,54,44,44,44,36,36,47,38,41,41,20,67,56,47,37,37,37,37,0,0],"gold":327,"neow_bonus":"HUNDRED_GOLD","is_daily":false,"chose_seed":false,"campfire_upgraded":3,"win_rate":0.0,"timestamp":1609787343,"path_taken":["M","?","M","?","$","R","E","?","T","E","R","M","M","E","R","BOSS","M","?","M","?","?","R","E"],"items_purchased_type":["Card"],"build_version":"2020-12-22","purchased_purges":0,"victory":false,"max_hp_per_floor":[75,75,75,75,75,75,75,75,75,75,75,75,75,82,82,82,82,82,82,82,82,82,82,82,82],"card_choices":[{"not_picked":["Rebound","Stack"],"picked":"Defragment","floor":1.0},{"not_picked":["Skim","Coolheaded","Turbo"],"picked":"SKIP","floor":3.0},{"not_picked":["Darkness","Rebound+1"],"picked":"Storm","floor":7.0},{"not_picked":["Hologram","Streamline+1"],"picked":"Defragment","floor":10.0},{"not_picked":["Turbo","Sunder+1"],"picked":"Chaos","floor":12.0},{"not_picked":["Gash+1","Ball Lightning+1"],"picked":"Compile Driver+1","floor":13.0},{"not_picked":["Recycle","Leap","Turbo"],"picked":"SKIP","floor":14},{"not_picked":["Echo Form","Hyperbeam+1"],"picked":"Thunder Strike+1","floor":16},{"not_picked":["Scrape+1","Recycle"],"picked":"Chaos","floor":18},{"not_picked":["Go for the Eyes+1","Beam Cell+1","Steam+1"],"picked":"SKIP","floor":19},{"not_picked":["Reinforced Body","Steam","Compile Driver+1"],"picked":"SKIP","floor":20}],"player_experience":366937,"relics_obtained":[{"floor":7.0,"key":"Molten Egg 2"},{"floor":9.0,"key":"Shuriken"},{"floor":10.0,"key":"Bronze Scales"},{"floor":14,"key":"Strawberry"}],"event_choices":[{"damage_healed":0.0,"max_hp_gain":0.0,"max_hp_loss":0.0,"gold_gain":0.0,"event_name":"Shining Light","player_choice":"Entered Light","floor":2.0,"gold_loss":0.0,"damage_taken":15.0,"cards_upgraded":["Strike_B","Dualcast"]},{"damage_healed":0.0,"max_hp_gain":0.0,"max_hp_loss":0.0,"gold_gain":0.0,"event_name":"Scrap Ooze","player_choice":"Success","floor":4.0,"gold_loss":0.0,"damage_taken":7.0,"relics_obtained":["Meat on the Bone"]},{"damage_healed":0.0,"max_hp_gain":0.0,"max_hp_loss":0.0,"gold_gain":0.0,"cards_transformed":["Strike_B"],"event_name":"Transmorgrifier","player_choice":"Transformed","floor":8.0,"gold_loss":0.0,"damage_taken":0.0,"cards_obtained":["Recycle"]},{"cards_removed":["Strike_B"],"damage_healed":0,"gold_gain":0,"player_choice":"Elegance","damage_taken":0,"max_hp_gain":0,"max_hp_loss":0,"event_name":"Back to Basics","floor":21,"gold_loss":0},{"damage_healed":0,"gold_gain":0,"player_choice":"Ignored","damage_taken":0,"max_hp_gain":0,"max_hp_loss":0,"event_name":"Cursed Tome","floor":22,"gold_loss":0}],"is_beta":false,"boss_relics":[{"not_picked":["Ectoplasm","Pandora\u0027s Box"],"picked":"Inserter"}],"items_purged_floors":[],"is_endless":false,"potions_floor_spawned":[1,10,12,13,19,20],"killed_by":"Gremlin Leader","ascension_level":9}}