{"host":"p1xsuo25udtrkbq2","time":1609731549,"event":{"mods":["BaseMod","Colored Map","Minty Spire (QoL Compilation)","Rare Cards Sparkle","Relic Stats","Slay the Relics Exporter","StSLib","everything is the same but u backflip on backflip"],"gold_per_floor":[116,131,4,19,36,36,70,70,115,115,150,150,184,129,129,201,201,216,216,235,48,48,48,77,90,114,114,131,163,163,194,194,268,268,288,288,288,288,306,331,346,346,346,346,379,395,395,424,424,424,424,424,16,42,42],"floor_reached":56,"playtime":7138,"items_purged":["Parasite"],"score":2147,"play_id":"89cdf4e3-2bec-489d-8b55-af0ab1733d28","local_time":"20210103223909","is_ascension_mode":true,"campfire_choices":[{"data":"Neutralize","floor":6.0,"key":"SMITH"},{"data":"Finisher","floor":8.0,"key":"SMITH"},{"floor":10.0,"key":"REST"},{"data":"Caltrops","floor":12.0,"key":"SMITH"},{"data":"Bouncing Flask","floor":15.0,"key":"SMITH"},{"floor":23.0,"key":"REST"},{"data":"Noxious Fumes","floor":27.0,"key":"SMITH"},{"floor":32.0,"key":"DIG"},{"data":"1","floor":42.0,"key":"LIFT"},{"data":"2","floor":47.0,"key":"LIFT"},{"floor":49.0,"key":"RECALL"},{"data":"Night Terror","floor":52,"key":"SMITH"}],"circlet_count":0,"master_deck":["AscendersBane","Strike_G","Defend_G","Defend_G","Defend_G","Defend_G","Defend_G","Survivor","Neutralize+1","Finisher+1","Caltrops+1","Backflip","Slice","Bouncing Flask+1","Adrenaline","Crippling Poison+1","Cloak And Dagger+1","Eviscerate+1","Thinking Ahead","Noxious Fumes+1","Accuracy","Blade Dance","Adrenaline","CurseOfTheBell","PiercingWail","Backflip+1","Cloak And Dagger+1","Night Terror+1","Blade Dance","Caltrops"],"relics":["Ring of the Snake","Dead Branch","White Beast Statue","Bag of Preparation","Juzu Bracelet","Mummified Hand","Astrolabe","Nunchaku","Regal Pillow","Shovel","Singing Bowl","Meat on the Bone","Calling Bell","Bag of Marbles","Ornamental Fan","Girya","Smiling Mask","Eternal Feather","MealTicket","Lizard Tail","Boot"],"acts_visited":["Exordium","TheCity","TheBeyond","TheEnding"],"potions_floor_usage":[55,55],"damage_taken":[{"damage":2.0,"enemies":"Small Slimes","floor":1.0,"turns":4.0},{"damage":4.0,"enemies":"Jaw Worm","floor":2.0,"turns":4.0},{"damage":0.0,"enemies":"Cultist","floor":4.0,"turns":3.0},{"damage":0.0,"enemies":"Exordium Wildlife","floor":5.0,"turns":3.0},{"damage":28.0,"enemies":"Gremlin Nob","floor":7.0,"turns":4.0},{"damage":9.0,"enemies":"Lagavulin","floor":11.0,"turns":5.0},{"damage":10.0,"enemies":"3 Sentries","floor":13.0,"turns":5.0},{"damage":17.0,"enemies":"Hexaghost","floor":16.0,"turns":9.0},{"damage":12.0,"enemies":"Shell Parasite","floor":18.0,"turns":4.0},{"damage":11.0,"enemies":"3 Byrds","floor":20.0,"turns":4.0},{"damage":0.0,"enemies":"Slavers","floor":24.0,"turns":2.0},{"damage":6.0,"enemies":"3 Cultists","floor":25.0,"turns":3.0},{"damage":0.0,"enemies":"Centurion and Healer","floor":28.0,"turns":2.0},{"damage":0.0,"enemies":"Gremlin Leader","floor":29.0,"turns":1.0},{"damage":7.0,"enemies":"Book of Stabbing","floor":31.0,"turns":3.0},{"damage":25.0,"enemies":"Collector","floor":33.0,"turns":7.0},{"damage":0.0,"enemies":"3 Darklings","floor":35.0,"turns":3.0},{"damage":0.0,"enemies":"Orb Walker","floor":39.0,"turns":2.0},{"damage":18.0,"enemies":"Reptomancer","floor":40.0,"turns":5.0},{"damage":0.0,"enemies":"4 Shapes","floor":41.0,"turns":3.0},{"damage":0.0,"enemies":"Giant Head","floor":45.0,"turns":1.0},{"damage":0.0,"enemies":"Spire Growth","floor":46.0,"turns":3.0},{"damage":19.0,"enemies":"Reptomancer","floor":48.0,"turns":5.0},{"damage":46.0,"enemies":"Time Eater","floor":50.0,"turns":10.0},{"damage":14,"enemies":"Shield and Spear","floor":54,"turns":4},{"damage":103,"enemies":"The Heart","floor":55,"turns":8}],"seed_played":"-1082914628718105332","potions_obtained":[{"floor":4.0,"key":"LiquidBronze"},{"floor":7.0,"key":"ColorlessPotion"},{"floor":11.0,"key":"DistilledChaos"},{"floor":13.0,"key":"Explosive Potion"},{"floor":16.0,"key":"LiquidBronze"},{"floor":20.0,"key":"Fire Potion"},{"floor":24.0,"key":"DuplicationPotion"},{"floor":25.0,"key":"SmokeBomb"},{"floor":28.0,"key":"EssenceOfSteel"},{"floor":31.0,"key":"DistilledChaos"},{"floor":33.0,"key":"FearPotion"},{"floor":35.0,"key":"Block Potion"},{"floor":38.0,"key":"DuplicationPotion"},{"floor":40.0,"key":"Strength Potion"},{"floor":41.0,"key":"Weak Potion"},{"floor":46.0,"key":"Fire Potion"},{"floor":48.0,"key":"LiquidMemories"},{"floor":54,"key":"EssenceOfSteel"}],"is_trial":false,"path_per_floor":["M","M","$","M","M","R","E","R","T","R","E","R","E","?","R","B",null,"M","?","M","$","?","R","E","M","T","R","M","E","?","E","R","B",null,"M","?","?","?","M","E","M","R","T","?","E","M","R","E","R","B",null,"R","$","E","B",null],"character_chosen":"THE_SILENT","items_purchased":["Poison Potion","Thinking Ahead","Lizard Tail","Blade Dance","LiquidBronze"],"campfire_rested":2,"item_purchase_floors":[3,21,53,53,53],"current_hp_per_floor":[57,53,53,53,53,53,25,25,25,43,34,34,24,24,24,7,49,37,37,26,26,26,44,44,38,38,38,38,38,38,33,33,20,54,54,54,54,54,56,38,38,38,38,38,40,42,57,40,55,21,58,70,70,56,18],"gold":42,"neow_bonus":"ONE_RARE_RELIC","is_daily":false,"chose_seed":false,"campfire_upgraded":6,"win_rate":0.0,"timestamp":1609731549,"path_taken":["M","M","$","M","M","R","E","R","T","R","E","R","E","?","R","BOSS","M","?","M","$","?","R","E","M","T","R","M","E","?","E","R","BOSS","M","?","?","?","M","E","M","R","T","?","E","M","R","E","R","BOSS","R","$","E","BOSS"],"items_purchased_type":["Potion","Card","Relic","Card","Potion"],"build_version":"2020-12-22","purchased_purges":1,"victory":true,"max_hp_per_floor":[66,66,63,63,63,63,63,63,63,63,63,63,63,63,63,63,63,63,63,63,63,63,63,63,63,63,63,63,63,63,65,65,65,65,65,65,62,62,64,64,64,64,64,64,66,68,68,70,70,70,70,70,70,70,70],"relic_stats":{"Regal Pillow":0,"Singing Bowl":10,"counters":[26,107],"Dead Branch":[242],"Astrolabe":["Crippling Poison","Cloak And Dagger","Eviscerate"],"Eternal Feather":42,"Bag of Preparation":[42],"Juzu Bracelet":2,"Smiling Mask":0,"Boot":[1],"Nunchaku":[24],"Lizard Tail":35,"Shovel":1,"Mummified Hand":[75],"Ornamental Fan":[164],"MealTicket":0,"obtain_stats":[{"Girya":34,"Regal Pillow":26,"Singing Bowl":31,"Dead Branch":0,"Astrolabe":17,"Eternal Feather":45,"Bag of Preparation":9,"Juzu Bracelet":11,"Smiling Mask":40,"Boot":54,"White Beast Statue":7,"Calling Bell":34,"Nunchaku":24,"Lizard Tail":53,"Shovel":29,"Mummified Hand":13,"Ornamental Fan":34,"MealTicket":48,"Bag of Marbles":34,"Ring of the Snake":0,"Meat on the Bone":32},{"Girya":16,"Regal Pillow":12,"Singing Bowl":15,"Dead Branch":0,"Astrolabe":8,"Eternal Feather":21,"Bag of Preparation":5,"Juzu Bracelet":6,"Smiling Mask":19,"Boot":25,"White Beast Statue":5,"Calling Bell":16,"Nunchaku":11,"Lizard Tail":24,"Shovel":14,"Mummified Hand":7,"Ornamental Fan":16,"MealTicket":23,"Bag of Marbles":16,"Ring of the Snake":0,"Meat on the Bone":15},{"Girya":63,"Regal Pillow":50,"Singing Bowl":56,"Dead Branch":0,"Astrolabe":37,"Eternal Feather":77,"Bag of Preparation":18,"Juzu Bracelet":23,"Smiling Mask":73,"Boot":99,"White Beast Statue":18,"Calling Bell":63,"Nunchaku":47,"Lizard Tail":95,"Shovel":53,"Mummified Hand":28,"Ornamental Fan":63,"MealTicket":85,"Bag of Marbles":63,"Ring of the Snake":0,"Meat on the Bone":56}],"Ring of the Snake":[52],"Meat on the Bone":36},"card_choices":[{"not_picked":["Reflex","Flying Knee"],"picked":"Dagger Spray","floor":1.0},{"not_picked":["Dagger Spray","All Out Attack"],"picked":"Finisher","floor":2.0},{"not_picked":["Flying Knee","Quick Slash"],"picked":"Caltrops","floor":4.0},{"not_picked":["Dagger Spray","Accuracy","Distraction"],"picked":"SKIP","floor":5.0},{"not_picked":["Setup","Quick Slash"],"picked":"Backflip","floor":7.0},{"not_picked":["Poisoned Stab","Backflip"],"picked":"Slice","floor":11.0},{"not_picked":["Acrobatics","Deflect"],"picked":"Bouncing Flask","floor":13.0},{"not_picked":["Venomology","Corpse Explosion"],"picked":"Adrenaline","floor":16.0},{"not_picked":["Slice","Finisher","Heel Hook"],"picked":"SKIP","floor":18.0},{"not_picked":["Sucker Punch+1","Prepared","Dagger Spray"],"picked":"SKIP","floor":20.0},{"not_picked":["Underhanded Strike","Sucker Punch"],"picked":"Noxious Fumes","floor":24.0},{"not_picked":["Eviscerate","Crippling Poison","Sucker Punch"],"picked":"SKIP","floor":25.0},{"not_picked":["Bane","Heel Hook+1"],"picked":"Accuracy","floor":28.0},{"not_picked":["Heel Hook","Bouncing Flask+1"],"picked":"Blade Dance","floor":29.0},{"not_picked":["All Out Attack+1","Sucker Punch","Dagger Spray"],"picked":"Singing Bowl","floor":31.0},{"not_picked":["Doppelganger","Malaise"],"picked":"Adrenaline","floor":33.0},{"not_picked":["All Out Attack","Dagger Throw"],"picked":"PiercingWail","floor":35.0},{"not_picked":["Crippling Poison","Dagger Spray","Distraction"],"picked":"Singing Bowl","floor":39.0},{"not_picked":["Leg Sweep","Doppelganger"],"picked":"Backflip+1","floor":40.0},{"not_picked":["Infinite Blades","Dagger Throw"],"picked":"Cloak And Dagger+1","floor":41.0},{"not_picked":["Phantasmal Killer","Dagger Spray+1","Backflip"],"picked":"Singing Bowl","floor":45.0},{"not_picked":["Riddle With Holes","Outmaneuver","Eviscerate+1"],"picked":"Singing Bowl","floor":46.0},{"not_picked":["Acrobatics","Flying Knee+1","Underhanded Strike+1"],"picked":"Singing Bowl","floor":48.0},{"not_picked":["Masterful Stab+1","Prepared"],"picked":"Caltrops","floor":54}],"player_experience":849084,"relics_obtained":[{"floor":7.0,"key":"White Beast Statue"},{"floor":9.0,"key":"Bag of Preparation"},{"floor":11.0,"key":"Juzu Bracelet"},{"floor":13.0,"key":"Mummified Hand"},{"floor":24.0,"key":"Nunchaku"},{"floor":26.0,"key":"Regal Pillow"},{"floor":29.0,"key":"Shovel"},{"floor":31.0,"key":"Singing Bowl"},{"floor":32.0,"key":"Meat on the Bone"},{"floor":34.0,"key":"Bag of Marbles"},{"floor":34.0,"key":"Ornamental Fan"},{"floor":34.0,"key":"Girya"},{"floor":40.0,"key":"Smiling Mask"},{"floor":45.0,"key":"Eternal Feather"},{"floor":48.0,"key":"MealTicket"},{"floor":54,"key":"Boot"}],"event_choices":[{"damage_healed":0.0,"max_hp_gain":0.0,"max_hp_loss":0.0,"gold_gain":0.0,"event_name":"World of Goop","player_choice":"Left Gold","floor":14.0,"gold_loss":55.0,"damage_taken":0.0},{"cards_removed":["Strike_G"],"damage_healed":0.0,"max_hp_gain":0.0,"max_hp_loss":0.0,"gold_gain":0.0,"event_name":"Purifier","player_choice":"Purged","floor":19.0,"gold_loss":0.0,"damage_taken":0.0},{"damage_healed":0.0,"max_hp_gain":0.0,"max_hp_loss":0.0,"gold_gain":0.0,"event_name":"The Mausoleum","player_choice":"Ignored","floor":22.0,"gold_loss":0.0,"damage_taken":0.0},{"damage_healed":0.0,"max_hp_gain":0.0,"max_hp_loss":0.0,"gold_gain":0.0,"event_name":"Beggar","player_choice":"Ignored","floor":30.0,"gold_loss":0.0,"damage_taken":0.0},{"cards_removed":["Dagger Spray"],"damage_healed":0.0,"max_hp_gain":0.0,"max_hp_loss":0.0,"gold_gain":0.0,"event_name":"Falling","player_choice":"Removed Attack","floor":36.0,"gold_loss":0.0,"damage_taken":0.0},{"damage_healed":0.0,"max_hp_gain":0.0,"max_hp_loss":3.0,"gold_gain":0.0,"event_name":"Winding Halls","player_choice":"Max HP","floor":37.0,"gold_loss":0.0,"damage_taken":0.0},{"damage_healed":0.0,"max_hp_gain":0.0,"max_hp_loss":0.0,"gold_gain":0.0,"event_name":"Lab","player_choice":"Got Potions","floor":38.0,"gold_loss":0.0,"damage_taken":0.0},{"damage_healed":0.0,"max_hp_gain":0.0,"max_hp_loss":0.0,"gold_gain":0.0,"event_name":"Match and Keep!","player_choice":"1 cards matched","floor":44.0,"gold_loss":0.0,"damage_taken":0.0,"cards_obtained":["Night Terror"]}],"is_beta":false,"boss_relics":[{"not_picked":["Velvet Choker","Runic Pyramid"],"picked":"Astrolabe"},{"not_picked":["Busted Crown","Runic Dome"],"picked":"Calling Bell"}],"items_purged_floors":[3],"is_endless":false,"potions_floor_spawned":[4,5,7,11,13,16,18,20,24,25,28,29,31,33,35,39,40,41,45,46,48,54],"ascension_level":15}}