{"host":"dntw6kil9p09eemm","time":1609771893,"event":{"mods":["AchievementEnabler","Alarm Clock","BaseMod","Become a monster €›?Œ÷","Minty Spire (QoL Compilation)","Permanent Neow","Shop Mod","StSLib"],"gold_per_floor":[99,114,132,148,163,178,206,206,239,265,265,285,460,460,460,460,460,460],"floor_reached":17,"playtime":2686,"items_purged":[],"score":142,"play_id":"47f9fe68-c9c9-4667-80b8-b208f3551711","local_time":"20210104235133","is_ascension_mode":false,"campfire_choices":[{"floor":8,"key":"REST"},{"data":"Zap","floor":11,"key":"SMITH"},{"floor":16,"key":"REST"}],"circlet_count":0,"master_deck":["Strike_B","Strike_B","Strike_B","Strike_B","Defend_B","Defend_B","Defend_B","Defend_B","Zap+1","Dualcast","Conserve Battery","Turbo","Melter","Rebound","Redo","Redo","Doubt"],"relics":["Cracked Core","Centennial Puzzle","Eternal Feather","Oddly Smooth Stone","Happy Flower","Golden Idol"],"acts_visited":["Exordium"],"potions_floor_usage":[7,9,17],"damage_taken":[{"damage":0,"enemies":"3 Shapes","floor":2,"turns":1},{"damage":0,"enemies":"2 Louse","floor":3,"turns":2},{"damage":3,"enemies":"Small Slimes","floor":4,"turns":4},{"damage":1,"enemies":"3 Louse","floor":5,"turns":5},{"damage":9,"enemies":"Large Slime","floor":6,"turns":7},{"damage":28,"enemies":"Lagavulin","floor":7,"turns":6},{"damage":12,"enemies":"Gremlin Nob","floor":9,"turns":4},{"damage":7,"enemies":"Blue Slaver","floor":12,"turns":3},{"damage":57,"enemies":"Hexaghost","floor":17,"turns":11}],"seed_played":"-736676544680810269","potions_obtained":[{"floor":2,"key":"DistilledChaos"},{"floor":5,"key":"EssenceOfSteel"},{"floor":6,"key":"Fire Potion"}],"is_trial":false,"path_per_floor":["M","M","M","M","M","M","E","R","E","T","R","M","?","?","?","R","B"],"character_chosen":"DEFECT","items_purchased":[],"campfire_rested":2,"item_purchase_floors":[],"current_hp_per_floor":[75,75,75,72,71,62,34,56,44,44,53,46,46,28,28,57,0,0],"gold":460,"neow_bonus":"THREE_CARDS","is_daily":false,"chose_seed":false,"campfire_upgraded":1,"win_rate":0.0,"timestamp":1609771893,"path_taken":["M","M","M","M","M","E","R","E","T","R","M","?","?","?","R","BOSS"],"items_purchased_type":[],"build_version":"2020-12-22","purchased_purges":0,"victory":false,"max_hp_per_floor":[75,75,75,75,75,75,75,75,75,75,75,75,75,75,69,69,69,69],"card_choices":[{"not_picked":["Gash","Steam"],"picked":"Conserve Battery","floor":0},{"not_picked":["Fusion","Stack","Compile Driver"],"picked":"SKIP","floor":2},{"not_picked":["Steam","Gash"],"picked":"Turbo","floor":3},{"not_picked":["Streamline","Leap","Cold Snap"],"picked":"SKIP","floor":4},{"not_picked":["Biased Cognition","Barrage","Streamline"],"picked":"SKIP","floor":5},{"not_picked":["Static Discharge","Coolheaded"],"picked":"Melter","floor":6},{"not_picked":["Genetic Algorithm","Steam"],"picked":"Rebound","floor":7},{"not_picked":["Gash","Meteor Strike"],"picked":"Redo","floor":9},{"not_picked":["Gash","Scrape"],"picked":"Redo","floor":12}],"player_experience":166865,"relics_obtained":[{"floor":7,"key":"Centennial Puzzle"},{"floor":9,"key":"Eternal Feather"},{"floor":10,"key":"Oddly Smooth Stone"}],"event_choices":[{"damage_healed":0,"gold_gain":175,"player_choice":"AGREE","damage_taken":0,"max_hp_gain":0,"max_hp_loss":0,"event_name":"Liars Game","floor":13,"gold_loss":0,"cards_obtained":["Doubt"]},{"damage_healed":0,"gold_gain":0,"player_choice":"Success","damage_taken":18,"relics_obtained":["Happy Flower"],"max_hp_gain":0,"max_hp_loss":0,"event_name":"Scrap Ooze","floor":14,"gold_loss":0},{"damage_healed":0,"gold_gain":0,"player_choice":"Lose Max HP","damage_taken":0,"relics_obtained":["Golden Idol"],"max_hp_gain":0,"max_hp_loss":6,"event_name":"Golden Idol","floor":15,"gold_loss":0}],"is_beta":false,"boss_relics":[],"items_purged_floors":[],"is_endless":false,"potions_floor_spawned":[2,5,6],"killed_by":"Hexaghost","ascension_level":0}}