{"host":"hzhtv7n0nkrnil9f","time":1609768077,"event":{"mods":["AchievementEnabler","BaseMod","Colored Map","Minty Spire (QoL Compilation)","Permanent Neow","Quick Restart"],"gold_per_floor":[113,113,38,38,48,74,74,101,124,135,165,183,214,225,225,325,325,340,253,269,544,101,101,101],"floor_reached":23,"playtime":2648,"items_purged":["Defend_B","Strike_B","Regret"],"score":296,"play_id":"713a2b3f-9e8f-48fb-86e7-51a81f204d75","local_time":"20210104144757","is_ascension_mode":true,"campfire_choices":[{"data":"Buffer","floor":7.0,"key":"SMITH"},{"data":"Force Field","floor":15.0,"key":"SMITH"}],"circlet_count":0,"master_deck":["Strike_B","Defend_B","Defend_B","Zap","Dualcast","Leap","Reprogram","Auto Shields","Redo","Turbo","Buffer+1","Seek","Force Field+1","Glacier","Meteor Strike","Defragment","Double Energy","Chill","Master of Strategy","Steam Power"],"relics":["Cracked Core","Ancient Tea Set","Smiling Mask","Tiny Chest","White Beast Statue","Lizard Tail","Fusion Hammer","Strange Spoon"],"acts_visited":["Exordium","TheCity"],"potions_floor_usage":[23],"damage_taken":[{"damage":2.0,"enemies":"Jaw Worm","floor":1.0,"turns":3.0},{"damage":3.0,"enemies":"2 Louse","floor":5.0,"turns":3.0},{"damage":21.0,"enemies":"Lagavulin","floor":6.0,"turns":9.0},{"damage":6.0,"enemies":"3 Sentries","floor":8.0,"turns":9.0},{"damage":0.0,"enemies":"Cultist","floor":10.0,"turns":4.0},{"damage":0.0,"enemies":"Lagavulin","floor":11.0,"turns":9.0},{"damage":0.0,"enemies":"Gremlin Gang","floor":12.0,"turns":3.0},{"damage":0.0,"enemies":"Gremlin Nob","floor":13.0,"turns":4.0},{"damage":1.0,"enemies":"3 Louse","floor":14.0,"turns":5.0},{"damage":15.0,"enemies":"The Guardian","floor":16.0,"turns":8.0},{"damage":7.0,"enemies":"Shell Parasite","floor":18.0,"turns":14.0},{"damage":0.0,"enemies":"Spheric Guardian","floor":20.0,"turns":8.0},{"damage":85,"enemies":"Gremlin Leader","floor":23,"turns":7}],"seed_played":"4620286723935219224","potions_obtained":[{"floor":6.0,"key":"BlessingOfTheForge"},{"floor":8.0,"key":"Explosive Potion"},{"floor":10.0,"key":"DuplicationPotion"},{"floor":12.0,"key":"FocusPotion"},{"floor":13.0,"key":"Strength Potion"},{"floor":14.0,"key":"PowerPotion"},{"floor":16.0,"key":"PowerPotion"},{"floor":18.0,"key":"Dexterity Potion"}],"is_trial":false,"path_per_floor":["M","?","$","?","M","E","R","E","T","M","E","M","E","M","R","B",null,"M","$","M","?","$","E"],"character_chosen":"DEFECT","items_purchased":["Double Energy","Master of Strategy","Strange Spoon","Steam Power"],"campfire_rested":0,"item_purchase_floors":[19,22,22,22],"current_hp_per_floor":[73,73,73,73,70,49,49,43,43,43,43,43,43,42,42,27,75,68,68,68,68,68,26,26],"gold":101,"neow_bonus":"TRANSFORM_TWO_CARDS","is_daily":false,"chose_seed":false,"campfire_upgraded":2,"win_rate":0.0,"timestamp":1609768077,"path_taken":["M","?","$","?","M","E","R","E","T","M","E","?","E","M","R","BOSS","M","$","?","?","$","E"],"items_purchased_type":["Card","Card","Relic","Card"],"build_version":"2020-12-22","purchased_purges":3,"victory":false,"max_hp_per_floor":[75,75,75,75,75,75,75,75,75,75,75,75,75,75,75,75,75,75,75,75,75,75,75,75],"card_choices":[{"not_picked":["Stack","Steam"],"picked":"Auto Shields","floor":1.0},{"not_picked":["Go for the Eyes","Gash"],"picked":"Turbo","floor":5.0},{"not_picked":["Leap","Storm"],"picked":"Buffer","floor":6.0},{"not_picked":["Rebound","Redo"],"picked":"Seek","floor":8.0},{"not_picked":["Undo","Sweeping Beam","Scrape"],"picked":"SKIP","floor":10.0},{"not_picked":["Doom and Gloom","FTL","Rip and Tear"],"picked":"SKIP","floor":11.0},{"not_picked":["Scrape","Cold Snap","Chaos"],"picked":"SKIP","floor":12.0},{"not_picked":["Cold Snap","Compile Driver"],"picked":"Force Field","floor":13.0},{"not_picked":["Fusion","Barrage"],"picked":"Glacier","floor":14.0},{"not_picked":["Fission","Multi-Cast"],"picked":"Meteor Strike","floor":16.0},{"not_picked":["Reinforced Body","Ball Lightning"],"picked":"Defragment","floor":18.0},{"not_picked":["Rebound","Lockon"],"picked":"Chill","floor":20.0}],"player_experience":255772,"relics_obtained":[{"floor":6.0,"key":"Ancient Tea Set"},{"floor":8.0,"key":"Smiling Mask"},{"floor":9.0,"key":"Tiny Chest"},{"floor":11.0,"key":"White Beast Statue"},{"floor":13.0,"key":"Lizard Tail"}],"event_choices":[{"cards_removed":["Normality"],"damage_healed":0.0,"max_hp_gain":0.0,"max_hp_loss":0.0,"gold_gain":0.0,"event_name":"Living Wall","player_choice":"Forget","floor":2.0,"gold_loss":0.0,"damage_taken":0.0},{"damage_healed":0.0,"max_hp_gain":0.0,"max_hp_loss":0.0,"gold_gain":0.0,"cards_transformed":["Defend_B"],"event_name":"Transmorgrifier","player_choice":"Transformed","floor":4.0,"gold_loss":0.0,"damage_taken":0.0,"cards_obtained":["Redo"]},{"damage_healed":0.0,"max_hp_gain":0.0,"max_hp_loss":0.0,"gold_gain":275.0,"event_name":"Golden Shrine","player_choice":"Desecrate","floor":21.0,"gold_loss":0.0,"damage_taken":0.0,"cards_obtained":["Regret"]}],"is_beta":false,"boss_relics":[{"not_picked":["FrozenCore","Black Star"],"picked":"Fusion Hammer"}],"items_purged_floors":[3,19,22],"is_endless":false,"potions_floor_spawned":[6,8,10,12,13,14,16,18,20],"killed_by":"Gremlin Leader","ascension_level":2}}