{"host":"28p8ce41sjwa6lzf","time":1609775496,"event":{"mods":["BaseMod","Colored Map","Colored Powertips","Highlight Path","Minty Spire (QoL Compilation)","Permanent Neow","Quick Restart","Random Character Button","Rare Cards Sparkle","Relic Stats","StSLib","Unceasing Turn Reminder"],"gold_per_floor":[114,389,314,82,102,135,145,145,145,145,50,82,92,108,108,181,181,194,212,44,63,63,63,63],"floor_reached":23,"playtime":1885,"items_purged":["Pain","Regret"],"score":402,"play_id":"d20f7e0c-90dd-4668-895b-4afbc002145c","local_time":"20210104095136","is_ascension_mode":true,"campfire_choices":[{"floor":8.0,"key":"REST"},{"data":"Dark Embrace","floor":10.0,"key":"SMITH"},{"floor":15.0,"key":"REST"}],"circlet_count":0,"master_deck":["AscendersBane","Strike_R","Strike_R","Defend_R","Defend_R","Defend_R","Defend_R","Bash","Havoc","Dark Embrace+1","True Grit","Shockwave","Juggernaut","Reckless Charge","Madness","Reaper","Bloodletting","Fiend Fire","Barricade+1","Reckless Charge+1","Second Wind+1","Seeing Red","Spot Weakness"],"relics":["Burning Blood","Dead Branch","Shovel","Champion Belt","Lizard Tail","Astrolabe","Lee\u0027s Waffle"],"acts_visited":["Exordium","TheCity"],"potions_floor_usage":[23],"damage_taken":[{"damage":28.0,"enemies":"Jaw Worm","floor":1.0,"turns":5.0},{"damage":0.0,"enemies":"Cultist","floor":5.0,"turns":3.0},{"damage":45.0,"enemies":"Lagavulin","floor":6.0,"turns":7.0},{"damage":5.0,"enemies":"Small Slimes","floor":7.0,"turns":4.0},{"damage":29.0,"enemies":"3 Sentries","floor":12.0,"turns":6.0},{"damage":19.0,"enemies":"3 Louse","floor":13.0,"turns":3.0},{"damage":11.0,"enemies":"Exordium Thugs","floor":14.0,"turns":3.0},{"damage":42.0,"enemies":"Slime Boss","floor":16.0,"turns":10.0},{"damage":42.0,"enemies":"3 Byrds","floor":18.0,"turns":7.0},{"damage":25.0,"enemies":"2 Thieves","floor":19.0,"turns":4.0},{"damage":38.0,"enemies":"Cultist and Chosen","floor":21.0,"turns":7.0},{"damage":89,"enemies":"Gremlin Leader","floor":23,"turns":8}],"seed_played":"1223549990913806217","potions_obtained":[{"floor":5.0,"key":"ElixirPotion"},{"floor":6.0,"key":"Block Potion"},{"floor":12.0,"key":"HeartOfIron"},{"floor":13.0,"key":"Dexterity Potion"},{"floor":16.0,"key":"Strength Potion"}],"is_trial":false,"path_per_floor":["M","?","$","$","M","E","M","R","T","R","$","E","M","M","R","B",null,"M","M","$","M","?","E"],"character_chosen":"IRONCLAD","items_purchased":["Dark Embrace","True Grit","Madness","Lee\u0027s Waffle"],"campfire_rested":2,"item_purchase_floors":[4,4,11,20],"current_hp_per_floor":[46,46,46,46,52,13,14,36,36,36,36,13,20,19,41,11,59,42,31,82,60,36,0,0],"gold":63,"neow_bonus":"ONE_RARE_RELIC","is_daily":false,"chose_seed":false,"campfire_upgraded":1,"win_rate":0.0,"timestamp":1609775496,"path_taken":["M","?","?","$","M","E","M","R","T","R","$","E","M","?","R","BOSS","M","M","$","M","?","E"],"items_purchased_type":["Card","Card","Card","Relic"],"build_version":"2020-12-22","purchased_purges":2,"victory":false,"max_hp_per_floor":[75,75,75,75,75,75,75,75,75,75,75,75,75,75,75,75,75,75,75,82,82,87,87,87],"relic_stats":{"Lizard Tail":43,"Lee\u0027s Waffle":51,"Shovel":0,"counters":[12,67],"Dead Branch":[153],"Astrolabe":["Barricade","Reckless Charge","Second Wind"],"Champion Belt":[16],"obtain_stats":[{"Lizard Tail":12,"Lee\u0027s Waffle":20,"Shovel":6,"Dead Branch":0,"Astrolabe":17,"Champion Belt":9,"Burning Blood":0},{"Lizard Tail":5,"Lee\u0027s Waffle":10,"Shovel":3,"Dead Branch":0,"Astrolabe":8,"Champion Belt":4,"Burning Blood":0},{"Lizard Tail":25,"Lee\u0027s Waffle":52,"Shovel":15,"Dead Branch":0,"Astrolabe":41,"Champion Belt":19,"Burning Blood":0}],"Burning Blood":66},"card_choices":[{"not_picked":["Anger","Flex"],"picked":"Havoc","floor":1.0},{"not_picked":["Pummel","True Grit"],"picked":"Shockwave","floor":5.0},{"not_picked":["Flex","Thunderclap"],"picked":"Juggernaut","floor":6.0},{"not_picked":["Body Slam","Cleave"],"picked":"Reckless Charge","floor":7.0},{"not_picked":["Havoc","Searing Blow"],"picked":"Reaper","floor":12.0},{"not_picked":["Rupture","Cleave"],"picked":"Bloodletting","floor":13.0},{"not_picked":["Headbutt","Twin Strike","Dual Wield"],"picked":"SKIP","floor":14.0},{"not_picked":["Berserk","Limit Break"],"picked":"Fiend Fire","floor":16.0},{"not_picked":["Metallicize","Flex","Sword Boomerang"],"picked":"SKIP","floor":18.0},{"not_picked":["Rampage","Twin Strike"],"picked":"Seeing Red","floor":19.0},{"not_picked":["Shrug It Off","Reckless Charge"],"picked":"Spot Weakness","floor":21.0}],"player_experience":1064014,"relics_obtained":[{"floor":6.0,"key":"Shovel"},{"floor":9.0,"key":"Champion Belt"},{"floor":12.0,"key":"Lizard Tail"}],"event_choices":[{"damage_healed":0.0,"max_hp_gain":0.0,"max_hp_loss":0.0,"gold_gain":275.0,"event_name":"Golden Shrine","player_choice":"Desecrate","floor":2.0,"gold_loss":0.0,"damage_taken":0.0,"cards_obtained":["Regret"]},{"damage_healed":0.0,"max_hp_gain":5.0,"max_hp_loss":0.0,"gold_gain":0.0,"event_name":"Forgotten Altar","player_choice":"Shed Blood","floor":22.0,"gold_loss":0.0,"damage_taken":29.0}],"is_beta":false,"boss_relics":[{"not_picked":["Snecko Eye","Philosopher\u0027s Stone"],"picked":"Astrolabe"}],"items_purged_floors":[3,4],"is_endless":false,"potions_floor_spawned":[5,6,12,13,16],"killed_by":"Gremlin Leader","ascension_level":20}}