{"host":"zcz0awyw9el3eccp","time":1609802699,"event":{"mods":["AchievementEnabler","BaseMod","Colored Powertips","Minty Spire (QoL Compilation)","Quick Restart"],"gold_per_floor":[118,118,136,149,74,102,112,112,185,185,52,83,2,33,33,135,135,148,148,130,5,5,5,5],"floor_reached":23,"playtime":1088,"items_purged":["Strike_G","Normality","Strike_G"],"score":217,"play_id":"cb6e70a0-e207-40aa-b4f8-d95fad1a7957","local_time":"20210105002459","is_ascension_mode":true,"campfire_choices":[{"floor":10,"key":"RECALL"},{"data":"Accuracy","floor":15,"key":"SMITH"}],"circlet_count":0,"master_deck":["Strike_G","Strike_G","Defend_G","Defend_G","Defend_G","Defend_G","Defend_G","Survivor","Neutralize","Blade Dance","Outmaneuver","Terror","Sucker Punch","Accuracy+1","Regret","Noxious Fumes","Cloak And Dagger","Noxious Fumes","Riddle With Holes","Bane+1","Flying Knee","Quick Slash","Deep Breath"],"relics":["Cursed Key","Mango","MealTicket","Oddly Smooth Stone","Lizard Tail","Black Star"],"acts_visited":["Exordium","TheCity"],"potions_floor_usage":[6,12],"damage_taken":[{"damage":0,"enemies":"2 Louse","floor":1,"turns":4},{"damage":0,"enemies":"Cultist","floor":3,"turns":4},{"damage":5,"enemies":"Jaw Worm","floor":4,"turns":4},{"damage":17,"enemies":"Gremlin Nob","floor":6,"turns":5},{"damage":1,"enemies":"3 Louse","floor":7,"turns":4},{"damage":25,"enemies":"3 Sentries","floor":12,"turns":8},{"damage":6,"enemies":"Lagavulin","floor":14,"turns":6},{"damage":17,"enemies":"Hexaghost","floor":16,"turns":8},{"damage":3,"enemies":"3 Byrds","floor":18,"turns":6},{"damage":21,"enemies":"2 Thieves","floor":20,"turns":4},{"damage":60,"enemies":"Slavers","floor":23,"turns":4}],"seed_played":"6664803605069682871","potions_obtained":[{"floor":1,"key":"Block Potion"},{"floor":4,"key":"LiquidBronze"},{"floor":7,"key":"FearPotion"},{"floor":20,"key":"Energy Potion"}],"is_trial":false,"path_per_floor":["M","?","M","M","$","E","M","?","T","R","$","E","$","E","R","B",null,"M","?","M","$","?","E"],"character_chosen":"THE_SILENT","items_purchased":["Noxious Fumes","Noxious Fumes"],"campfire_rested":0,"item_purchase_floors":[11,13],"current_hp_per_floor":[70,70,70,65,65,62,61,61,61,61,76,51,66,60,60,43,84,81,81,60,75,63,3,3],"gold":5,"neow_bonus":"BOSS_RELIC","is_daily":false,"chose_seed":false,"campfire_upgraded":1,"win_rate":0.0,"timestamp":1609802699,"path_taken":["M","?","M","M","$","E","?","?","T","R","$","E","$","E","R","BOSS","M","?","M","$","?","E"],"items_purchased_type":["Card","Card"],"build_version":"2020-12-22","purchased_purges":3,"victory":false,"max_hp_per_floor":[70,70,70,70,70,84,84,84,84,84,84,84,84,84,84,84,84,84,84,84,84,84,84,84],"card_choices":[{"not_picked":["Expertise","Predator"],"picked":"Blade Dance","floor":1},{"not_picked":["Prepared","PiercingWail"],"picked":"Outmaneuver","floor":3},{"not_picked":["Deflect","Backstab"],"picked":"Terror","floor":4},{"not_picked":["PiercingWail","Escape Plan"],"picked":"Sucker Punch","floor":6},{"not_picked":["Calculated Gamble","Distraction"],"picked":"Accuracy","floor":7},{"not_picked":["Sucker Punch","Flying Knee"],"picked":"Cloak And Dagger","floor":12},{"not_picked":["Backflip","Tactician"],"picked":"Riddle With Holes","floor":14},{"not_picked":["Blur","Dagger Spray"],"picked":"Bane+1","floor":18},{"not_picked":["Flechettes","Escape Plan+1"],"picked":"Quick Slash","floor":20}],"player_experience":71791,"relics_obtained":[{"floor":6,"key":"Mango"},{"floor":12,"key":"Oddly Smooth Stone"},{"floor":14,"key":"Lizard Tail"}],"event_choices":[{"cards_removed":["Strike_G"],"damage_healed":0,"gold_gain":0,"player_choice":"Purged","damage_taken":0,"max_hp_gain":0,"max_hp_loss":0,"event_name":"Purifier","floor":2,"gold_loss":0},{"damage_healed":0,"gold_gain":0,"player_choice":"Box","damage_taken":0,"relics_obtained":["MealTicket"],"max_hp_gain":0,"max_hp_loss":0,"event_name":"Big Fish","floor":8,"gold_loss":0,"cards_obtained":["Regret"]},{"damage_healed":0,"gold_gain":0,"player_choice":"Read","damage_taken":0,"max_hp_gain":0,"max_hp_loss":0,"event_name":"The Library","floor":19,"gold_loss":0,"cards_obtained":["Flying Knee"]},{"damage_healed":0,"gold_gain":0,"player_choice":"CARD ","damage_taken":12,"max_hp_gain":0,"max_hp_loss":0,"event_name":"Knowing Skull","floor":22,"potions_obtained":[],"gold_loss":0,"cards_obtained":["Deep Breath"]}],"is_beta":false,"boss_relics":[{"not_picked":["Busted Crown","WristBlade"],"picked":"Black Star"}],"items_purged_floors":[5,11,21],"is_endless":false,"potions_floor_spawned":[1,4,7,20],"killed_by":"Slavers","ascension_level":1}}