{"host":"sdjng9zhqonqi3uc","time":1609801557,"event":{"mods":["2.2 Compatiblity","AchievementEnabler","BaseMod","BetterRewards","Colored Powertips","Hero for Fun","Minty Spire (QoL Compilation)","Shop Mod","StSLib","Td1madao Mod","The Animator","The Cursed","The Servant 0.9.4"],"gold_per_floor":[23,23,44,44,57,113,113,149,175,188,206,206,186,211,211,337,337,360,404,429,429,441,453,465,465],"floor_reached":24,"playtime":1648,"items_purged":[],"score":319,"play_id":"7b26fbb3-8ed8-444c-8a50-78730ceaf5df","local_time":"20210105000557","is_ascension_mode":true,"campfire_choices":[{"floor":7,"key":"REST"},{"data":"animator:Hibiki","floor":12,"key":"SMITH"},{"floor":15,"key":"REST"},{"floor":23,"key":"REST"}],"circlet_count":0,"master_deck":["animator:AcuraAkari","animator:Gillette","animator:Hibiki+1","animator:Layla","animator:Guy","animator:Viivi","animator:AcuraAkari","animator:FeridBathory","animator:ElricEdward","animator:Scar","animator:RoryMercury","animator:Genos","animator:Sloth","animator:Bozes","animator:Layla","animator:Kuribayashi","Writhe"],"relics":["animator:LivingPicture","animator:TheMissingPiece","animator:PurgingStone","Golden Idol","Pear","Lantern","Unceasing Top","Strawberry","Pandora\u0027s Box","Red Mask","MawBank"],"acts_visited":["Exordium","TheCity"],"potions_floor_usage":[6,8,8,16,19,19,24],"damage_taken":[{"damage":0,"enemies":"Cultist","floor":1,"turns":2},{"damage":2,"enemies":"Jaw Worm","floor":3,"turns":3},{"damage":9,"enemies":"2 Louse","floor":5,"turns":3},{"damage":20,"enemies":"Gremlin Nob","floor":6,"turns":4},{"damage":7,"enemies":"Lagavulin","floor":8,"turns":5},{"damage":16,"enemies":"Lots of Slimes","floor":10,"turns":4},{"damage":9,"enemies":"Red Slaver","floor":11,"turns":3},{"damage":8,"enemies":"Blue Slaver","floor":14,"turns":3},{"damage":0,"enemies":"Slime Boss","floor":16,"turns":6},{"damage":11,"enemies":"Spheric Guardian","floor":18,"turns":3},{"damage":31,"enemies":"Masked Bandits","floor":19,"turns":4},{"damage":32,"enemies":"Shell Parasite","floor":20,"turns":4},{"damage":39,"enemies":"3 Cultists","floor":24,"turns":4}],"seed_played":"9044150376203874104","potions_obtained":[{"floor":1,"key":"Block Potion"},{"floor":3,"key":"Block Potion"},{"floor":6,"key":"Dexterity Potion"},{"floor":11,"key":"PowerPotion"},{"floor":13,"key":"animator:GrowthPotion"},{"floor":14,"key":"AttackPotion"},{"floor":18,"key":"Energy Potion"}],"is_trial":false,"path_per_floor":["M","?","M","T","M","E","R","E","T","M","M","R","?","M","R","B",null,"M","?","M","?","?","R","M"],"character_chosen":"THE_ANIMATOR","items_purchased":[],"campfire_rested":3,"item_purchase_floors":[],"current_hp_per_floor":[66,50,49,59,50,30,53,46,53,37,28,28,28,20,45,45,84,73,42,10,10,10,35,0,0],"gold":465,"neow_bonus":"RANDOM_COLORLESS_2","is_daily":false,"chose_seed":false,"campfire_upgraded":1,"win_rate":0.0,"timestamp":1609801557,"path_taken":["M","?","M","?","?","E","R","E","T","M","M","R","?","?","R","BOSS","M","?","M","?","?","R","?"],"items_purchased_type":[],"build_version":"2020-12-22","purchased_purges":0,"victory":false,"max_hp_per_floor":[66,66,67,77,77,77,77,77,84,84,84,84,84,84,84,84,84,84,84,84,84,84,84,84,84],"card_choices":[{"not_picked":["animator:HarukoHaruhara","animator:HououinKyouma"],"picked":"animator:Hibiki","floor":0},{"not_picked":["animator:GazelDwargon","animator:Shalltear"],"picked":"animator:Layla","floor":1},{"not_picked":["animator:RoryMercury","animator:Darkness"],"picked":"animator:Guy","floor":3},{"not_picked":["animator:Geryuganshoop","animator:Guy","animator:DolaCouronne"],"picked":"SKIP","floor":5},{"not_picked":["animator:Gillette","animator:Guy"],"picked":"animator:Viivi","floor":6},{"not_picked":["animator:Megumin","animator:Gillette","animator:Darkness"],"picked":"SKIP","floor":8},{"not_picked":["animator:Guy","animator:RoryMercury","animator:YaoHaDucy"],"picked":"SKIP","floor":10},{"not_picked":["animator:Mitsurugi","animator:Vanir"],"picked":"animator:AcuraAkari","floor":11},{"not_picked":["animator:Guren","animator:Elesis"],"picked":"animator:FeridBathory","floor":16},{"not_picked":["animator:Viivi","animator:Geryuganshoop+1","animator:Elsword"],"picked":"SKIP","floor":18},{"not_picked":["animator:ElricEdward","animator:Ciel","animator:PandorasActor"],"picked":"SKIP","floor":20}],"player_experience":262736,"relics_obtained":[{"floor":4,"key":"Pear"},{"floor":6,"key":"Lantern"},{"floor":8,"key":"Unceasing Top"},{"floor":9,"key":"Strawberry"},{"floor":19,"key":"Red Mask"}],"event_choices":[{"damage_healed":0,"gold_gain":0,"player_choice":"Take Damage","damage_taken":16,"relics_obtained":["Golden Idol"],"max_hp_gain":0,"max_hp_loss":0,"event_name":"Golden Idol","floor":2,"gold_loss":0},{"damage_healed":0,"gold_gain":0,"player_choice":"Bought 1 Potion","damage_taken":0,"max_hp_gain":0,"max_hp_loss":0,"event_name":"The Woman in Blue","floor":13,"gold_loss":0},{"damage_healed":0,"gold_gain":0,"player_choice":"Fought Bandits","damage_taken":0,"max_hp_gain":0,"max_hp_loss":0,"event_name":"Masked Bandits","floor":19,"gold_loss":0},{"damage_healed":0,"gold_gain":0,"player_choice":"Opened","damage_taken":0,"relics_obtained":["MawBank"],"max_hp_gain":0,"max_hp_loss":0,"event_name":"The Mausoleum","floor":21,"gold_loss":0,"cards_obtained":["Writhe"]},{"damage_healed":0,"gold_gain":0,"player_choice":"0 cards matched","damage_taken":0,"max_hp_gain":0,"max_hp_loss":0,"event_name":"Match and Keep!","floor":22,"gold_loss":0,"cards_obtained":[]}],"is_beta":false,"boss_relics":[{"not_picked":["animator:CursedBlade","Sozu"],"picked":"Pandora\u0027s Box"}],"items_purged_floors":[],"is_endless":false,"potions_floor_spawned":[1,3,6,11,14,18],"killed_by":"3 Cultists","ascension_level":3}}