{"host":"7trwizmysqu3yl6m","time":1609791498,"event":{"mods":["Act Like it!","BaseMod","Downfall","Hallownest","Minty Spire (QoL Compilation)","StSLib","The Animator","The Bug Knight"],"gold_per_floor":[99,112,129,141,141,44,68,84,84,97,123,123,158,173,186,288,288,138,148,148,148,148,148],"floor_reached":21,"playtime":1396,"items_purged":[],"score":191,"play_id":"511ba641-dac3-429a-a89e-e19a7dd01ef6","local_time":"20210104211818","is_ascension_mode":false,"campfire_choices":[{"data":"Slimebound:CorrosiveSpit","floor":1,"key":"SMITH"},{"data":"Slimebound:Split","floor":9,"key":"SMITH"},{"data":"Slimebound:OozeBath","floor":18,"key":"SMITH"}],"circlet_count":0,"master_deck":["Slimebound:Tackle","Slimebound:Split+1","Slimebound:CorrosiveSpit+1","Slimebound:LeechingTouch","Slimebound:RejuvenatingLick","Slimebound:LivingWall","Slimebound:LeechEnergy","Slimebound:LevelUp","Slimebound:LeechingTouch","Slimebound:Gluttony","Slimebound:OozeBath+1","Slimebound:LevelUp","Slimebound:GrowthPunch","Slimebound:Overexert","Slimebound:ComboTackle","Slimebound:Equalize","Slimebound:SlimeBarrage","Slimebound:GoopTackle","Slimebound:SlimeSpikes","Slimebound:MassFeed"],"relics":["Slimebound:AbsorbEndCombat","NeowsBlessing","Hallownest:DreamNailRelic","Bottled Tornado","Bag of Preparation","Pandora\u0027s Box","downfall:HeartBlessingGreen","downfall:HeartBlessingBlue"],"acts_visited":["Exordium","TheCity"],"potions_floor_usage":[13,14,16,16],"damage_taken":[{"damage":0,"enemies":"Hallownest:monsterHuskGuard","floor":2,"turns":1},{"damage":3,"enemies":"Hallownest:2_Tiktiks_and_1_Crawlid","floor":3,"turns":1},{"damage":0,"enemies":"Hallownest:2_Baldur","floor":4,"turns":2},{"damage":7,"enemies":"downfall:FleeingMerchant","floor":6,"turns":4},{"damage":12,"enemies":"Hallownest:MossCreep_and_Mosskin","floor":8,"turns":6},{"damage":28,"enemies":"Hallownest:1_Ooma_and_2_Uuma","floor":10,"turns":6},{"damage":36,"enemies":"Hallownest:eliteMossKnight","floor":11,"turns":8},{"damage":38,"enemies":"Hallownest:eliteCrystalGuardian","floor":13,"turns":6},{"damage":21,"enemies":"Hallownest:Guard_and_Warrior","floor":14,"turns":5},{"damage":25,"enemies":"Hallownest:monsterFoolEater","floor":15,"turns":4},{"damage":19,"enemies":"downfall:Ironclad","floor":16,"turns":6},{"damage":52,"enemies":"3 Byrds","floor":19,"turns":5},{"damage":49,"enemies":"Cultist and Chosen","floor":21,"turns":4}],"seed_played":"3228940799460544166","potions_obtained":[{"floor":8,"key":"Regen Potion"},{"floor":10,"key":"Strength Potion"},{"floor":11,"key":"AttackPotion"},{"floor":13,"key":"champ:CounterPotion"}],"is_trial":false,"path_per_floor":["R","M","M","M","?","$","T","M","R","M","E","?","E","M","M","B",null,"R","M","?","M"],"character_chosen":"SLIMEBOUND","items_purchased":["Slimebound:LevelUp"],"campfire_rested":0,"item_purchase_floors":[6],"current_hp_per_floor":[60,60,57,60,60,60,60,59,59,51,41,32,33,36,29,32,60,70,34,34,0,0,0],"gold":148,"neow_bonus":"THREE_ENEMY_KILL","is_daily":false,"chose_seed":false,"campfire_upgraded":3,"win_rate":0.0,"timestamp":1609791498,"path_taken":["R","M","M","M","?","?","T","M","R","?","E","?","E","M","M","BOSS","R","M","?","M"],"items_purchased_type":["Card"],"build_version":"2020-12-22","purchased_purges":0,"victory":false,"max_hp_per_floor":[60,60,60,60,60,60,60,60,60,60,60,60,60,60,60,60,60,70,70,70,70,70,70],"card_choices":[{"not_picked":["Slimebound:SamplingLick","Slimebound:Chomp"],"picked":"Slimebound:LeechingTouch","floor":2},{"not_picked":["Slimebound:ViciousTackle","Slimebound:Replication"],"picked":"Slimebound:RejuvenatingLick","floor":3},{"not_picked":["Slimebound:SlimeBarrage","Slimebound:SamplingLick"],"picked":"Slimebound:LivingWall","floor":4},{"not_picked":["Slimebound:SplitMire","Slimebound:GoopSpray"],"picked":"Slimebound:LeechEnergy","floor":6},{"not_picked":["Slimebound:SplitBruiser","Slimebound:SplitLeeching"],"picked":"Slimebound:LeechingTouch","floor":8},{"not_picked":["Slimebound:RollThrough","Slimebound:ComboTackle","Slimebound:PressTheAttack"],"picked":"SKIP","floor":10},{"not_picked":["Slimebound:SlimeSpikes","Slimebound:ItLooksTasty"],"picked":"Slimebound:Gluttony","floor":11},{"not_picked":["Slimebound:Dissolve","Slimebound:BestDefense"],"picked":"Slimebound:OozeBath","floor":13},{"not_picked":["Slimebound:SlimeSpikes","Slimebound:SplitAcid"],"picked":"Slimebound:LevelUp","floor":14},{"not_picked":["Slimebound:FinishingTackle","Slimebound:RejuvenatingLick"],"picked":"Slimebound:GrowthPunch","floor":15},{"not_picked":["Slimebound:WasteNot","Slimebound:SelfFormingGoo"],"picked":"Slimebound:Overexert","floor":16},{"not_picked":["Slimebound:GrowthPunch","Slimebound:ViciousTackle","Slimebound:SplitAcid"],"picked":"SKIP","floor":19}],"player_experience":388564,"relics_obtained":[{"floor":11,"key":"Bottled Tornado"},{"floor":13,"key":"Bag of Preparation"}],"event_choices":[{"cards_removed":["Slimebound:SlimeBarrage"],"damage_healed":0,"gold_gain":0,"player_choice":"Elegance","damage_taken":0,"max_hp_gain":0,"max_hp_loss":0,"event_name":"Back to Basics","floor":20,"gold_loss":0}],"is_beta":false,"boss_relics":[{"not_picked":["Velvet Choker","Black Star"],"picked":"Pandora\u0027s Box"}],"items_purged_floors":[],"is_endless":false,"potions_floor_spawned":[8,10,11,13],"killed_by":"Cultist and Chosen","ascension_level":0}}