{"host":"iimv3xr0scyjt3cx","time":1609798520,"event":{"mods":["BaseMod","Hermit","Minty Spire (QoL Compilation)","Replay The Spire","StSLib","The Bladedancer","The Bug Knight","The Cursed","The Judge","The Senshi","The Servant 0.9.4","The Wild Card"],"gold_per_floor":[119,119,129,149,149,180,196,230,230,230,243,0,33,33,33,134,134,148,148,148],"floor_reached":19,"playtime":1827,"items_purged":[],"score":187,"play_id":"befa91c3-f9e3-4e97-a258-d1aa9c910100","local_time":"20210104231520","is_ascension_mode":false,"campfire_choices":[{"data":"HollowMod:theNailsmith","floor":10,"key":"SMITH"},{"floor":15,"key":"REST"}],"circlet_count":0,"master_deck":["HollowMod:NailStrikeStart","HollowMod:NailStrikeStart","HollowMod:NailStrikeStart","HollowMod:NailStrikeStart","HollowMod:QuickDashStart","HollowMod:QuickDashStart","HollowMod:QuickDashStart","HollowMod:QuickDashStart","HollowMod:FocusHealStart","HollowMod:PogoStrike","HollowMod:HuntersJournal","HollowMod:MothsMistake","HollowMod:VengefulSpirit","HollowMod:CycloneSlash","HollowMod:SoulShaman","HollowMod:theNailsmith+1","HollowMod:SoulEater","HollowMod:DoubleDash","HollowMod:MidwifesHunger+1","HollowMod:SoulVessel"],"relics":["HollowMod:KingsSoulRelic","Eternal Feather","theSenshi:SailorFukuRelic","ReplayTheSpireMod:Ninjato","Golden Egg"],"acts_visited":["Exordium","TheCity"],"potions_floor_usage":[6,6,8],"damage_taken":[{"damage":2,"enemies":"Small Slimes","floor":1,"turns":7},{"damage":0,"enemies":"Jaw Worm","floor":3,"turns":4},{"damage":1,"enemies":"2 Louse","floor":4,"turns":4},{"damage":14,"enemies":"Lagavulin","floor":6,"turns":6},{"damage":9,"enemies":"2 Fungi Beasts","floor":7,"turns":3},{"damage":16,"enemies":"Gremlin Nob","floor":8,"turns":4},{"damage":7,"enemies":"Blue Slaver","floor":11,"turns":3},{"damage":39,"enemies":"Lagavulin","floor":13,"turns":8},{"damage":40,"enemies":"Fading Forest","floor":16,"turns":11},{"damage":42,"enemies":"Shell Parasite","floor":18,"turns":9},{"damage":71,"enemies":"Masked Bandits","floor":19,"turns":6}],"seed_played":"-6670203347094761672","potions_obtained":[{"floor":3,"key":"BlessingOfTheForge"},{"floor":4,"key":"SteroidPotion"},{"floor":7,"key":"FearPotion"}],"is_trial":false,"path_per_floor":["M","?","M","M","?","E","M","E","T","R","M","$","E","?","R","B",null,"M","?"],"character_chosen":"THE_BUGKNIGHT","items_purchased":["ReplayTheSpireMod:Ninjato"],"campfire_rested":1,"item_purchase_floors":[12],"current_hp_per_floor":[72,72,78,87,87,73,70,54,54,63,56,56,29,29,64,56,89,57,0,0],"gold":148,"neow_bonus":"TWENTY_PERCENT_HP_BONUS","is_daily":false,"chose_seed":false,"campfire_upgraded":1,"win_rate":0.0,"timestamp":1609798520,"path_taken":["M","?","M","M","?","E","M","E","T","R","?","$","E","?","R","BOSS","M","?"],"items_purchased_type":["Relic"],"build_version":"2020-12-22","purchased_purges":0,"victory":false,"max_hp_per_floor":[89,89,89,89,89,89,89,89,89,89,89,89,89,89,89,89,89,89,89,89],"card_choices":[{"not_picked":["HollowMod:DoubleDash","HollowMod:HeavyBlow"],"picked":"HollowMod:HuntersJournal","floor":1},{"not_picked":["HollowMod:HuntersJournal","HollowMod:HeavyBlow"],"picked":"HollowMod:MothsMistake","floor":3},{"not_picked":["HollowMod:DashSlash","HollowMod:InfectionAssault"],"picked":"HollowMod:VengefulSpirit","floor":4},{"not_picked":["HollowMod:ChannelNail","HollowMod:ShapeofUnn"],"picked":"HollowMod:CycloneSlash","floor":6},{"not_picked":["HollowMod:VengefulVoid","HollowMod:LifebloodCocoon"],"picked":"HollowMod:SoulShaman","floor":7},{"not_picked":["HollowMod:ChannelNail","HollowMod:GoodIntentions"],"picked":"HollowMod:theNailsmith","floor":8},{"not_picked":["HollowMod:CornifersMapStart","HollowMod:DoubleDash"],"picked":"HollowMod:SoulEater","floor":11},{"not_picked":["HollowMod:SoulStrike","HollowMod:SiblingsShadow"],"picked":"HollowMod:DoubleDash","floor":13},{"not_picked":["HollowMod:LifebloodCore","HollowMod:theNailsmith"],"picked":"HollowMod:MidwifesHunger","floor":16},{"not_picked":["HollowMod:SoulStrike","HollowMod:ShadowDash+1"],"picked":"HollowMod:SoulVessel","floor":18}],"player_experience":478371,"relics_obtained":[{"floor":6,"key":"Eternal Feather"},{"floor":8,"key":"theSenshi:SailorFukuRelic"},{"floor":13,"key":"Golden Egg"}],"event_choices":[{"damage_healed":0,"gold_gain":0,"player_choice":"Leave","damage_taken":0,"max_hp_gain":0,"max_hp_loss":0,"event_name":"The Cleric","floor":5,"gold_loss":0},{"damage_healed":0,"gold_gain":0,"player_choice":"Fought Bandits","damage_taken":0,"max_hp_gain":0,"max_hp_loss":0,"event_name":"Masked Bandits","floor":19,"gold_loss":0}],"is_beta":false,"boss_relics":[{"not_picked":["Pandora\u0027s Box","Coffee Dripper"],"picked":"HollowMod:KingsSoulRelic"}],"items_purged_floors":[],"is_endless":false,"potions_floor_spawned":[3,4,7],"killed_by":"Masked Bandits","ascension_level":0}}