{"host":"662n7794wuevbd4i","time":1609767101,"event":{"mods":["BaseMod","KOR Keyword Fix","Minty Spire (QoL Compilation)","StSLib","The Cursed","The Dragon Tamer","The Hierophant","The Poker Player"],"gold_per_floor":[130,153,179,211,223,249,261,302,385,432,459,482,527,552,564,674,686,717,741,768,509,509,509,519,519,574,574,574,574,589,589,589,685,685,705,718,768,58,58,83,94,94,94,94,122,122,4,21,21,21],"floor_reached":51,"playtime":3064,"items_purged":["DTMod:BreakAttack"],"score":754,"play_id":"d41cf5bb-6355-4ae3-991c-22a17db48331","local_time":"20210104223141","is_ascension_mode":false,"metric_token":543,"campfire_choices":[{"floor":15.0,"key":"REST"},{"data":"DTMod:Training","floor":23.0,"key":"SMITH"},{"data":"DTMod:InvisibleFlame","floor":25.0,"key":"SMITH"},{"data":"DTMod:SneakAttack","floor":27.0,"key":"SMITH"},{"data":"DTMod:SwitchingTactic","floor":29.0,"key":"SMITH"},{"data":"DTMod:RepeatStrike","floor":32.0,"key":"SMITH"},{"floor":44.0,"key":"REST"},{"floor":46.0,"key":"REST"},{"floor":49.0,"key":"REST"}],"dtmod_dragon_data":[34,58,3,0,10,0],"circlet_count":0,"master_deck":["DTMod:SwitchingTactic+1","DTMod:MagicField","DTMod:QuickFly","DTMod:MagiciansMark","DTMod:ComboAttack","DTMod:Feint","DTMod:Training+1","DTMod:ComboAttack","DTMod:RepeatStrike+1","DTMod:Punisher","DTMod:Cover","DTMod:Multitask","DTMod:InvisibleFlame+1","DTMod:BreakAttack+1","DTMod:MagiciansMark","DTMod:QuickFly+1","DTMod:SneakAttack+1","DTMod:Weaken","DTMod:Training+1","DTMod:OpeningTactic","DTMod:MagiciansMark+1","DTMod:ShieldDrain+1","DTMod:SneakAttack+1","DTMod:Threaten+1","DTMod:ShadowImage","DTMod:SneakAttack+1","DTMod:LightShield","DTMod:MasterPlan+1","DTMod:ComboAttack+1","DTMod:BuildUp+1","DTMod:TauntingStrike+1","DTMod:Safeguard","DTMod:TagTeam","DTMod:Astonish"],"relics":["DTMod:PactStone","MawBank","Centennial Puzzle","Calipers","DTMod:TacticalNote","Art of War","HornCleat","Pandora\u0027s Box","Lantern","Ancient Tea Set","Astrolabe","Lizard Tail","Dream Catcher","Shuriken","DTMod:OddArmor","Vajra","The Courier","Blood Vial","Torii","Nunchaku"],"acts_visited":["Exordium","TheCity","TheBeyond"],"potions_floor_usage":[50,50,50],"damage_taken":[{"damage":2.0,"enemies":"Jaw Worm","floor":1.0,"turns":4.0},{"damage":0.0,"enemies":"Cultist","floor":2.0,"turns":4.0},{"damage":0.0,"enemies":"Small Slimes","floor":3.0,"turns":4.0},{"damage":0.0,"enemies":"Exordium Wildlife","floor":4.0,"turns":6.0},{"damage":0.0,"enemies":"Large Slime","floor":6.0,"turns":7.0},{"damage":16.0,"enemies":"Lagavulin","floor":8.0,"turns":7.0},{"damage":26.0,"enemies":"3 Sentries","floor":10.0,"turns":7.0},{"damage":0.0,"enemies":"2 Fungi Beasts","floor":11.0,"turns":3.0},{"damage":0.0,"enemies":"Gremlin Gang","floor":12.0,"turns":5.0},{"damage":0.0,"enemies":"Gremlin Nob","floor":13.0,"turns":3.0},{"damage":0.0,"enemies":"Exordium Thugs","floor":14.0,"turns":3.0},{"damage":7.0,"enemies":"Slime Boss","floor":16.0,"turns":12.0},{"damage":9.0,"enemies":"Shell Parasite","floor":18.0,"turns":4.0},{"damage":0.0,"enemies":"Chosen","floor":19.0,"turns":4.0},{"damage":0.0,"enemies":"Snake Plant","floor":20.0,"turns":4.0},{"damage":4.0,"enemies":"Centurion and Healer","floor":24.0,"turns":3.0},{"damage":0.0,"enemies":"Snecko","floor":30.0,"turns":3.0},{"damage":15.0,"enemies":"Automaton","floor":33.0,"turns":6.0},{"damage":6.0,"enemies":"3 Darklings","floor":35.0,"turns":4.0},{"damage":11.0,"enemies":"3 Shapes","floor":36.0,"turns":4.0},{"damage":0.0,"enemies":"Mind Bloom Boss Battle","floor":37.0,"turns":6.0},{"damage":11.0,"enemies":"Reptomancer","floor":40.0,"turns":4.0},{"damage":1.0,"enemies":"3 Darklings","floor":41.0,"turns":5.0},{"damage":11.0,"enemies":"Giant Head","floor":45.0,"turns":7.0},{"damage":0.0,"enemies":"Transient","floor":48.0,"turns":5.0},{"damage":34,"enemies":"Awakened One","floor":50,"turns":13}],"seed_played":"-6039851050988191837","potions_obtained":[{"floor":3.0,"key":"Block Potion"},{"floor":4.0,"key":"DistilledChaos"},{"floor":6.0,"key":"Fire Potion"},{"floor":10.0,"key":"LiquidMemories"},{"floor":13.0,"key":"GamblersBrew"},{"floor":30.0,"key":"AttackPotion"},{"floor":39.0,"key":"CultistPotion"},{"floor":39.0,"key":"LiquidBronze"},{"floor":39.0,"key":"LiquidMemories"},{"floor":41.0,"key":"SpeedPotion"},{"floor":45.0,"key":"Fire Potion"},{"floor":48.0,"key":"DuplicationPotion"}],"is_trial":false,"path_per_floor":["M","M","M","M","$","M","?","E","T","E","M","M","E","M","R","B",null,"M","M","M","$","?","R","M","R","T","R","$","R","M","?","R","B",null,"M","M","?","$","?","E","M","T","T","R","E","R","$","M","R","B",null],"character_chosen":"THE_DT","items_purchased":["DTMod:SneakAttack","Lantern","Dream Catcher","Shuriken","DTMod:OddArmor","DTMod:LightShield","Nunchaku"],"campfire_rested":4,"item_purchase_floors":[21,21,38,38,38,38,47],"current_hp_per_floor":[43,43,43,43,43,43,43,27,27,1,1,1,1,1,14,7,45,36,36,36,36,36,36,32,32,32,32,32,32,32,32,32,17,45,39,28,28,28,28,17,16,16,16,29,20,33,33,35,45,11],"gold":21,"neow_bonus":"RANDOM_COMMON_RELIC","is_daily":false,"chose_seed":false,"campfire_upgraded":5,"win_rate":0.0,"timestamp":1609767101,"path_taken":["M","M","M","M","$","M","?","E","T","E","?","M","E","M","R","BOSS","M","M","M","$","?","R","M","R","T","R","$","R","M","?","R","BOSS","M","M","?","$","?","E","?","?","T","R","E","R","?","M","R","BOSS"],"items_purchased_type":["Card","Relic","Relic","Relic","Relic","Card","Relic"],"build_version":"2020-12-22","purchased_purges":1,"victory":true,"max_hp_per_floor":[45,45,45,45,45,45,45,45,45,45,45,45,45,45,45,45,45,45,45,45,45,45,45,45,45,45,45,45,45,45,45,45,45,45,45,45,45,45,45,45,45,45,45,45,45,45,45,45,45,45],"card_choices":[{"not_picked":["DTMod:Coolant","DTMod:CrossStep"],"picked":"DTMod:MagicField","floor":1.0},{"not_picked":["DTMod:BlazingStrike","DTMod:MagicField"],"picked":"DTMod:QuickFly","floor":2.0},{"not_picked":["DTMod:CrossStep","DTMod:DeepFocus","DTMod:Shift"],"picked":"SKIP","floor":3.0},{"not_picked":["DTMod:DeepFocus","DTMod:Punisher","DTMod:Haste"],"picked":"SKIP","floor":4.0},{"not_picked":["DTMod:CleansingStrike","DTMod:BuildUp"],"picked":"DTMod:MagiciansMark","floor":6.0},{"not_picked":["DTMod:QuickFly","DTMod:BlazingStrike"],"picked":"DTMod:ComboAttack","floor":8.0},{"not_picked":["DTMod:GhostSkin","DTMod:BizarreTactic"],"picked":"DTMod:Feint","floor":10.0},{"not_picked":["DTMod:BizarreTactic","DTMod:Punisher","DTMod:ExcessFootwork"],"picked":"SKIP","floor":11.0},{"not_picked":["DTMod:Conduct","DTMod:BreakAttack","DTMod:PurifyingFlame"],"picked":"SKIP","floor":12.0},{"not_picked":["DTMod:BizarreTactic","DTMod:CalculatedDefense"],"picked":"DTMod:Training","floor":13.0},{"not_picked":["DTMod:Feint","DTMod:Shift"],"picked":"DTMod:ComboAttack","floor":14.0},{"not_picked":["DTMod:Cover","DTMod:FlameSlash"],"picked":"DTMod:BreakAttack+1","floor":18.0},{"not_picked":["DTMod:BlueScale","DTMod:Feint"],"picked":"DTMod:MagiciansMark","floor":19.0},{"not_picked":["DTMod:StarRain","DTMod:BizarreTactic"],"picked":"DTMod:QuickFly+1","floor":20.0},{"not_picked":["DTMod:MasterPlan","DTMod:HeatWave"],"picked":"DTMod:Weaken","floor":24.0},{"not_picked":["DTMod:BizarreTactic","DTMod:EchoTactic"],"picked":"DTMod:Training+1","floor":30.0},{"not_picked":["DTMod:Outburst","DTMod:RepeatStrike"],"picked":"DTMod:OpeningTactic","floor":33.0},{"not_picked":["DTMod:SneakAttack","DTMod:BreakAttack"],"picked":"DTMod:Threaten+1","floor":35.0},{"not_picked":["DTMod:BreakAttack","DTMod:BlazingStrike+1"],"picked":"DTMod:ShadowImage","floor":36.0},{"not_picked":["DTMod:Punisher","DTMod:BlazingStrike"],"picked":"DTMod:SneakAttack+1","floor":37.0},{"not_picked":["DTMod:BlazingStrike+1","DTMod:ComboAttack"],"picked":"DTMod:MasterPlan+1","floor":40.0},{"not_picked":["DTMod:Weaken","DTMod:BuildUp+1"],"picked":"DTMod:ComboAttack+1","floor":41.0},{"not_picked":["DTMod:Punisher","DTMod:MasterPlan"],"picked":"DTMod:BuildUp+1","floor":44.0},{"not_picked":["DTMod:BurningEnergy","DTMod:StarRain"],"picked":"DTMod:TauntingStrike+1","floor":45.0},{"not_picked":["DTMod:Haste","DTMod:Hide"],"picked":"DTMod:Safeguard","floor":46.0},{"not_picked":["DTMod:Cover","DTMod:Hide+1"],"picked":"DTMod:TagTeam","floor":48.0},{"not_picked":["DTMod:QuickFly+1","DTMod:Threaten"],"picked":"DTMod:Astonish","floor":49.0}],"player_experience":129480,"relics_obtained":[{"floor":8.0,"key":"Calipers"},{"floor":9.0,"key":"DTMod:TacticalNote"},{"floor":10.0,"key":"Art of War"},{"floor":13.0,"key":"HornCleat"},{"floor":26.0,"key":"Ancient Tea Set"},{"floor":37.0,"key":"Lizard Tail"},{"floor":40.0,"key":"Vajra"},{"floor":42.0,"key":"The Courier"},{"floor":43.0,"key":"Blood Vial"},{"floor":45.0,"key":"Torii"}],"event_choices":[{"damage_healed":0.0,"max_hp_gain":0.0,"max_hp_loss":0.0,"gold_gain":0.0,"event_name":"WeMeetAgain","player_choice":"Gave Potion","floor":7.0,"gold_loss":0.0,"damage_taken":0.0,"relics_obtained":["Centennial Puzzle"]},{"damage_healed":0.0,"max_hp_gain":0.0,"max_hp_loss":0.0,"gold_gain":0.0,"event_name":"Ghosts","player_choice":"Ignored","floor":22.0,"gold_loss":0.0,"damage_taken":0.0},{"damage_healed":0.0,"max_hp_gain":0.0,"max_hp_loss":0.0,"gold_gain":0.0,"cards_transformed":["DTMod:DoubleHit","DTMod:HeatWave"],"event_name":"Drug Dealer","player_choice":"Became Test Subject","floor":31.0,"gold_loss":0.0,"damage_taken":0.0,"cards_obtained":["DTMod:Outburst","DTMod:LowKick"]},{"damage_healed":0.0,"max_hp_gain":0.0,"max_hp_loss":0.0,"gold_gain":0.0,"event_name":"MindBloom","player_choice":"Fight","floor":37.0,"gold_loss":0.0,"damage_taken":0.0},{"damage_healed":0.0,"max_hp_gain":0.0,"max_hp_loss":0.0,"gold_gain":0.0,"event_name":"Lab","player_choice":"Got Potions","floor":39.0,"gold_loss":0.0,"damage_taken":0.0}],"is_beta":false,"boss_relics":[{"not_picked":["Philosopher\u0027s Stone","DTMod:TheChair"],"picked":"Pandora\u0027s Box"},{"not_picked":["Cursed Key","Sozu"],"picked":"Astrolabe"}],"items_purged_floors":[21],"is_endless":false,"potions_floor_spawned":[3,4,6,10,13,30,41,45,48],"ascension_level":0}}