{"host":"2461dio7vetlq1z3","time":1609779568,"event":{"mods":["2.2 Compatiblity","AchievementEnabler","BaseMod","Better Third Choice","Friendly Minions","Hubris","Minty Spire (QoL Compilation)","Relic Stats","Spicy Shops","StSLib","Waifu the Spire"],"gold_per_floor":[116,116,39,39,53,53,0,0,0],"floor_reached":8,"playtime":160,"items_purged":[],"score":88,"play_id":"8caeb0b3-455a-4db8-858f-879956e0b2c8","local_time":"20210104175928","is_ascension_mode":true,"campfire_choices":[{"floor":6,"key":"REST"}],"circlet_count":0,"master_deck":["AscendersBane","Strike_R","Strike_R","Strike_R","Strike_R","Strike_R","Defend_R","Defend_R","Defend_R","Defend_R","Bash","Flame Barrier","Hemokinesis","Chill","SpiritShield+1","Armaments"],"relics":["Burning Blood","Golden Idol","Strawberry"],"acts_visited":["Exordium"],"potions_floor_usage":[],"damage_taken":[{"damage":7,"enemies":"Cultist","floor":1,"turns":4},{"damage":7,"enemies":"2 Louse","floor":5,"turns":2},{"damage":58,"enemies":"Gremlin Nob","floor":8,"turns":4}],"seed_played":"3597858633849035863","potions_obtained":[{"floor":1,"key":"Explosive Potion"}],"is_trial":false,"path_per_floor":["M","?","$","?","M","R","?","E"],"character_chosen":"IRONCLAD","items_purchased":["Hemokinesis"],"campfire_rested":1,"item_purchase_floors":[3],"current_hp_per_floor":[74,46,46,16,15,41,41,0,0],"gold":0,"neow_bonus":"TEN_PERCENT_HP_BONUS","is_daily":false,"chose_seed":false,"campfire_upgraded":0,"win_rate":0.0,"timestamp":1609779568,"path_taken":["M","?","$","?","M","R","?","E"],"items_purchased_type":["Card"],"build_version":"2020-12-22","purchased_purges":0,"victory":false,"max_hp_per_floor":[82,82,82,89,89,89,89,89,89],"relic_stats":{"counters":[3,10],"Golden Idol":3,"obtain_stats":[{"Golden Idol":2,"Strawberry":4,"Burning Blood":0},{"Golden Idol":1,"Strawberry":1,"Burning Blood":0},{"Golden Idol":4,"Strawberry":4,"Burning Blood":0}],"Burning Blood":12},"card_choices":[{"not_picked":["Dark Embrace","Twin Strike"],"picked":"Flame Barrier","floor":1},{"not_picked":["Havoc","Rupture"],"picked":"Armaments","floor":5}],"player_experience":1051811,"relics_obtained":[],"event_choices":[{"damage_healed":0,"gold_gain":0,"player_choice":"Take Damage","damage_taken":28,"relics_obtained":["Golden Idol"],"max_hp_gain":0,"max_hp_loss":0,"event_name":"Golden Idol","floor":2,"gold_loss":0},{"damage_healed":0,"gold_gain":1,"player_choice":"Card Card Relic ","damage_taken":37,"max_hp_gain":0,"max_hp_loss":0,"event_name":"betterThird:BetterScrap","floor":4,"gold_loss":0,"cards_obtained":["Chill","SpiritShield"]},{"damage_healed":0,"gold_gain":0,"player_choice":"Left","damage_taken":0,"max_hp_gain":0,"max_hp_loss":0,"event_name":"betterThird:BetterGoop","floor":7,"gold_loss":53}],"is_beta":false,"boss_relics":[],"items_purged_floors":[],"is_endless":false,"potions_floor_spawned":[1],"killed_by":"Gremlin Nob","ascension_level":20}}