{"host":"28p8ce41sjwa6lzf","time":1609780115,"event":{"mods":["BaseMod","Colored Map","Colored Powertips","Highlight Path","Minty Spire (QoL Compilation)","Permanent Neow","Quick Restart","Random Character Button","Rare Cards Sparkle","Relic Stats","StSLib","Unceasing Turn Reminder"],"gold_per_floor":[110,110,35,35,46,46,58,58,58,58,126,156,156,176,176,251,251,271,288,288,304,304,304],"floor_reached":22,"playtime":718,"items_purged":["Strike_B"],"score":368,"play_id":"eb4218fc-d3be-4c4f-bd3f-0b984f6215f1","local_time":"20210104110835","is_ascension_mode":true,"campfire_choices":[{"data":"Zap","floor":6.0,"key":"SMITH"},{"data":"Streamline","floor":8.0,"key":"SMITH"},{"floor":10.0,"key":"REST"},{"data":"Dualcast","floor":13.0,"key":"SMITH"},{"floor":15.0,"key":"DIG"}],"circlet_count":0,"master_deck":["AscendersBane","Zap+1","Dualcast+1","Streamline+1","All For One","Rebound","Turbo","Cold Snap+1","Buffer","Consume","Doom and Gloom+1","Storm","Beam Cell+1","Steam Power","Hyperbeam+1","Creative AI","Defragment","Chaos"],"relics":["Cracked Core","Tiny Chest","Ornamental Fan","Molten Egg 2","Shovel","Strawberry","Pandora\u0027s Box","Mummified Hand"],"acts_visited":["Exordium","TheCity"],"potions_floor_usage":[21],"damage_taken":[{"damage":6.0,"enemies":"Small Slimes","floor":1.0,"turns":4.0},{"damage":2.0,"enemies":"Jaw Worm","floor":5.0,"turns":4.0},{"damage":1.0,"enemies":"Cultist","floor":7.0,"turns":3.0},{"damage":8.0,"enemies":"Gremlin Nob","floor":12.0,"turns":3.0},{"damage":10.0,"enemies":"Exordium Wildlife","floor":14.0,"turns":3.0},{"damage":40.0,"enemies":"The Guardian","floor":16.0,"turns":10.0},{"damage":4.0,"enemies":"3 Byrds","floor":18.0,"turns":3.0},{"damage":9.0,"enemies":"Spheric Guardian","floor":19.0,"turns":3.0},{"damage":43,"enemies":"Shelled Parasite and Fungi","floor":21,"turns":3},{"damage":9,"enemies":"Centurion and Healer","floor":22,"turns":1}],"seed_played":"1043234292314382622","potions_obtained":[{"floor":12.0,"key":"PotionOfCapacity"},{"floor":16.0,"key":"DistilledChaos"}],"is_trial":false,"path_per_floor":["M","?","$","?","M","R","M","R","T","R","T","E","R","M","R","B",null,"M","M","T","M","M"],"character_chosen":"DEFECT","items_purchased":[],"campfire_rested":1,"item_purchase_floors":[],"current_hp_per_floor":[58,37,37,37,35,35,34,34,34,55,55,47,47,37,44,4,60,56,47,47,4,0,0],"gold":304,"neow_bonus":"RANDOM_COMMON_RELIC","is_daily":false,"chose_seed":false,"campfire_upgraded":3,"win_rate":0.0,"timestamp":1609780115,"path_taken":["M","?","$","?","M","R","M","R","T","R","?","E","R","M","R","BOSS","M","M","?","M","M"],"items_purchased_type":[],"build_version":"2020-12-22","purchased_purges":1,"victory":false,"max_hp_per_floor":[71,71,71,71,71,71,71,71,71,71,71,71,71,71,78,78,78,78,78,78,78,78,78],"relic_stats":{"Shovel":1,"counters":[10,37],"Ornamental Fan":[16],"Mummified Hand":[11],"Tiny Chest":1,"Pandora\u0027s Box":["Consume","Doom and Gloom","Storm","Beam Cell","Steam Power","Hyperbeam","Creative AI"],"obtain_stats":[{"Shovel":12,"Ornamental Fan":9,"Mummified Hand":20,"Strawberry":15,"Tiny Chest":0,"Molten Egg 2":11,"Pandora\u0027s Box":17,"Cracked Core":0},{"Shovel":4,"Ornamental Fan":3,"Mummified Hand":8,"Strawberry":5,"Tiny Chest":0,"Molten Egg 2":3,"Pandora\u0027s Box":6,"Cracked Core":0},{"Shovel":14,"Ornamental Fan":11,"Mummified Hand":33,"Strawberry":17,"Tiny Chest":0,"Molten Egg 2":11,"Pandora\u0027s Box":27,"Cracked Core":0}]},"card_choices":[{"not_picked":["Rebound","Leap"],"picked":"Streamline","floor":1.0},{"not_picked":["BootSequence","Heatsinks"],"picked":"All For One","floor":5.0},{"not_picked":["Rip and Tear","Consume"],"picked":"Rebound","floor":7.0},{"not_picked":["Streamline+1","Compile Driver+1"],"picked":"Turbo","floor":12.0},{"not_picked":["Conserve Battery","Redo"],"picked":"Cold Snap+1","floor":14.0},{"not_picked":["Hyperbeam+1","Multi-Cast"],"picked":"Buffer","floor":16.0},{"not_picked":["Reinforced Body","Redo"],"picked":"Defragment","floor":18.0},{"not_picked":["Stack","Aggregate"],"picked":"Chaos","floor":19.0},{"not_picked":["Fusion","Rebound+1","Redo"],"picked":"SKIP","floor":21}],"player_experience":1067439,"relics_obtained":[{"floor":9.0,"key":"Ornamental Fan"},{"floor":11.0,"key":"Molten Egg 2"},{"floor":12.0,"key":"Shovel"},{"floor":15.0,"key":"Strawberry"},{"floor":20.0,"key":"Mummified Hand"}],"event_choices":[{"damage_healed":0.0,"max_hp_gain":0.0,"max_hp_loss":0.0,"gold_gain":0.0,"event_name":"Shining Light","player_choice":"Entered Light","floor":2.0,"gold_loss":0.0,"damage_taken":21.0,"cards_upgraded":["Strike_B","Strike_B"]},{"damage_healed":0.0,"max_hp_gain":0.0,"max_hp_loss":0.0,"gold_gain":0.0,"event_name":"Liars Game","player_choice":"Ignored","floor":4.0,"gold_loss":0.0,"damage_taken":0.0}],"is_beta":false,"boss_relics":[{"not_picked":["FrozenCore","Sozu"],"picked":"Pandora\u0027s Box"}],"items_purged_floors":[3],"is_endless":false,"potions_floor_spawned":[12,16,19],"killed_by":"Centurion and Healer","ascension_level":20}}