{"host":"gsmj583br51y3r1c","time":1609724344,"event":{"mods":["A Magickal Journey","AchievementEnabler","BaseMod","Better Note","Colored Map","Dio Mod","Downfall","Hermit","Highlight Path","Hubris","Infinite Spire","Marisa????????","Minty Spire (QoL Compilation)","Permanent Neow","Quick Restart","StSLib","The Alterego","The Bug Knight","The Cursed","The Disciple","The Elementalist","The Marked","The Mystic","The Runesmith","The Servant 0.9.4","Unceasing Turn Reminder","everything is the same but u backflip on backflip"],"gold_per_floor":[360,207,207,226,401,401,432,443,470,470,128,128,128,128,128,229,229,229,229],"floor_reached":18,"playtime":1706,"items_purged":["hubris:Sloth","Doubt"],"score":156,"play_id":"21bee7e4-bfb0-4d26-9722-8ed99399d6d7","local_time":"20210104033904","is_ascension_mode":false,"campfire_choices":[{"data":"mysticmod:PunishingArmor","floor":6,"key":"SMITH"},{"floor":10,"key":"RECALL"},{"data":"mysticmod:Doublecast","floor":13,"key":"SMITH"},{"data":"mysticmod:Sideswipe","floor":15,"key":"SMITH"}],"circlet_count":0,"master_deck":["mysticmod:Strike_Mystic","mysticmod:Strike_Mystic","mysticmod:Strike_Mystic","mysticmod:Defend_Mystic","mysticmod:Defend_Mystic","mysticmod:Defend_Mystic","mysticmod:Defend_Mystic","mysticmod:ArcaneDodge","mysticmod:ShockingGrasp","mysticmod:Disengage","mysticmod:PunishingArmor+1","mysticmod:Sideswipe+1","mysticmod:Doublecast+1","mysticmod:Alacrity","mysticmod:MysticalShield"],"relics":["mysticmod:SpellBook","Orichalcum","infinitespire:Satchel","infinitespire:Bottled Soul","hubris:VirtuousBlindfold"],"acts_visited":["Exordium","TheCity"],"potions_floor_usage":[7],"damage_taken":[{"damage":4,"enemies":"Jaw Worm","floor":1,"turns":6},{"damage":1,"enemies":"Cultist","floor":4,"turns":4},{"damage":26,"enemies":"Lagavulin","floor":7,"turns":8},{"damage":4,"enemies":"2 Louse","floor":8,"turns":2},{"damage":2,"enemies":"Hexaghost","floor":16,"turns":9},{"damage":0,"enemies":"2 Thieves","floor":18,"turns":1}],"seed_played":"8728940974590883812","potions_obtained":[{"floor":4,"key":"BlessingOfTheForge"},{"floor":7,"key":"SteroidPotion"},{"floor":16,"key":"BlessingOfTheForge"}],"is_trial":false,"path_per_floor":["M","$","?","M","?","R","E","M","T","R","$","?","R","$","R","B",null,"M"],"character_chosen":"MYSTIC_CLASS","items_purchased":["mysticmod:PunishingArmor","infinitespire:Bottled Soul"],"campfire_rested":0,"item_purchase_floors":[2,11],"current_hp_per_floor":[73,73,73,72,72,72,46,42,42,42,42,42,42,42,42,40,77,77,77],"gold":229,"neow_bonus":"TWO_FIFTY_GOLD","is_daily":false,"chose_seed":false,"campfire_upgraded":3,"win_rate":0.0,"timestamp":1609724344,"path_taken":["M","$","?","?","?","R","E","M","T","R","$","?","R","?","R","BOSS","M"],"items_purchased_type":["Card","Relic"],"build_version":"2020-12-22","purchased_purges":2,"victory":false,"max_hp_per_floor":[77,77,77,77,77,77,77,77,77,77,77,77,77,77,77,77,77,77,77],"card_choices":[{"not_picked":["mysticmod:Feint","mysticmod:TomeOfSpells"],"picked":"mysticmod:Disengage","floor":1},{"not_picked":["mysticmod:Daze","mysticmod:PureInstinct"],"picked":"mysticmod:Sideswipe","floor":4},{"not_picked":["mysticmod:Flurry","mysticmod:PureInstinct"],"picked":"mysticmod:Doublecast","floor":7},{"not_picked":["mysticmod:Sideswipe","mysticmod:Riposte"],"picked":"mysticmod:Alacrity","floor":8},{"not_picked":["mysticmod:GeminiForm","mysticmod:SpontaneousCaster"],"picked":"mysticmod:MysticalShield","floor":16}],"player_experience":302370,"relics_obtained":[{"floor":7,"key":"Orichalcum"},{"floor":9,"key":"infinitespire:Satchel"}],"event_choices":[{"cards_removed":["mysticmod:Strike_Mystic"],"damage_healed":0,"gold_gain":0,"player_choice":"Purged","damage_taken":0,"max_hp_gain":0,"max_hp_loss":0,"event_name":"Purifier","floor":3,"gold_loss":0},{"damage_healed":0,"gold_gain":175,"player_choice":"AGREE","damage_taken":0,"max_hp_gain":0,"max_hp_loss":0,"event_name":"Liars Game","floor":5,"gold_loss":0,"cards_obtained":["Doubt"]}],"is_beta":false,"boss_relics":[{"not_picked":["Black Star","hubris:RunicObelisk"],"picked":"hubris:VirtuousBlindfold"}],"items_purged_floors":[2,11],"is_endless":false,"potions_floor_spawned":[4,7,16],"killed_by":"2 Thieves","ascension_level":0}}