{"host":"8hy8aczuekhxmmq8","time":1609741760,"event":{"mods":["Act Like it!","BaseMod","CapriCore","Colored Map","Colored Powertips","DeckTracker","FoggyMod","Gensokyo","Minty Spire (QoL Compilation)","Quick Restart","StSLib","SuperFastMode","The Immortal"],"gold_per_floor":[116,116,116,116,37,70,70,100,127,127,141,141,141,141,141,242,292,306,306,256,256,256,256,272,272,299,221,221,321,370,400,400,496,496,513,513,513,423,423,423,423],"floor_reached":39,"playtime":1565,"items_purged":[],"score":495,"play_id":"73491d40-eee6-42f9-9c1c-5926f0ca7fd7","local_time":"20210104152920","is_ascension_mode":false,"campfire_choices":[{"floor":15.0,"key":"REST"},{"data":"MokouMod:Rebirth","floor":23,"key":"SMITH"},{"data":"MokouMod:ResonanceReactor","floor":25,"key":"SMITH"},{"data":"MokouMod:ResonanceReactor","floor":32,"key":"SMITH"}],"circlet_count":0,"master_deck":["MokouMod:Defend","MokouMod:Defend","MokouMod:Defend","MokouMod:Defend","MokouMod:HeatSpark+1","MokouMod:Combust","MokouMod:Ember","MokouMod:IllusoryBattlefield","MokouMod:ScorchedEarth","MokouMod:ResonanceReactor+1","MokouMod:ResoluteFlare","MokouMod:Rebirth+1","MokouMod:IndiscriminateIgnition+1","MokouMod:ResonanceReactor+1","Gensokyo:FourOfAKind+1","Gensokyo:FourOfAKind+1","Gensokyo:FourOfAKind+1","Gensokyo:FourOfAKind+1","MokouMod:InfernalWave+1","Gensokyo:ShootingStar+1","MokouMod:HouraiForge","Gensokyo:CustomPotion"],"relics":["MokouMod:PhoenixFeather","NeowsBlessing","Mercury Hourglass","Pantograph","Happy Flower","Gensokyo:LunaticRedEyes","Molten Egg 2","Toxic Egg 2","Tiny House","Matryoshka","Gensokyo:RedStar","Sundial","Orichalcum","Du-Vu Doll","Prayer Wheel","Gremlin Horn","Anchor","Blood Vial","Empty Cage"],"acts_visited":["Exordium","Gensokyo:Gensokyo","Gensokyo:Gensokyoer"],"potions_floor_usage":[31,31,33,39],"damage_taken":[{"damage":0.0,"enemies":"Gensokyo:Python","floor":1.0,"turns":1.0},{"damage":0.0,"enemies":"Gensokyo:Aya","floor":6.0,"turns":1.0},{"damage":0.0,"enemies":"Gensokyo:Cirno","floor":8.0,"turns":2.0},{"damage":8.0,"enemies":"Gensokyo:Gryphon","floor":11.0,"turns":3.0},{"damage":39.0,"enemies":"Gensokyo:Reimu","floor":16.0,"turns":8.0},{"damage":16,"enemies":"Gensokyo:Chomper","floor":18,"turns":4},{"damage":0,"enemies":"Gensokyo:2_Gloops","floor":24,"turns":4},{"damage":77,"enemies":"Gensokyo:2_Gloops","floor":29,"turns":11},{"damage":20,"enemies":"Gensokyo:Tenshi","floor":31,"turns":5},{"damage":59,"enemies":"Gensokyo:Kaguya","floor":33,"turns":10},{"damage":17,"enemies":"Gensokyo:3_Bats","floor":35,"turns":5},{"damage":43,"enemies":"Gensokyo:AncientGuardian","floor":39,"turns":6}],"seed_played":"-904433529527324469","potions_obtained":[{"floor":1.0,"key":"Energy Potion"},{"floor":6.0,"key":"ColorlessPotion"},{"floor":8.0,"key":"SpeedPotion"},{"floor":17.0,"key":"Dexterity Potion"},{"floor":29,"key":"DistilledChaos"},{"floor":35,"key":"Energy Potion"}],"is_trial":false,"path_per_floor":["M","?","?","?","$","E","?","E","T","?","M","?","T","?","R","B",null,"M","?","?","?","?","R","M","R","T","$","?","?","T","E","R","B",null,"M","?","?","?","M"],"character_chosen":"MKU","items_purchased":["MokouMod:ScorchedEarth","MokouMod:ResonanceReactor"],"campfire_rested":1,"item_purchase_floors":[5,27],"current_hp_per_floor":[75,75,45,45,45,45,45,45,45,45,37,37,37,22,44,30,80,64,64,71,71,71,71,71,71,71,71,57,11,11,14,14,35,57,40,40,32,32,0,0,0],"gold":423,"neow_bonus":"THREE_ENEMY_KILL","is_daily":false,"chose_seed":false,"campfire_upgraded":3,"win_rate":0.0,"timestamp":1609741760,"path_taken":["M","?","?","?","$","E","?","E","T","?","?","?","?","?","R","BOSS","M","?","?","?","?","R","?","R","T","?","?","?","?","E","R","BOSS","M","?","?","?","?"],"items_purchased_type":["Card","Card"],"build_version":"2020-12-22","purchased_purges":0,"victory":false,"max_hp_per_floor":[75,75,75,75,75,75,75,75,75,75,75,75,75,75,75,75,80,80,74,81,81,81,81,81,81,81,81,57,57,57,57,57,57,57,57,57,57,57,57,57,57],"card_choices":[{"not_picked":["MokouMod:Overheat","MokouMod:FlamingFireTalons"],"picked":"MokouMod:Combust","floor":1.0},{"not_picked":["MokouMod:Meltdown","MokouMod:HeartofFire"],"picked":"MokouMod:Ember","floor":2.0},{"not_picked":["MokouMod:Combust","MokouMod:Singe"],"picked":"MokouMod:IllusoryBattlefield","floor":2.0},{"not_picked":["MokouMod:Cataclysm","MokouMod:IllusoryBattlefield"],"picked":"MokouMod:ResoluteFlare","floor":6.0},{"not_picked":["MokouMod:EnchantingBambooForest","MokouMod:RoaringFlare"],"picked":"MokouMod:ResonanceReactor","floor":8.0},{"not_picked":["MokouMod:PhoenixFeathers","MokouMod:SubterraneanCore"],"picked":"MokouMod:ResoluteFlare","floor":11.0},{"not_picked":["MokouMod:SpontaneousHumanCombustion+1","MokouMod:SearingBlow+1"],"picked":"MokouMod:Rebirth","floor":16.0},{"not_picked":["MokouMod:Meltdown","MokouMod:ResoluteFlare+1","MokouMod:IndiscriminateIgnition+1"],"picked":"SKIP","floor":18},{"not_picked":["MokouMod:SubterraneanCore+1","MokouMod:HouraiForge"],"picked":"MokouMod:IndiscriminateIgnition+1","floor":24},{"not_picked":["MokouMod:AdaptivePyromancy+1","MokouMod:Sear+1"],"picked":"MokouMod:InfernalWave+1","floor":29},{"not_picked":["MokouMod:Stoke+1","MokouMod:Singe+1","MokouMod:Fireball+1"],"picked":"SKIP","floor":31},{"not_picked":[],"picked":"Gensokyo:ShootingStar","floor":33},{"not_picked":["MokouMod:SacredFire+1","MokouMod:ProfanedFlare+1"],"picked":"MokouMod:HouraiForge","floor":33},{"not_picked":["MokouMod:Firecracker+1","MokouMod:FlickeringFlame+1","MokouMod:FujiyamaVolcano+1"],"picked":"SKIP","floor":35},{"not_picked":["MokouMod:IgnitionBlast+1","MokouMod:TemporalFireSeal+1","MokouMod:Ember+1"],"picked":"SKIP","floor":35}],"player_experience":42695,"relics_obtained":[{"floor":6.0,"key":"Mercury Hourglass"},{"floor":8.0,"key":"Pantograph"},{"floor":13.0,"key":"Molten Egg 2"},{"floor":26,"key":"Sundial"},{"floor":26,"key":"Orichalcum"},{"floor":29,"key":"Du-Vu Doll"},{"floor":29,"key":"Prayer Wheel"},{"floor":30,"key":"Gremlin Horn"},{"floor":30,"key":"Anchor"},{"floor":31,"key":"Blood Vial"}],"event_choices":[],"is_beta":false,"boss_relics":[{"not_picked":["Velvet Choker","Busted Crown"],"picked":"Tiny House"},{"not_picked":["Runic Pyramid","Runic Dome"],"picked":"Empty Cage"}],"items_purged_floors":[],"is_endless":false,"potions_floor_spawned":[1,6,8,11,29,35],"killed_by":"Gensokyo:AncientGuardian","ascension_level":0}}