{"host":"iimv3xr0scyjt3cx","time":1609793081,"event":{"mods":["BaseMod","Hermit","Minty Spire (QoL Compilation)","Replay The Spire","StSLib","The Bladedancer","The Bug Knight","The Cursed","The Judge","The Senshi","The Servant 0.9.4","The Wild Card"],"gold_per_floor":[111,111,111,121,131,158,6,6,32,32,61,61,74,74,74,193,193,211,231,251,251,276,276,276,276],"floor_reached":24,"playtime":1366,"items_purged":[],"score":225,"play_id":"5af133a1-563d-4657-84e4-e99fad898dd0","local_time":"20210104214441","is_ascension_mode":false,"campfire_choices":[{"data":"hermit:TakeAim","floor":8,"key":"SMITH"},{"data":"hermit:CursedWeapon","floor":10,"key":"SMITH"},{"data":"hermit:CalledShot","floor":15,"key":"SMITH"}],"circlet_count":0,"master_deck":["hermit:Strike_Hermit","hermit:Strike_Hermit","hermit:Strike_Hermit+1","hermit:Strike_Hermit","hermit:Defend_Hermit","hermit:Defend_Hermit","hermit:Defend_Hermit","hermit:Defend_Hermit","hermit:Snapshot+1","hermit:Covet","hermit:Deadeye","hermit:CalledShot+1","hermit:CursedWeapon+1","hermit:TakeAim+1","hermit:Determination","hermit:Headshot","Injury","hermit:BlackWind","hermit:HighCaliber+1","hermit:CursedWeapon+1","hermit:GhostlyPresence","Pain","hermit:Glare"],"relics":["hermit:Momento","MealTicket","Incense Burner","Blood Vial","Lantern","HollowMod:PaleOreRelic","Spirit Poop","Golden Idol","Busted Crown","WarpedTongs"],"acts_visited":["Exordium","TheCity"],"potions_floor_usage":[11,16,16,23,24],"damage_taken":[{"damage":0,"enemies":"Cultist","floor":1,"turns":4},{"damage":2,"enemies":"Small Slimes","floor":4,"turns":3},{"damage":8,"enemies":"Jaw Worm","floor":5,"turns":4},{"damage":13,"enemies":"Replay:BlueRogue","floor":6,"turns":5},{"damage":18,"enemies":"3 Sentries","floor":11,"turns":9},{"damage":13,"enemies":"3 Louse","floor":13,"turns":3},{"damage":37,"enemies":"Hexaghost","floor":16,"turns":10},{"damage":2,"enemies":"Spheric Guardian","floor":18,"turns":3},{"damage":27,"enemies":"Shell Parasite","floor":19,"turns":4},{"damage":32,"enemies":"Shelled Parasite and Fungi","floor":20,"turns":4},{"damage":18,"enemies":"Snake Plant","floor":22,"turns":2},{"damage":0,"enemies":"Replay:Snechameleon","floor":23,"turns":2},{"damage":12,"enemies":"Snecko","floor":24,"turns":2}],"seed_played":"5479077279399767300","potions_obtained":[{"floor":1,"key":"Adrenaline Potion"},{"floor":5,"key":"EssenceOfSteel"},{"floor":6,"key":"Reflective Coating"},{"floor":16,"key":"Energy Potion"},{"floor":22,"key":"SmokeBomb"}],"is_trial":false,"path_per_floor":["M","?","?","M","M","E","$","R","T","R","E","?","M","?","R","B",null,"M","M","M","?","M","E","M"],"character_chosen":"HERMIT","items_purchased":["Blood Vial"],"campfire_rested":0,"item_purchase_floors":[7],"current_hp_per_floor":[75,75,75,73,65,52,67,67,67,67,51,51,40,40,40,5,75,73,48,18,18,2,4,0,0],"gold":276,"neow_bonus":"UPGRADE_CARD","is_daily":false,"chose_seed":false,"campfire_upgraded":3,"win_rate":0.0,"timestamp":1609793081,"path_taken":["M","?","?","?","M","E","$","R","T","R","E","?","?","?","R","BOSS","M","M","M","?","?","E","M"],"items_purchased_type":["Relic"],"build_version":"2020-12-22","purchased_purges":0,"victory":false,"max_hp_per_floor":[75,75,75,75,75,75,75,75,75,75,75,75,75,75,75,75,75,75,75,75,75,75,75,75,75],"card_choices":[{"not_picked":["hermit:HighCaliber","hermit:LowProfile"],"picked":"hermit:Deadeye","floor":1},{"not_picked":["hermit:DeadMansHand","hermit:WideOpen"],"picked":"hermit:CalledShot","floor":4},{"not_picked":["hermit:Coalescence","hermit:HoleUp"],"picked":"hermit:CursedWeapon","floor":5},{"not_picked":["hermit:Ricochet","hermit:Determination"],"picked":"hermit:TakeAim","floor":6},{"not_picked":["hermit:ItchyTrigger","hermit:TakeAim"],"picked":"hermit:Determination","floor":11},{"not_picked":["hermit:FullyLoaded","hermit:Dissolve"],"picked":"hermit:Headshot","floor":13},{"not_picked":["hermit:FatalDesire","hermit:FromBeyond"],"picked":"hermit:BlackWind","floor":16},{"not_picked":[],"picked":"hermit:HighCaliber+1","floor":18},{"not_picked":[],"picked":"hermit:CursedWeapon+1","floor":19},{"not_picked":[],"picked":"hermit:GhostlyPresence","floor":20},{"not_picked":[],"picked":"hermit:Glare","floor":22}],"player_experience":475288,"relics_obtained":[{"floor":6,"key":"Incense Burner"},{"floor":9,"key":"Lantern"},{"floor":11,"key":"HollowMod:PaleOreRelic"}],"event_choices":[{"damage_healed":0,"gold_gain":0,"player_choice":"Box","damage_taken":0,"relics_obtained":["MealTicket"],"max_hp_gain":0,"max_hp_loss":0,"event_name":"Big Fish","floor":3,"gold_loss":0,"cards_obtained":["Regret"]},{"cards_removed":["Regret"],"damage_healed":0,"gold_gain":0,"player_choice":"Offered Curse","damage_taken":0,"relics_obtained":["Spirit Poop"],"max_hp_gain":0,"max_hp_loss":0,"event_name":"Bonfire Elementals","floor":12,"gold_loss":0},{"damage_healed":0,"gold_gain":0,"player_choice":"Take Wound","damage_taken":0,"relics_obtained":["Golden Idol"],"max_hp_gain":0,"max_hp_loss":0,"event_name":"Golden Idol","floor":14,"gold_loss":0,"cards_obtained":["Injury"]},{"damage_healed":0,"gold_gain":0,"player_choice":"Rummage","damage_taken":0,"relics_obtained":["WarpedTongs"],"max_hp_gain":0,"max_hp_loss":0,"event_name":"Accursed Blacksmith","floor":21,"gold_loss":0,"cards_obtained":["Pain"]}],"is_beta":false,"boss_relics":[{"not_picked":["Velvet Choker","Runic Dome"],"picked":"Busted Crown"}],"items_purged_floors":[],"is_endless":false,"potions_floor_spawned":[1,5,6,16,22,23],"killed_by":"Snecko","ascension_level":0}}