{"host":"w5vfr18i2ft1pzo2","time":1609794109,"event":{"mods":["Act Like it!","Aspiration","BaseMod","Better Third Choice","BetterRewards","Colored Map","Colored Powertips","Conspire","Curses Come First","DNKmod","Defuse TimeMaze Blight","Dota2Spire","Energized Spire","Evolution","Force Act Four","Friendly Minions","Gensokyo","GifTheSpireLib","Gold Saver","Halation","Hubris","Hyrulean Relics","Infinite Spire","Jedi Mod","Marisa????????","Minty Spire (QoL Compilation)","MostiFishMod","Prisma Mod","Remilia??????","Replay The Spire","SacredBarkPlus","Small Relic Pack","Spicy Shops","Spikes Relics","StSLib","Stuff the Spire","Synergy Search","The Blue Laboratory","The Servant 0.9.4","Trackpad","Treasure Hunter","Uncapped","Wandering Minibosses","Yakumo Yukari mod","noobMod","vexMod","??????REMEMod"],"gold_per_floor":[598,598,598,618,636,669,669,401,424,424,424,96,128,449,449,752,752,770,797,815,815,832,872,294,326,351,698,717,717,745,764,764,870,870,886,117,128,158,169,211,211,242,242,280,307,307,307,167,167,186,186,186,503,533,566],"floor_reached":56,"playtime":3121,"items_purged":["Defend_S","Defend_S"],"score":1826,"play_id":"9cf2737d-7605-4513-933d-8cc145822f21","local_time":"20210105050149","is_ascension_mode":true,"campfire_choices":[{"floor":7,"key":"RECALL"},{"data":"TimeTheft","floor":10,"key":"SMITH"},{"data":"infinitespire:UltimateForm","floor":15,"key":"SMITH"},{"data":"Luminosity","floor":52,"key":"SMITH"},{"data":"BottledTime","floor":52,"key":"SMITH"}],"circlet_count":0,"master_deck":["Ricochet","Strike_S","Strike_S","Strike_S","Defend_S","Defend_S","Exchange","MostiFishMod:DawningShadow","infinitespire:UltimateForm+1","Luminosity+1","BottledTime+1","TH:DeckOfManyThings","TimeTheft+1","TH:DeckOfManyThings+1","SurpressingFire","TrueSight+1","Rearm","SurpressingFire","Rearm","Revamp","Rearm","TH:CursedSword","Initiator","SilverBlades","TH:DeckOfManyThings","FloweringNight","SoulSculpture","SurpressingFire","Starlight","FanOfKnives+1","TH:DeckOfManyThings","FlawlessForm","Gensokyo:SevenSchoolMysteries","PendulumOfEternity","TH:DeckOfManyThings","Gensokyo:SummonPsychicCat","Moondial","TH:CursedSword","BottledTime","TH:BikiniMail","BottledTime","TH:CursedSword+1","TheWorld","StuffTheSpire:FreeRealEstate","Rearm+1","BottledTime","Rearm","TH:DeckOfManyThings","Gouge+1","TH:DeckOfManyThings","Starlight+1","TH:DeckOfManyThings","TH:BikiniMail","StarChef","Starlight","Luminosity","Jack Of All Trades","MostiFishMod:ElfcollectionBox","TH:TreasureMap","Luminosity"],"relics":["Uniform","EVO:Axolotl","DaveBox","ice","REME_ComplimentaryCards","hubris:Towel","ThornShield","SynthV:TestCard","Gensokyo:Mercy","Replay:Ringing Soul","Ying","Orrery","infinitespire:Midas Blood","Omamori","Gensokyo:Companionship","ChiXiaoBlade","wanderingMiniBosses:CarrionFlame","Gensokyo:MosesMiracle","Dota2Spire:LotusOrb","relicPack:SpireResearchBook","Akabeko","Blood Vial","aspiration:ArtOfWarUpgrade","PrismaMod:PrismaZwei","vexMod:Dragonfruit","KneeBrace","vexMod:MysteryBossChallenge","Ring of Chaos","Dota2Spire:BattleFury","aspiration:FetidBarrel","Replay:Arrowhead","infinitespire:WardingShard","MealTicket","Regal Pillow","Vampiric Spirits","BirthdayGift-Tetrahedron","hubris:NiceRug","Guide Book","Oddly Smooth Stone","MetatronsCube","Mummified Hand","Bronze Scales","halation:SwordOfLegend","hubris:Metronome"],"acts_visited":["Gensokyo:Gensokyo","Gensokyo:Gensokyoer","Gensokyo:Gensokyoest","TheEnding"],"potions_floor_usage":[14,20],"damage_taken":[{"damage":2,"enemies":"Gensokyo:2_Kodama","floor":1,"turns":2},{"damage":3,"enemies":"Gensokyo:Gryphon","floor":4,"turns":3},{"damage":7,"enemies":"Gensokyo:Python","floor":5,"turns":4},{"damage":12,"enemies":"Gensokyo:Aya","floor":6,"turns":4},{"damage":10,"enemies":"Gensokyo:Mamizou","floor":13,"turns":7},{"damage":2,"enemies":"Gensokyo:CorruptedTreant","floor":14,"turns":3},{"damage":32,"enemies":"Gensokyo:Yukari","floor":16,"turns":10},{"damage":0,"enemies":"Gensokyo:Chomper","floor":18,"turns":3},{"damage":9,"enemies":"Gensokyo:2_Gloops","floor":19,"turns":6},{"damage":35,"enemies":"Gensokyo:Swordslinger","floor":20,"turns":4},{"damage":26,"enemies":"Gensokyo:Slime_Group","floor":22,"turns":4},{"damage":22,"enemies":"Gensokyo:Tenshi","floor":23,"turns":3},{"damage":41,"enemies":"Gensokyo:Wraith","floor":25,"turns":4},{"damage":47,"enemies":"Gensokyo:Koishi","floor":27,"turns":7},{"damage":26,"enemies":"Gensokyo:Mirror_and_Dog","floor":28,"turns":2},{"damage":0,"enemies":"Gensokyo:Reisen","floor":30,"turns":3},{"damage":0,"enemies":"Gensokyo:3_Gloops","floor":31,"turns":2},{"damage":33,"enemies":"Gensokyo:Eiki","floor":33,"turns":5},{"damage":10,"enemies":"Gensokyo:3_Bats","floor":35,"turns":2},{"damage":0,"enemies":"Gensokyo:AncientGuardian","floor":37,"turns":1},{"damage":6,"enemies":"Gensokyo:Sharpion","floor":38,"turns":2},{"damage":0,"enemies":"Gensokyo:SeedOfUnknown","floor":39,"turns":2},{"damage":12,"enemies":"Gensokyo:Marisa","floor":40,"turns":2},{"damage":4,"enemies":"Nightmare","floor":42,"turns":3},{"damage":7,"enemies":"Gensokyo:Marisa","floor":44,"turns":3},{"damage":0,"enemies":"Gensokyo:AtlasGolem","floor":45,"turns":2},{"damage":0,"enemies":"Gensokyo:Scarlet_Devils","floor":50,"turns":3},{"damage":4,"enemies":"hubris:Merchant","floor":53,"turns":3},{"damage":2,"enemies":"Shield and Spear","floor":54,"turns":2},{"damage":4,"enemies":"The Heart","floor":55,"turns":3}],"seed_played":"228603914869330135","potions_obtained":[{"floor":13,"key":"ColorlessPotion"},{"floor":20,"key":"blueLaboratory:HummingbirdPotion"},{"floor":28,"key":"infinitespire:BlackPotion"}],"is_trial":false,"path_per_floor":["M","?","?","M","M","E","R","$","T","R","?","COS","E","M","R","B",null,"M","M","M","?","M","E","COS","M","T","E","M","?","E","M","R","B",null,"M","$","M","M","M","E","R","NM","T","E","M","?","?","COS","R_BF","B",null,"R","$","E","B",null],"character_chosen":"THE_SERVANT","items_purchased":["blueLaboratory:FruitPunch","Ying","StuffTheSpire:FreeRealEstate","Dota2Spire:BattleFury","aspiration:FetidBarrel"],"campfire_rested":0,"item_purchase_floors":[8,8,36,36,36],"current_hp_per_floor":[63,63,47,44,37,28,28,28,31,31,34,37,30,33,33,4,88,91,85,86,86,63,44,47,109,112,68,47,47,57,59,59,31,113,103,106,111,110,115,108,108,109,112,110,115,115,115,115,160,160,161,161,160,171,200],"gold":566,"neow_bonus":"RANDOM_EVENT","is_daily":false,"chose_seed":false,"campfire_upgraded":4,"win_rate":0.0,"timestamp":1609794109,"path_taken":["M","?","?","?","M","E","R","$","T","R","?","COS","E","?","R","BOSS","M","M","?","?","M","E","COS","M","T","E","M","?","E","M","R","BOSS","M","$","M","M","M","E","R","NM","T","E","M","?","?","COS","R_BF","BOSS","R","$","E","BOSS"],"items_purchased_type":["Potion","Relic","Card","Relic","Relic"],"build_version":"2020-12-22","purchased_purges":2,"victory":true,"max_hp_per_floor":[65,65,65,65,65,68,68,68,71,71,74,77,80,85,85,88,88,91,94,97,97,100,103,106,109,112,124,130,98,106,106,106,113,113,115,118,121,125,128,137,137,143,146,157,160,160,160,160,160,161,161,161,184,189,242],"card_choices":[{"not_picked":["Unruled","Revamp","Spin"],"picked":"SKIP","floor":1},{"not_picked":["infinitespire:DeathsTouch","infinitespire:Punishment"],"picked":"infinitespire:UltimateForm","floor":3},{"not_picked":["ReturningBlade","Rewind","Rearm","Unruled"],"picked":"Luminosity","floor":4},{"not_picked":["Unruled","WasteNot","Rewind","Alleviate"],"picked":"BottledTime","floor":5},{"not_picked":["TH:CopperCoins","TH:ElvenBoots","TH:BikiniMail"],"picked":"TH:DeckOfManyThings","floor":6},{"not_picked":["Advance","Reset","ShatteredReality","Replace"],"picked":"TimeTheft","floor":6},{"not_picked":["TH:ElvenBoots","TH:TreasureMap","TH:ArmorSpikes"],"picked":"TH:DeckOfManyThings","floor":9},{"not_picked":["DoubleEdge","TimeWarp","Replace","Deadline"],"picked":"SurpressingFire","floor":11},{"not_picked":["Spin","Advance","Hightail","TimeWarp"],"picked":"TrueSight","floor":11},{"not_picked":["Revamp","BottledTime","Moonlight","SurpressingFire"],"picked":"Rearm","floor":12},{"not_picked":["FastForward","Sabotage","Replace","TimeWarp"],"picked":"SurpressingFire","floor":12},{"not_picked":["Replace","Alleviate","Revamp","Moonlight"],"picked":"Rearm","floor":12},{"not_picked":["Barrier","Replace","Unruled","Snipe"],"picked":"Revamp","floor":12},{"not_picked":["LightFlow","Deadline","Ricochet","FastForward"],"picked":"Rearm","floor":12},{"not_picked":["TH:Mimic","TH:PixieDust","TH:ElvenBoots"],"picked":"TH:CursedSword","floor":13},{"not_picked":["Defy","Shuttle","Starlight","FastForward"],"picked":"Initiator","floor":13},{"not_picked":["Gouge","Defy","Desolation","TimeTheft"],"picked":"SilverBlades","floor":14},{"not_picked":["TH:ElvenBoots","TH:EnergyPotion","TH:PixieDust"],"picked":"TH:DeckOfManyThings","floor":16},{"not_picked":["Solidify","Dilation","Duplication","MurderousAura"],"picked":"FloweringNight","floor":16},{"not_picked":["FastForward","DoubleEdge+1","Rearm","Potential"],"picked":"SoulSculpture","floor":18},{"not_picked":["Advance","Deadline","Defy","TimeTheft"],"picked":"SurpressingFire","floor":19},{"not_picked":["SilverBlades","FastForward","Rearm","ShatteredReality"],"picked":"Starlight","floor":20},{"not_picked":["MoonPhase","Spin+1","DoubleEdge+1","TimeTheft"],"picked":"FanOfKnives+1","floor":22},{"not_picked":["TH:CopperCoins","TH:ArmorSpikes","TH:Mimic"],"picked":"TH:DeckOfManyThings","floor":23},{"not_picked":["Rewind","Advance","Replace","Dilation"],"picked":"FlawlessForm","floor":23},{"not_picked":["RealityMarble","DoubleEdge","ShatteredReality+1","Alleviate"],"picked":"PendulumOfEternity","floor":25},{"not_picked":["TH:TreasureMap","TH:CopperCoins","TH:Mimic"],"picked":"TH:DeckOfManyThings","floor":26},{"not_picked":["BestPractice","Collapse+1","RealityMarble","ShatteredReality+1"],"picked":"Moondial","floor":27},{"not_picked":["TH:EnergyPotion","TH:CopperCoins","TH:ArmorSpikes"],"picked":"TH:CursedSword","floor":27},{"not_picked":["Defy","Rewind","Revamp","BestPractice"],"picked":"BottledTime","floor":28},{"not_picked":["TH:TreasureMap","TH:CopperCoins","TH:EnergyPotion"],"picked":"TH:BikiniMail","floor":30},{"not_picked":["Ricochet+1","Defy","ShatteredReality","Revamp"],"picked":"BottledTime","floor":30},{"not_picked":["Spin","Alleviate","Moonlight","Rewind","ShatteredReality+1"],"picked":"SKIP","floor":31},{"not_picked":["TH:EnergyPotion","TH:Mimic","TH:ElvenBoots"],"picked":"TH:CursedSword","floor":33},{"not_picked":["Sunlight","Dilation","SoulSculpture","Duplication"],"picked":"TheWorld","floor":33},{"not_picked":["Moonlight+1","Revamp","Potential","Alleviate+1","Desolation"],"picked":"SKIP","floor":35},{"not_picked":["Revamp","InstantArmor+1","Defy+1","ShiftingGears"],"picked":"Rearm+1","floor":37},{"not_picked":["Replace+1","Ricochet+1","TimeTheft+1","Luminosity"],"picked":"BottledTime","floor":38},{"not_picked":["RealityMarble+1","Sunlight","Defy+1","Ricochet+1"],"picked":"Rearm","floor":39},{"not_picked":["TH:Mimic","TH:ArmorSpikes","TH:ElvenBoots"],"picked":"TH:DeckOfManyThings","floor":40},{"not_picked":["TimeWarp","FastForward","ShatteredReality+1","ForgedInTime"],"picked":"Gouge+1","floor":40},{"not_picked":["TH:BikiniMail","TH:EnergyPotion","TH:Mimic"],"picked":"TH:DeckOfManyThings","floor":42},{"not_picked":["Reset","TimeWarp","Shuttle","Contraction"],"picked":"Starlight+1","floor":42},{"not_picked":["TH:PixieDust","TH:ElvenBoots","TH:ArmorSpikes"],"picked":"TH:DeckOfManyThings","floor":43},{"not_picked":["TH:CursedSword","TH:ArmorSpikes","TH:EnergyPotion"],"picked":"TH:BikiniMail","floor":44},{"not_picked":["TrueSight","Starlight","Replace+1","SpecialFormula"],"picked":"StarChef","floor":44},{"not_picked":["TimeWarp+1","PendulumOfEternity","Defy","Revamp"],"picked":"Starlight","floor":45},{"not_picked":[],"picked":"Luminosity","floor":53},{"not_picked":[],"picked":"Jack Of All Trades","floor":53},{"not_picked":[],"picked":"MostiFishMod:ElfcollectionBox","floor":53},{"not_picked":["Desolation"],"picked":"SKIP","floor":53},{"not_picked":["Sabotage"],"picked":"SKIP","floor":53},{"not_picked":["Revamp"],"picked":"SKIP","floor":53},{"not_picked":["Defy+1"],"picked":"SKIP","floor":53},{"not_picked":["TH:ArmorSpikes","TH:EnergyPotion","TH:ElvenBoots"],"picked":"TH:TreasureMap","floor":54},{"not_picked":["FastForward","Rearm","FanOfKnives+1","Manipulate"],"picked":"Luminosity","floor":54}],"player_experience":216270,"relics_obtained":[{"floor":1,"key":"SynthV:TestCard"},{"floor":6,"key":"Replay:Ringing Soul"},{"floor":13,"key":"infinitespire:Midas Blood"},{"floor":19,"key":"wanderingMiniBosses:CarrionFlame"},{"floor":23,"key":"Dota2Spire:LotusOrb"},{"floor":25,"key":"Gensokyo:MosesMiracle"},{"floor":26,"key":"Akabeko"},{"floor":27,"key":"Art of War"},{"floor":30,"key":"KneeBrace"},{"floor":40,"key":"Replay:Arrowhead"},{"floor":42,"key":"infinitespire:WardingShard"},{"floor":43,"key":"MealTicket"},{"floor":44,"key":"Regal Pillow"},{"floor":53,"key":"Guide Book"},{"floor":53,"key":"Oddly Smooth Stone"},{"floor":53,"key":"MetatronsCube"},{"floor":53,"key":"Mummified Hand"},{"floor":53,"key":"Bronze Scales"},{"floor":53,"key":"halation:SwordOfLegend"},{"floor":54,"key":"hubris:Metronome"}],"event_choices":[],"is_beta":false,"boss_relics":[{"not_picked":["vexMod:MegatonBomb","Kintsugi"],"picked":"ChiXiaoBlade"},{"not_picked":["Honey Jar","RhineSuit"],"picked":"vexMod:MysteryBossChallenge"}],"items_purged_floors":[8,36],"is_endless":false,"potions_floor_spawned":[13,14,20,28,30,31,37,40,42],"ascension_level":3}}