{"host":"mgc7o2tpy0ck407l","time":1609723561,"event":{"mods":["Alarm Clock","AlwaysNeverKeys","BaseMod","Better Altar","Better Match","Better Note","Better Sensory Stone","Better Skull","Better Third Choice","Better Vampires","Block Reminder","Booster Modes","Challenge The Spire","Colored Map","Colored Powertips","Disable Question Mark Monsters","Emptier Cage","Infinite Spire","Minty Spire (QoL Compilation)","Permanent Neow","Quick Restart","Rare Cards Sparkle","Reorder Act Four","Replay The Spire","Spicy Shops","StSLib","Transform Curses","Unceasing Turn Reminder"],"gold_per_floor":[113,78,78,93,104,104,120,120,120,140,65,91,116,128,128,228,228,238,59,86,86,185,185,205,224,224,28,28,28,28,39,39,62,62,161,161,181,181,197,12,12,41,59,90,116,150,162,7,7,32,32,32,32,32,32,62,62],"floor_reached":58,"playtime":4312,"items_purged":["Thunderclap","Defend_R"],"score":1503,"play_id":"07486bd4-d826-4c71-bb8a-c184a55ec1fc","local_time":"20210103202601","is_ascension_mode":true,"campfire_choices":[{"data":"Perfected Strike","floor":6.0,"key":"SMITH"},{"data":"Perfected Strike","floor":8.0,"key":"SMITH"},{"data":"ReplayTheSpireMod:LeadingStrike","floor":15.0,"key":"SMITH"},{"data":"Replay:Undeath\u0027s Touch","floor":23.0,"key":"SMITH"},{"data":"Inflame","floor":28.0,"key":"SMITH"},{"data":"Replay:Undeath\u0027s Touch","floor":28.0,"key":"SMITH"},{"data":"infinitespire:SevenWalls","floor":34.0,"key":"SMITH"},{"data":"infinitespire:Collect","floor":34.0,"key":"SMITH"},{"data":"infinitespire:Gouge","floor":51.0,"key":"SMITH"},{"data":"Pommel Strike","floor":51.0,"key":"SMITH"},{"data":"Demon Form","floor":55.0,"key":"SMITH"},{"data":"Heavy Blade","floor":55.0,"key":"SMITH"}],"circlet_count":1,"master_deck":["Strike_R+1","Strike_R+1","Strike_R","Strike_R","Strike_R","Defend_R","Defend_R","Bash","Perfected Strike+1","Twin Strike","Perfected Strike+1","infinitespire:OneForAll","ReplayTheSpireMod:LeadingStrike+1","Replay:Undeath\u0027s Touch+1","Pommel Strike+1","Demon Form+1","Flex","Heavy Blade+1","Pommel Strike","Replay:Undeath\u0027s Touch+1","Inflame+1","Warcry","infinitespire:Collect+1","infinitespire:SevenWalls+1","Replay:Many Hands+1","Perfected Strike+1","Pommel Strike+1","infinitespire:Gouge+1","ReplayReversal+1","Perfected Strike"],"relics":["Black Blood","betterThird:SlimedRelic","Shuriken","Odd Mushroom","Circlet","infinitespire:Cupcake","ReplayTheSpireMod:Shallot","Red Mask","Bloody Idol","Blood Vial","Replay:Kaleidoscope","Replay:Arrowhead","PreservedInsect","infinitespire:Satchel","infinitespire:Lucky Rock","Replay:Grab Bag","Mark of Pain","Sozu","Orichalcum","Pondfish Scales","Divine Protection","Replay:Wax Seal","Ancient Tea Set","Chemical X","Nunchaku","Replay:Baseball","Simple Rune","infinitespire:Eraser","infinitespire:Golems Mask"],"acts_visited":["Exordium","TheCity","TheBeyond","TheEnding"],"potions_floor_usage":[57],"damage_taken":[{"damage":0.0,"enemies":"Small Slimes","floor":1.0,"turns":3.0},{"damage":10.0,"enemies":"Cultist","floor":4.0,"turns":4.0},{"damage":6.0,"enemies":"Jaw Worm","floor":5.0,"turns":3.0},{"damage":4.0,"enemies":"Large Slime","floor":7.0,"turns":5.0},{"damage":6.0,"enemies":"2 Fungi Beasts","floor":10.0,"turns":2.0},{"damage":0.0,"enemies":"3 Sentries","floor":12.0,"turns":1.0},{"damage":8.0,"enemies":"The Mushroom Lair","floor":13.0,"turns":3.0},{"damage":17.0,"enemies":"Exordium Wildlife","floor":14.0,"turns":3.0},{"damage":57.0,"enemies":"The Guardian","floor":16.0,"turns":7.0},{"damage":10.0,"enemies":"3 Byrds","floor":18.0,"turns":4.0},{"damage":0.0,"enemies":"Masked Bandits","floor":20.0,"turns":3.0},{"damage":8.0,"enemies":"2 Thieves","floor":24.0,"turns":3.0},{"damage":0.0,"enemies":"Snake Plant","floor":25.0,"turns":2.0},{"damage":0.0,"enemies":"3 Cultists","floor":31.0,"turns":3.0},{"damage":10.0,"enemies":"Champ","floor":35.0,"turns":6.0},{"damage":0.0,"enemies":"Orb Walker","floor":37.0,"turns":2.0},{"damage":9.0,"enemies":"3 Shapes","floor":39.0,"turns":2.0},{"damage":0.0,"enemies":"Reptomancer","floor":42.0,"turns":2.0},{"damage":0.0,"enemies":"Spire Growth","floor":43.0,"turns":2.0},{"damage":20.0,"enemies":"Giant Head","floor":44.0,"turns":5.0},{"damage":0.0,"enemies":"R_Hoarder","floor":46.0,"turns":3.0},{"damage":0.0,"enemies":"Writhing Mass","floor":47.0,"turns":2.0},{"damage":0.0,"enemies":"Nemesis","floor":50.0,"turns":2.0},{"damage":27.0,"enemies":"Donu and Deca","floor":52.0,"turns":5.0},{"damage":0,"enemies":"Shield and Spear","floor":56,"turns":2},{"damage":77,"enemies":"The Heart","floor":57,"turns":6}],"seed_played":"6402146976326556077","potions_obtained":[{"floor":5.0,"key":"PowerPotion"},{"floor":7.0,"key":"Languid Potion"},{"floor":12.0,"key":"SteroidPotion"},{"floor":14.0,"key":"Milkshake"},{"floor":25.0,"key":"SkillPotion"},{"floor":31.0,"key":"DuplicationPotion"},{"floor":35.0,"key":"Toxic Potion"}],"is_trial":false,"path_per_floor":["M","?","?","M","M","R","M","R","T","M","$","E","?","M","R","B",null,"M","$","?","?","?","R","M","M","T","$","R","PTL","PTL","M","AVR","T","R","B",null,"M","?","M","$","?","E","M","E","T","E","M","$","?","E","R","B",null,"$","R","E","B",null],"character_chosen":"IRONCLAD","items_purchased":["ReplayTheSpireMod:Shallot","Heavy Blade","Inflame","Replay:Arrowhead","PreservedInsect","Pommel Strike+1","Orichalcum","Chemical X"],"campfire_rested":0,"item_purchase_floors":[19,19,27,27,27,40,40,48],"current_hp_per_floor":[80,69,69,65,65,65,67,67,67,67,67,73,71,60,60,9,80,76,76,80,19,24,24,34,47,47,47,47,47,47,60,60,65,65,68,80,80,80,80,80,60,79,80,77,80,80,80,80,28,47,47,34,80,80,80,80,15],"gold":62,"neow_bonus":"RANDOM_EVENT","is_daily":false,"chose_seed":false,"campfire_upgraded":12,"win_rate":0.0,"timestamp":1609723561,"path_taken":["M","?","?","M","M","R","M","R","T","?","?","E","?","M","R","BOSS","M","$","?","?","?","R","?","?","T","$","R","PTL","PTL","M","AVR","?","R","BOSS","M","?","?","$","?","E","M","E","T","E","M","$","?","E","R","BOSS","$","R","E","BOSS"],"items_purchased_type":["Relic","Card","Card","Relic","Relic","Card","Relic","Relic"],"build_version":"2020-12-22","purchased_purges":2,"victory":true,"max_hp_per_floor":[80,80,80,80,80,80,80,80,80,80,80,80,80,80,80,80,80,80,80,80,80,80,80,80,80,80,80,80,80,80,80,80,80,80,80,80,80,80,80,80,80,80,80,80,80,80,80,80,80,80,80,80,80,80,80,80,80],"card_choices":[{"not_picked":["Carnage","Run Through"],"picked":"Thunderclap","floor":1.0},{"not_picked":["Shockwave","Headbutt"],"picked":"Perfected Strike","floor":4.0},{"not_picked":["Sword Boomerang","Cleave"],"picked":"Twin Strike","floor":5.0},{"not_picked":["Defy Death","Clash"],"picked":"Perfected Strike","floor":7.0},{"not_picked":["Armaments","Spot Weakness"],"picked":"infinitespire:OneForAll","floor":10.0},{"not_picked":["Double Tap","Wild Strike"],"picked":"ReplayTheSpireMod:LeadingStrike","floor":12.0},{"not_picked":["Rage","Heavy Blade"],"picked":"Replay:Undeath\u0027s Touch","floor":13.0},{"not_picked":["Anger","Dropkick"],"picked":"Pommel Strike","floor":14.0},{"not_picked":["Demonic Infusion","Juggernaut"],"picked":"Demon Form","floor":16.0},{"not_picked":["ReplayTheSpireMod:Limb From Limb","Headbutt"],"picked":"Flex","floor":18.0},{"not_picked":["Cleave","Spot Weakness"],"picked":"Pommel Strike","floor":20.0},{"not_picked":["Rampage","Rupture","Burning Pact"],"picked":"SKIP","floor":24.0},{"not_picked":["Hemokinesis","Bloodletting"],"picked":"Replay:Undeath\u0027s Touch","floor":25.0},{"not_picked":["Clash","ReplayTheSpireMod:Strike From Hell"],"picked":"Warcry","floor":31.0},{"not_picked":["Demonic Infusion","Fiend Fire"],"picked":"Replay:Many Hands","floor":35.0},{"not_picked":["Defy Death","ReplayTheSpireMod:Strike From Hell","Thunderclap"],"picked":"SKIP","floor":37.0},{"not_picked":["Massacre","Shrug It Off"],"picked":"Perfected Strike+1","floor":39.0},{"not_picked":["infinitespire:TheBestDefense","ReplayTheSpireMod:??????????????????????"],"picked":"infinitespire:Gouge","floor":41.0},{"not_picked":["Abandon","Immolate","Feel No Pain+1"],"picked":"SKIP","floor":42.0},{"not_picked":["ReplayTheSpireMod:Muscle Training","Clash","Heavy Blade"],"picked":"SKIP","floor":43.0},{"not_picked":["ReplayTheSpireMod:Strike From Hell","Fire Breathing","Abandon"],"picked":"SKIP","floor":44.0},{"not_picked":["Demon Form","ReplayTheSpireMod:Corrosion Curse","Warcry"],"picked":"SKIP","floor":46.0},{"not_picked":["Thunderclap+1","Twin Strike"],"picked":"ReplayReversal+1","floor":47.0},{"not_picked":["Burning Pact+1","Thunderclap","Rage"],"picked":"SKIP","floor":50.0},{"not_picked":["Abandon","Cleave"],"picked":"Perfected Strike","floor":56}],"player_experience":716145,"relics_obtained":[{"floor":9.0,"key":"Shuriken"},{"floor":12.0,"key":"Dead Branch"},{"floor":13.0,"key":"Odd Mushroom"},{"floor":20.0,"key":"Red Mask"},{"floor":26.0,"key":"Replay:Kaleidoscope"},{"floor":33.0,"key":"infinitespire:Lucky Rock"},{"floor":42.0,"key":"Pondfish Scales"},{"floor":44.0,"key":"Divine Protection"},{"floor":45.0,"key":"Replay:Wax Seal"},{"floor":46.0,"key":"Ancient Tea Set"},{"floor":50.0,"key":"infinitespire:Eraser"},{"floor":56,"key":"infinitespire:Golems Mask"}],"event_choices":[{"damage_healed":0.0,"max_hp_gain":0.0,"max_hp_loss":0.0,"gold_gain":0.0,"event_name":"betterThird:BetterGoop","player_choice":"Slimed","floor":2.0,"gold_loss":35.0,"damage_taken":11.0},{"cards_removed":["Strike_R"],"damage_healed":0.0,"max_hp_gain":0.0,"max_hp_loss":0.0,"gold_gain":0.0,"event_name":"betterNote:BetterNote","player_choice":"Take \u0026 Give","floor":3.0,"gold_loss":0.0,"damage_taken":0.0,"cards_obtained":["infinitespire:SealOfDarkness"]},{"damage_healed":0.0,"max_hp_gain":0.0,"max_hp_loss":0.0,"gold_gain":0.0,"event_name":"Mushrooms","player_choice":"Fought Mushrooms","floor":13.0,"gold_loss":0.0,"damage_taken":0.0},{"damage_healed":0.0,"max_hp_gain":0.0,"max_hp_loss":0.0,"gold_gain":0.0,"event_name":"Masked Bandits","player_choice":"Fought Bandits","floor":20.0,"gold_loss":0.0,"damage_taken":0.0},{"damage_healed":0.0,"max_hp_gain":80.0,"max_hp_loss":19.0,"gold_gain":0.0,"event_name":"betterAltar:BetterAltar","player_choice":" Idol Vial ","floor":21.0,"potions_obtained":[],"relics_lost":[],"gold_loss":0.0,"damage_taken":61.0,"relics_obtained":["Bloody Idol","Blood Vial"]},{"damage_healed":0.0,"max_hp_gain":0.0,"max_hp_loss":0.0,"gold_gain":99.0,"event_name":"betterThird:BetterNest","player_choice":"Steal","floor":22.0,"gold_loss":0.0,"damage_taken":0.0},{"damage_healed":0.0,"max_hp_gain":0.0,"max_hp_loss":0.0,"gold_gain":0.0,"event_name":"Accursed Blacksmith","player_choice":"Forge","floor":38.0,"gold_loss":0.0,"damage_taken":0.0,"cards_upgraded":["Replay:Many Hands"]},{"damage_healed":0.0,"max_hp_gain":0.0,"max_hp_loss":0.0,"gold_gain":0.0,"event_name":"betterSkull:BetterSkull","player_choice":"RE RE RE ","floor":49.0,"gold_loss":0.0,"damage_taken":58.0,"cards_upgraded":[],"relics_obtained":["Nunchaku","Replay:Baseball","Simple Rune"]}],"is_beta":false,"boss_relics":[{"not_picked":["Kintsugi","Astrolabe"],"picked":"infinitespire:Cupcake"},{"not_picked":["Velvet Choker","Honey Jar"],"picked":"Replay:Grab Bag"},{"not_picked":["ReplayTheSpireMod:DimensionalGlitch","Replay:Wanted Poster"],"picked":"Mark of Pain"},{"not_picked":["Coffee Dripper","Runic Dome"],"picked":"Sozu"},{"not_picked":["Replay:Drink Me","Runic Pyramid"],"picked":"Black Blood"}],"items_purged_floors":[11,32],"is_endless":false,"potions_floor_spawned":[5,7,12,14,25,31,35,37,42,46,47],"ascension_level":1}}