{"host":"8m3txu8mcyu46pv6","time":1609776969,"event":{"mods":["ATMod(°¢èªMod)","BaseMod","Minty Spire (QoL Compilation)","StSLib"],"gold_per_floor":[117,134,134,134,183,208,223,223,223,223,239,257,257,289,289,362,362,374,374,56,74,74,74,105,119,119,119,132,157,175,200,200,274,274,288,288,25,35,55,85,85,116,165,165,196,206,217,228,228,228,228,228,70,98,98],"floor_reached":56,"playtime":2121,"items_purged":["Strike_R","Regret"],"score":2650,"play_id":"46f44e84-583a-4149-9618-4d5dfb8c8bcb","local_time":"20210105001609","is_ascension_mode":true,"campfire_choices":[{"data":"Armaments","floor":8.0,"key":"SMITH"},{"data":"AT_FamilyPortrait","floor":13.0,"key":"SMITH"},{"data":"AT_BodySlamDance","floor":15.0,"key":"SMITH"},{"data":"Feed","floor":23.0,"key":"SMITH"},{"floor":27.0,"key":"RECALL"},{"data":"Battle Trance","floor":32.0,"key":"SMITH"},{"data":"Reaper","floor":41.0,"key":"SMITH"},{"data":"Ghostly Armor","floor":49,"key":"SMITH"},{"data":"Bash","floor":52,"key":"SMITH"}],"circlet_count":0,"master_deck":["AscendersBane","Strike_R+1","Strike_R+1","Defend_R","Defend_R","Defend_R","Bash+1","AT_FamilyPortrait+1","Armaments+1","AT_BodySlamDance+1","Reaper+1","Ghostly Armor+1","Feed+1","AT_ShrugMaster+1","Battle Trance+1","Offering+1","AT_FamilyPortrait+1","AT_DiedThrough+1"],"relics":["Black Blood","AT_ATBox","NeowsBlessing","AT_SunfireAegis","Orichalcum","AT_BellowingDragoncrestRing","Meat on the Bone","Toy Ornithopter","Red Skull","Dead Branch","Calipers","Happy Flower","Oddly Smooth Stone","Mark of Pain","Strawberry","AT_RedTearstoneRing","Ancient Tea Set","AT_TimeSand","Bag of Marbles","Ginger"],"acts_visited":["Exordium","TheCity","TheBeyond","TheEnding"],"potions_floor_usage":[],"damage_taken":[{"damage":0.0,"enemies":"Small Slimes","floor":1.0,"turns":1.0},{"damage":0.0,"enemies":"2 Louse","floor":2.0,"turns":1.0},{"damage":0.0,"enemies":"Gremlin Nob","floor":6.0,"turns":1.0},{"damage":7.0,"enemies":"Jaw Worm","floor":7.0,"turns":3.0},{"damage":32.0,"enemies":"Large Slime","floor":11.0,"turns":6.0},{"damage":24.0,"enemies":"Exordium Wildlife","floor":12.0,"turns":5.0},{"damage":23.0,"enemies":"Lagavulin","floor":14.0,"turns":4.0},{"damage":24.0,"enemies":"Slime Boss","floor":16.0,"turns":7.0},{"damage":33.0,"enemies":"Chosen","floor":18.0,"turns":7.0},{"damage":9.0,"enemies":"3 Byrds","floor":21.0,"turns":4.0},{"damage":61.0,"enemies":"Slavers","floor":24.0,"turns":5.0},{"damage":16.0,"enemies":"Centurion and Healer","floor":25.0,"turns":3.0},{"damage":24.0,"enemies":"Cultist and Chosen","floor":28.0,"turns":5.0},{"damage":17.0,"enemies":"Book of Stabbing","floor":29.0,"turns":3.0},{"damage":4.0,"enemies":"Chosen and Byrds","floor":30.0,"turns":3.0},{"damage":34.0,"enemies":"Slavers","floor":31.0,"turns":4.0},{"damage":6.0,"enemies":"Collector","floor":33.0,"turns":6.0},{"damage":8.0,"enemies":"3 Shapes","floor":35.0,"turns":3.0},{"damage":10.0,"enemies":"3 Darklings","floor":38.0,"turns":3.0},{"damage":6.0,"enemies":"Spire Growth","floor":39.0,"turns":3.0},{"damage":12.0,"enemies":"Reptomancer","floor":40.0,"turns":4.0},{"damage":6.0,"enemies":"Giant Head","floor":42.0,"turns":1.0},{"damage":14,"enemies":"Nemesis","floor":45,"turns":2},{"damage":12,"enemies":"Sphere and 2 Shapes","floor":46,"turns":1},{"damage":6,"enemies":"Transient","floor":47,"turns":6},{"damage":8,"enemies":"Maw","floor":48,"turns":4},{"damage":18,"enemies":"Donu and Deca","floor":50,"turns":4},{"damage":12,"enemies":"Shield and Spear","floor":54,"turns":3},{"damage":76,"enemies":"The Heart","floor":55,"turns":5}],"seed_played":"3930239470094651951","potions_obtained":[{"floor":1.0,"key":"DuplicationPotion"},{"floor":7.0,"key":"GamblersBrew"},{"floor":14.0,"key":"BloodPotion"},{"floor":16.0,"key":"HeartOfIron"},{"floor":21.0,"key":"LiquidBronze"},{"floor":29.0,"key":"SkillPotion"},{"floor":30.0,"key":"Energy Potion"},{"floor":31.0,"key":"FairyPotion"}],"is_trial":false,"path_per_floor":["M","M","?","?","T","E","M","R","T","?","M","M","R","E","R","B",null,"M","?","$","M","?","R","E","M","T","R","M","E","M","E","R","B",null,"M","?","$","M","M","E","R","E","T","?","E","M","M","M","R","B",null,"R","$","E","B",null],"character_chosen":"IRONCLAD","items_purchased":["Ghostly Armor","Red Skull","Strawberry","Bag of Marbles"],"campfire_rested":0,"item_purchase_floors":[20,20,37,53],"current_hp_per_floor":[74,75,52,45,45,51,50,50,50,50,44,38,38,33,33,47,68,59,59,59,67,67,67,46,58,58,58,70,70,78,56,56,62,81,87,87,94,94,94,94,94,88,88,88,87,91,98,98,98,92,97,97,97,98,59],"gold":98,"neow_bonus":"THREE_ENEMY_KILL","is_daily":false,"chose_seed":false,"campfire_upgraded":8,"win_rate":0.0,"timestamp":1609776969,"path_taken":["M","M","?","?","?","E","M","R","T","?","M","M","R","E","R","BOSS","M","?","$","M","?","R","E","M","T","R","M","E","?","E","R","BOSS","M","?","$","?","M","E","R","E","T","?","E","M","M","?","R","BOSS","R","$","E","BOSS"],"items_purchased_type":["Card","Relic","Relic","Relic"],"build_version":"2020-12-22","purchased_purges":2,"victory":true,"max_hp_per_floor":[75,75,75,75,75,75,75,75,75,75,75,75,75,75,75,75,75,75,75,75,75,75,75,79,83,83,83,87,87,87,87,87,87,87,87,87,94,94,94,94,94,94,94,94,94,98,98,98,98,98,98,98,98,98,98],"card_choices":[{"not_picked":["Infernal Blade","Wild Strike","Anger"],"picked":"SKIP","floor":1.0},{"not_picked":["Burning Pact","Carnage"],"picked":"Armaments","floor":2.0},{"not_picked":["Anger","Sword Boomerang","AT_IchimonjiDouble"],"picked":"SKIP","floor":6.0},{"not_picked":["AT_CaressingTears","Clothesline"],"picked":"AT_BodySlamDance","floor":7.0},{"not_picked":["Feel No Pain","Searing Blow","Perfected Strike"],"picked":"SKIP","floor":11.0},{"not_picked":["Spot Weakness","AT_CaressingTears","Searing Blow"],"picked":"SKIP","floor":12.0},{"not_picked":["Headbutt","Clash","Corruption"],"picked":"SKIP","floor":14.0},{"not_picked":["Limit Break","Feed"],"picked":"Reaper","floor":16.0},{"not_picked":["AT_CaressingTears","Cleave","Havoc"],"picked":"SKIP","floor":18.0},{"not_picked":["Anger+1","Disarm","AT_IchimonjiDouble"],"picked":"SKIP","floor":21.0},{"not_picked":["Uppercut","Brutality"],"picked":"AT_ShrugMaster+1","floor":24.0},{"not_picked":["Intimidate","Wild Strike","Pummel"],"picked":"SKIP","floor":25.0},{"not_picked":["AT_IchimonjiDouble","AT_ManFootWork+1","Iron Wave"],"picked":"SKIP","floor":28.0},{"not_picked":["Shrug It Off","Heavy Blade"],"picked":"Battle Trance","floor":29.0},{"not_picked":["Iron Wave","Clash","Sword Boomerang"],"picked":"SKIP","floor":30.0},{"not_picked":["Thunderclap","Warcry","Combust"],"picked":"SKIP","floor":31.0},{"not_picked":["Reaper","Berserk"],"picked":"Offering","floor":33.0},{"not_picked":["Rage","Seeing Red","AT_IchimonjiDouble"],"picked":"SKIP","floor":35.0},{"not_picked":["Hemokinesis+1","Flex+1"],"picked":"AT_DiedThrough+1","floor":38.0},{"not_picked":["Inflame","Combust+1","AT_BodySlamDance"],"picked":"SKIP","floor":39.0},{"not_picked":["Headbutt","Thunderclap","Twin Strike"],"picked":"SKIP","floor":40.0},{"not_picked":["AT_GerminateFire","Cleave","Feed"],"picked":"SKIP","floor":42.0},{"not_picked":["Rampage","Sword Boomerang+1","Iron Wave"],"picked":"SKIP","floor":45},{"not_picked":["Burning Pact","AT_DiedThrough","Flex"],"picked":"SKIP","floor":46},{"not_picked":["Twin Strike","Sword Boomerang","Heavy Blade"],"picked":"SKIP","floor":47},{"not_picked":["Feel No Pain+1","Thunderclap+1","Spot Weakness+1"],"picked":"SKIP","floor":48},{"not_picked":["Havoc","Whirlwind","Warcry"],"picked":"SKIP","floor":54}],"player_experience":67965,"relics_obtained":[{"floor":5.0,"key":"AT_SunfireAegis"},{"floor":6.0,"key":"Orichalcum"},{"floor":9.0,"key":"AT_BellowingDragoncrestRing"},{"floor":14.0,"key":"Toy Ornithopter"},{"floor":24.0,"key":"Dead Branch"},{"floor":26.0,"key":"Calipers"},{"floor":29.0,"key":"Happy Flower"},{"floor":31.0,"key":"Oddly Smooth Stone"},{"floor":40.0,"key":"AT_RedTearstoneRing"},{"floor":42.0,"key":"Ancient Tea Set"},{"floor":45,"key":"AT_TimeSand"},{"floor":54,"key":"Ginger"}],"event_choices":[{"damage_healed":0.0,"max_hp_gain":0.0,"max_hp_loss":0.0,"gold_gain":0.0,"event_name":"Shining Light","player_choice":"Entered Light","floor":3.0,"gold_loss":0.0,"damage_taken":23.0,"cards_upgraded":["Strike_R","Strike_R"]},{"cards_removed":["Strike_R"],"damage_healed":0.0,"max_hp_gain":0.0,"max_hp_loss":0.0,"gold_gain":0.0,"event_name":"Golden Wing","player_choice":"Card Removal","floor":4.0,"gold_loss":0.0,"damage_taken":7.0},{"damage_healed":0.0,"max_hp_gain":0.0,"max_hp_loss":0.0,"gold_gain":0.0,"event_name":"Big Fish","player_choice":"Box","floor":10.0,"gold_loss":0.0,"damage_taken":0.0,"relics_obtained":["Meat on the Bone"],"cards_obtained":["Regret"]},{"cards_removed":["Strike_R"],"damage_healed":0.0,"max_hp_gain":0.0,"max_hp_loss":0.0,"gold_gain":0.0,"event_name":"Back to Basics","player_choice":"Elegance","floor":19.0,"gold_loss":0.0,"damage_taken":0.0},{"damage_healed":0.0,"max_hp_gain":0.0,"max_hp_loss":0.0,"gold_gain":0.0,"cards_transformed":["Defend_R"],"event_name":"Transmorgrifier","player_choice":"Transformed","floor":22.0,"gold_loss":0.0,"damage_taken":0.0,"cards_obtained":["Feed"]},{"damage_healed":0.0,"max_hp_gain":0.0,"max_hp_loss":0.0,"gold_gain":0.0,"event_name":"Duplicator","player_choice":"Copied","floor":36.0,"gold_loss":0.0,"damage_taken":0.0,"cards_obtained":["AT_FamilyPortrait"]},{"damage_healed":0,"gold_gain":0,"player_choice":"Upgraded","damage_taken":0,"max_hp_gain":0,"max_hp_loss":0,"event_name":"Upgrade Shrine","floor":44,"gold_loss":0,"cards_upgraded":["Offering"]}],"is_beta":false,"boss_relics":[{"not_picked":["Busted Crown","Snecko Eye"],"picked":"Black Blood"},{"not_picked":["Tiny House","Astrolabe"],"picked":"Mark of Pain"}],"items_purged_floors":[20,37],"is_endless":false,"potions_floor_spawned":[1,7,12,14,16,21,29,30,31,33,35,40,45,46,48],"ascension_level":17}}