{"host":"y89x8uui45kcjy42","time":1609764941,"event":{"mods":["2.2 Compatiblity","BaseMod","CapriCore","Colored Map","Colored Powertips","Custom Start","Friendly Minions","Keyboard Shortcuts","Lobotomy","Minty Spire (QoL Compilation)","Relic Stats","Slay the Relics Exporter","StSLib","SuperFastMode","Uncapped"],"gold_per_floor":[116,131,131,143,162,162,195,195,221,221,252,268,268,300,300,395,395,405,90,90,81,99,99,126,142,215,231,231,247,247,247,247,348,348,378,390,402],"floor_reached":38,"playtime":1154,"items_purged":["Strike_P"],"score":921,"play_id":"8098e369-df38-46ea-8c2b-a3cc6c4f2c7f","local_time":"20210104215541","is_ascension_mode":true,"campfire_choices":[{"data":"Eruption","floor":6,"key":"SMITH"},{"data":"MentalFortress","floor":8,"key":"SMITH"},{"data":"FlurryOfBlows","floor":10,"key":"SMITH"},{"data":"ClearTheMind","floor":15,"key":"SMITH"},{"data":"Vault","floor":23,"key":"SMITH"},{"data":"DeusExMachina","floor":32,"key":"SMITH"}],"circlet_count":0,"master_deck":["Eruption+1","FlurryOfBlows+1","MentalFortress+1","Vengeance","Consecrate+1","EmptyMind","ClearTheMind+1","Vault+1","Study+1","EmptyBody+1","WheelKick+1","InnerPeace","CrushJoints+1","Worship","DeusExMachina+1","MentalFortress","TalkToTheHand+1","Omniscience","Limit Break+1","Vault+1","Vault+1","Vault+1","Vault+1","Vault+1"],"relics":["PureWater","Omamori","WarpedTongs","Ancient Tea Set","Anchor","Whetstone","Matryoshka","Astrolabe","Kunai","Oddly Smooth Stone","Omamori","Orrery","Ornamental Fan","Akabeko","Meat on the Bone","MutagenicStrength","Enchiridion","Calling Bell","MawBank","Toxic Egg 2","Peace Pipe","Coffee Dripper","Coffee Dripper","Coffee Dripper","Incense Burner","Incense Burner","Incense Burner","Incense Burner","Incense Burner","Incense Burner","Vajra","Vajra","Vajra","Vajra","Vajra","Vajra","Vajra","Vajra","Vajra","Calipers","VioletLotus","Ring of the Serpent"],"acts_visited":["Exordium","TheCity","TheBeyond"],"potions_floor_usage":[7,16,38],"damage_taken":[{"damage":0,"enemies":"Small Slimes","floor":1,"turns":2},{"damage":0,"enemies":"Cultist","floor":2,"turns":2},{"damage":2,"enemies":"Jaw Worm","floor":4,"turns":3},{"damage":18,"enemies":"2 Fungi Beasts","floor":5,"turns":3},{"damage":0,"enemies":"Lagavulin","floor":7,"turns":3},{"damage":26,"enemies":"Gremlin Nob","floor":11,"turns":4},{"damage":8,"enemies":"Lots of Slimes","floor":12,"turns":3},{"damage":3,"enemies":"3 Sentries","floor":14,"turns":4},{"damage":9,"enemies":"The Guardian","floor":16,"turns":7},{"damage":0,"enemies":"Spheric Guardian","floor":18,"turns":3},{"damage":5,"enemies":"3 Byrds","floor":22,"turns":4},{"damage":0,"enemies":"Book of Stabbing","floor":24,"turns":3},{"damage":3,"enemies":"Shelled Parasite and Fungi","floor":25,"turns":4},{"damage":0,"enemies":"Chosen and Byrds","floor":27,"turns":3},{"damage":0,"enemies":"Snecko","floor":29,"turns":1},{"damage":0,"enemies":"Collector","floor":33,"turns":3},{"damage":0,"enemies":"Orb Walker","floor":35,"turns":2},{"damage":22,"enemies":"Awakened One","floor":37,"turns":9},{"damage":184,"enemies":"Malkuth","floor":38,"turns":20},{"damage":0,"enemies":"Netzach","floor":38,"turns":11},{"damage":0,"enemies":"Chesed","floor":38,"turns":7},{"damage":0,"enemies":"Hokma","floor":38,"turns":6},{"damage":0,"enemies":"Angela","floor":38,"turns":7}],"seed_played":"-1503246303496306550","potions_obtained":[{"floor":1,"key":"SkillPotion"},{"floor":4,"key":"SpeedPotion"},{"floor":5,"key":"ColorlessPotion"},{"floor":24,"key":"FairyPotion"},{"floor":25,"key":"Dexterity Potion"}],"is_trial":false,"path_per_floor":["M","M","?","M","M","R","E","R","T","R","E","M","T","E","R","B",null,"M","$","?","$","M","R","E","M","T","M","?","M","?","?","R","B",null,"M","?","B",null],"character_chosen":"WATCHER","items_purchased":["Kunai","Oddly Smooth Stone","Omamori","Orrery","MentalFortress"],"campfire_rested":0,"item_purchase_floors":[19,21,21,21,21],"current_hp_per_floor":[72,72,72,70,52,52,52,52,52,52,26,18,18,15,15,6,72,72,72,72,72,67,67,67,64,64,64,64,64,64,48,48,48,72,72,72,50],"gold":414,"neow_bonus":"","is_daily":false,"chose_seed":false,"campfire_upgraded":6,"win_rate":0.0,"timestamp":1609764941,"path_taken":["M","M","?","M","M","R","E","R","T","R","E","?","?","E","R","BOSS","M","$","?","$","M","R","E","M","T","M","?","M","?","?","R","BOSS","M","?","BOSS"],"items_purchased_type":["Relic","Relic","Relic","Relic","Card"],"build_version":"2020-12-22","purchased_purges":1,"victory":true,"max_hp_per_floor":[72,72,72,72,72,72,72,72,72,72,72,72,72,72,72,72,72,72,72,72,72,72,72,72,72,72,72,72,72,72,72,72,72,72,72,72,72],"relic_stats":{"Peace Pipe":0,"counters":[23,114],"Ornamental Fan":[184],"Astrolabe":["Study","EmptyBody","WheelKick"],"VioletLotus":[3],"Whetstone":["Consecrate","Strike_P"],"Kunai":[52],"MawBank":48,"obtain_stats":[{"Calipers":38,"Enchiridion":31,"Vajra":38,"Incense Burner":38,"Whetstone":11,"Ancient Tea Set":7,"CogitoBucket":0,"Matryoshka":14,"VioletLotus":38,"Kunai":19,"Toxic Egg 2":34,"Astrolabe":17,"Oddly Smooth Stone":21,"Omamori":3,"MawBank":34,"Akabeko":26,"WarpedTongs":3,"Calling Bell":34,"Peace Pipe":34,"Anchor":9,"Ornamental Fan":24,"MutagenicStrength":28,"Orrery":21,"Coffee Dripper":38,"PureWater":0,"Ring of the Serpent":38,"Meat on the Bone":26},{"Calipers":21,"Enchiridion":15,"Vajra":21,"Incense Burner":19,"Whetstone":6,"Ancient Tea Set":5,"CogitoBucket":0,"Matryoshka":8,"VioletLotus":21,"Kunai":10,"Toxic Egg 2":16,"Astrolabe":9,"Oddly Smooth Stone":10,"Omamori":2,"MawBank":16,"Akabeko":13,"WarpedTongs":2,"Calling Bell":16,"Peace Pipe":16,"Anchor":5,"Ornamental Fan":12,"MutagenicStrength":14,"Orrery":10,"Coffee Dripper":19,"PureWater":0,"Ring of the Serpent":21,"Meat on the Bone":13},{"Calipers":99,"Enchiridion":49,"Vajra":98,"Incense Burner":70,"Whetstone":17,"Ancient Tea Set":13,"CogitoBucket":0,"Matryoshka":24,"VioletLotus":101,"Kunai":34,"Toxic Egg 2":52,"Astrolabe":31,"Oddly Smooth Stone":34,"Omamori":4,"MawBank":52,"Akabeko":45,"WarpedTongs":4,"Calling Bell":52,"Peace Pipe":52,"Anchor":13,"Ornamental Fan":41,"MutagenicStrength":48,"Orrery":34,"Coffee Dripper":66,"PureWater":0,"Ring of the Serpent":101,"Meat on the Bone":45}],"WarpedTongs":[90],"Meat on the Bone":0},"card_choices":[{"not_picked":["JustLucky","WreathOfFlame"],"picked":"FlurryOfBlows","floor":1},{"not_picked":["Tantrum","Consecrate"],"picked":"MentalFortress","floor":2},{"not_picked":["SandsOfTime","SignatureMove"],"picked":"Vengeance","floor":4},{"not_picked":["Study","ReachHeaven"],"picked":"Consecrate","floor":5},{"not_picked":["SashWhip","PathToVictory"],"picked":"EmptyMind","floor":7},{"not_picked":["Alpha","Nirvana"],"picked":"ClearTheMind","floor":11},{"not_picked":["Evaluate","FlurryOfBlows","ClearTheMind"],"picked":"SKIP","floor":12},{"not_picked":["ThirdEye","Protect","Evaluate"],"picked":"SKIP","floor":14},{"not_picked":["MasterReality","Establishment"],"picked":"Vault","floor":16},{"not_picked":["Study","Pray","Crescendo"],"picked":"SKIP","floor":18},{"not_picked":["JustLucky","FearNoEvil"],"picked":"CrushJoints+1","floor":21},{"not_picked":["Nirvana","JustLucky"],"picked":"Worship","floor":21},{"not_picked":["JustLucky","FollowUp"],"picked":"DeusExMachina","floor":21},{"not_picked":["Crescendo","SashWhip"],"picked":"TalkToTheHand+1","floor":22},{"not_picked":["Protect","FollowUp","WreathOfFlame"],"picked":"SKIP","floor":24},{"not_picked":["Conclude+1","ClearTheMind+1","ReachHeaven"],"picked":"SKIP","floor":25},{"not_picked":["Sanctity","Protect","CutThroughFate+1"],"picked":"SKIP","floor":27},{"not_picked":["CutThroughFate","ThirdEye+1","Consecrate+1"],"picked":"SKIP","floor":29},{"not_picked":["DeusExMachina","Wish"],"picked":"Omniscience","floor":33},{"not_picked":["CrushJoints+1","ClearTheMind+1","Crescendo+1"],"picked":"SKIP","floor":35}],"player_experience":564967,"relics_obtained":[{"floor":7,"key":"Ancient Tea Set"},{"floor":9,"key":"Anchor"},{"floor":11,"key":"Whetstone"},{"floor":14,"key":"Matryoshka"},{"floor":24,"key":"Ornamental Fan"},{"floor":26,"key":"Akabeko"},{"floor":26,"key":"Meat on the Bone"},{"floor":31,"key":"Enchiridion"},{"floor":34,"key":"MawBank"},{"floor":34,"key":"Toxic Egg 2"},{"floor":34,"key":"Peace Pipe"}],"event_choices":[{"damage_healed":0,"gold_gain":0,"player_choice":"Rummage","damage_taken":0,"relics_obtained":["WarpedTongs"],"max_hp_gain":0,"max_hp_loss":0,"event_name":"Accursed Blacksmith","floor":3,"gold_loss":0,"cards_obtained":["Pain"]},{"damage_healed":0,"gold_gain":0,"player_choice":"Read","damage_taken":0,"max_hp_gain":0,"max_hp_loss":0,"event_name":"The Library","floor":20,"gold_loss":0,"cards_obtained":["InnerPeace"]},{"damage_healed":0,"gold_gain":0,"player_choice":"Inject Mutagens","damage_taken":0,"relics_obtained":["MutagenicStrength"],"max_hp_gain":0,"max_hp_loss":0,"event_name":"Drug Dealer","floor":28,"gold_loss":0},{"cards_removed":["Vigilance"],"damage_healed":0,"gold_gain":0,"player_choice":"Elegance","damage_taken":0,"max_hp_gain":0,"max_hp_loss":0,"event_name":"Back to Basics","floor":30,"gold_loss":0},{"damage_healed":0,"gold_gain":0,"player_choice":"Obtained Book","damage_taken":16,"max_hp_gain":0,"max_hp_loss":0,"event_name":"Cursed Tome","floor":31,"gold_loss":0},{"damage_healed":0,"gold_gain":0,"player_choice":"Took Portal","damage_taken":0,"max_hp_gain":0,"max_hp_loss":0,"event_name":"SecretPortal","floor":36,"gold_loss":0}],"is_beta":false,"boss_relics":[{"not_picked":["Black Star","Fusion Hammer"],"picked":"Astrolabe"},{"not_picked":["Velvet Choker","Empty Cage"],"picked":"Calling Bell"}],"items_purged_floors":[19],"is_endless":false,"potions_floor_spawned":[1,4,5,24,25,27,33,35],"ascension_level":1}}