{"host":"n900smz9wr3yo27a","time":1609764251,"event":{"mods":["Arknights The Spire","BaseMod","CapriCore","GungeonMod","Hermit","Koishi","Lobotomy","Marisa£¨Ùöéë¡¡Øª×âÞÞ£©","Minty Spire (QoL Compilation)","Prisma Mod","Replay The Spire","StSLib","Td1madao Mod","The Animator","The Bug Knight","The Cursed","The Dragon Tamer","The Gatherer","The Hierophant","The Immortal","The Jungle","The Necromancer","The Poker Player","The Runesmith","WarShipGirlsR/??á´Ò³R mod"],"gold_per_floor":[146,162,53,68,90,141,176,207,247,278,294,322,65,84,84,183,183,199,219,244,3,22,57,83,153,153,153,153,226,258,27,27,144,144,175,56,132,157,227,227,281,358,383,418,474,63,114,137,137,187],"floor_reached":51,"playtime":2474,"items_purged":["DemoMod:SniperShot","DemoMod:Casey","DemoMod:MachoBrace","DemoMod:HardPowerCard"],"score":1415,"play_id":"3f582f5d-958b-4d6d-b7b8-5a92ef692ccf","local_time":"20210104214411","daily_mods":["Draft","Vintage","Time Dilation","Flight","DeadlyEvents","Elite Swarm","Binary"],"is_ascension_mode":false,"campfire_choices":[{"data":"DemoMod:StickyCrossBow","floor":27,"key":"SMITH"},{"data":"DemoMod:ShadowBullets","floor":28,"key":"SMITH"},{"data":"DemoMod:ShadowBullets","floor":32,"key":"SMITH"},{"data":"DemoMod:HungryBullets","floor":40,"key":"SMITH"},{"data":"1","floor":49,"key":"LIFT"}],"circlet_count":0,"master_deck":["DemoMod:MachoBrace","DemoMod:DoubleSwitch","DemoMod:FastSwitch","DemoMod:GunstockTap","DemoMod:FortunesFavor","DemoMod:HardPowerCard","DemoMod:HardPowerCard+1","DemoMod:StrategicReserve","DemoMod:GunstockTap","DemoMod:HardPowerCard","DemoMod:BattleInHaste","DemoMod:StickyCrossBow+1","DemoMod:ShadowBullets+1","DemoMod:ShadowBullets+1","DemoMod:HardPowerCard","DemoMod:HungryBullets+1","DemoMod:Eureka","DemoMod:HardPowerCard"],"relics":["DemoMod:Dog","Busted Crown","replay:Trail_Library","DemoMod:MemoryAlloy","Runesmith:AutoHammer","Regal Pillow","Bag of Preparation","Runesmith:Locket","Akabeko","Snack Pack","Singing Bowl","HollowMod:LifeEnderRelic","Oddly Smooth Stone","DemoMod:Plus1Bullets","The Courier","Coffee Dripper","DemoMod:ClearGuonStone","Mango","Pantograph","Blue Candle","Omamori","Replay:Bandana","Centennial Puzzle","Pear","Boot","Question Card","Replay:Towering Pillar of Hats","DemoMod:Test1","DemoMod:GlassGuonStoneRelic","Onion Ring","Membership Card","ReplayTheSpireMod:Lightbulb","Ancient Tea Set","FossilizedHelix","Replay:Kaleidoscope","Orichalcum","Pen Nib","Girya","DemoMod:MeatBun","DemoMod:RedGuonStone","Bag of Marbles","Replay:Bottled Eggs","DemoMod:WhiteGuonStone","DemoMod:OrangeGuonStone","Lantern"],"acts_visited":["Exordium","TheCity","TheBeyond"],"potions_floor_usage":[33,51,51],"damage_taken":[{"damage":0,"enemies":"Jaw Worm","floor":1,"turns":1},{"damage":0,"enemies":"Cultist","floor":2,"turns":1},{"damage":0,"enemies":"Small Slimes","floor":4,"turns":1},{"damage":3,"enemies":"Exordium Wildlife","floor":5,"turns":2},{"damage":8,"enemies":"Lagavulin","floor":6,"turns":3},{"damage":1,"enemies":"3 Sentries","floor":7,"turns":3},{"damage":0,"enemies":"Lagavulin","floor":8,"turns":2},{"damage":0,"enemies":"Blue Slaver","floor":9,"turns":7},{"damage":11,"enemies":"Gremlin Nob","floor":10,"turns":3},{"damage":0,"enemies":"Blue Slaver","floor":11,"turns":1},{"damage":0,"enemies":"Lagavulin","floor":12,"turns":2},{"damage":0,"enemies":"Gremlin Gang","floor":14,"turns":2},{"damage":28,"enemies":"The Guardian","floor":16,"turns":6},{"damage":0,"enemies":"2 Thieves","floor":18,"turns":3},{"damage":0,"enemies":"Snecko","floor":19,"turns":4},{"damage":0,"enemies":"3 Cultists","floor":20,"turns":4},{"damage":0,"enemies":"Shelled Parasite and Fungi","floor":22,"turns":2},{"damage":0,"enemies":"Gremlin Leader","floor":23,"turns":3},{"damage":0,"enemies":"Replay:Snechameleon","floor":24,"turns":3},{"damage":0,"enemies":"Book of Stabbing","floor":25,"turns":4},{"damage":0,"enemies":"Replay:Snechameleon","floor":29,"turns":9},{"damage":1,"enemies":"Centurion and Healer","floor":30,"turns":4},{"damage":19,"enemies":"Automaton","floor":33,"turns":9},{"damage":0,"enemies":"3 Shapes","floor":35,"turns":1},{"damage":0,"enemies":"Giant Head","floor":37,"turns":4},{"damage":0,"enemies":"Orb Walker","floor":38,"turns":2},{"damage":3,"enemies":"4 Shapes","floor":39,"turns":1},{"damage":0,"enemies":"R_Hoarder","floor":41,"turns":2},{"damage":0,"enemies":"Giant Head","floor":42,"turns":3},{"damage":0,"enemies":"Maw","floor":44,"turns":2},{"damage":0,"enemies":"Reptomancer","floor":45,"turns":2},{"damage":0,"enemies":"R_Hoarder","floor":47,"turns":2},{"damage":0,"enemies":"Awakened One","floor":50,"turns":3},{"damage":0,"enemies":"Malkuth","floor":51,"turns":5},{"damage":0,"enemies":"Netzach","floor":51,"turns":4},{"damage":0,"enemies":"Chesed","floor":51,"turns":3},{"damage":0,"enemies":"Hokma","floor":51,"turns":7}],"seed_played":"17792579497453899","potions_obtained":[{"floor":1,"key":"Languid Potion"},{"floor":5,"key":"Languid Potion"},{"floor":11,"key":"ColorlessPotion"},{"floor":33,"key":"SpeedPotion"},{"floor":45,"key":"Swift Potion"}],"is_trial":true,"path_per_floor":["M","M","$","M","M","E","E","E","T","E","M","E","$","M","R","B",null,"M","M","M","$","M","E","E","E","T","R","R","E","M","$","R","B",null,"M","$","E","M","M","R","E","E","T","M","E","$","E","T","R","B",null],"character_chosen":"HUNTRESS","items_purchased":["DemoMod:ShadowBullets","DemoMod:Plus1Bullets","DemoMod:ShadowBullets","DemoMod:HardPowerCard","DemoMod:HungryBullets","Replay:Towering Pillar of Hats","Membership Card","DemoMod:MeatBun","DemoMod:RedGuonStone","Bag of Marbles","Replay:Bottled Eggs","DemoMod:WhiteGuonStone"],"campfire_rested":0,"item_purchase_floors":[3,13,21,21,21,31,36,46,46,46,46,46],"current_hp_per_floor":[70,70,70,70,67,59,58,58,62,53,55,61,61,63,70,48,70,70,84,84,84,84,84,84,84,94,94,94,94,93,93,93,87,96,96,96,98,98,95,95,98,100,100,100,102,102,104,104,104,104],"gold":357,"neow_bonus":"","is_daily":false,"chose_seed":false,"campfire_upgraded":4,"win_rate":0.0,"timestamp":1609764251,"path_taken":["M","M","$","M","M","E","E","E","T","E","M","E","$","M","R","BOSS","M","M","M","$","M","E","E","E","T","R","R","E","M","$","R","BOSS","M","?","?","?","M","R","E","?","T","?","?","$","E","?","R","BOSS"],"items_purchased_type":["Card","Relic","Card","Card","Card","Relic","Relic","Relic","Relic","Relic","Relic","Relic"],"build_version":"2020-12-22","purchased_purges":4,"victory":true,"max_hp_per_floor":[70,70,70,70,70,70,70,70,70,70,70,70,70,70,70,70,70,70,84,84,84,84,84,84,84,94,94,94,94,94,94,94,96,96,96,96,98,98,98,98,98,100,100,100,102,102,104,104,104,104],"card_choices":[{"not_picked":["DemoMod:MegaHand","DemoMod:FastSwitch"],"picked":"DemoMod:MachoBrace","floor":0},{"not_picked":["DemoMod:Ejector","DemoMod:BoxingGlove"],"picked":"DemoMod:DoubleSwitch","floor":0},{"not_picked":["DemoMod:AWP","DemoMod:ConditionalReflex"],"picked":"DemoMod:FastSwitch","floor":0},{"not_picked":["DemoMod:RadGun","DemoMod:Replace"],"picked":"DemoMod:GunstockTap","floor":0},{"not_picked":["DemoMod:FastSwitch","DemoMod:Ejector"],"picked":"DemoMod:FortunesFavor","floor":0},{"not_picked":["DemoMod:FastSwitch","DemoMod:Replace"],"picked":"DemoMod:HardPowerCard","floor":0},{"not_picked":["DemoMod:StrategicReserve","DemoMod:Rummage"],"picked":"DemoMod:HardPowerCard","floor":0},{"not_picked":["DemoMod:PracticeMakesPerfect","DemoMod:PotionOfGunFriendShip"],"picked":"DemoMod:Casey","floor":0},{"not_picked":["DemoMod:StickyCrossBow","DemoMod:BattleInHaste"],"picked":"DemoMod:StrategicReserve","floor":0},{"not_picked":["DemoMod:CursedBullets","DemoMod:Ejector"],"picked":"DemoMod:GunstockTap","floor":0},{"not_picked":["DemoMod:Rummage","DemoMod:AC15"],"picked":"DemoMod:MachoBrace","floor":0},{"not_picked":["DemoMod:RadGun","DemoMod:Ejector"],"picked":"DemoMod:SniperShot","floor":0},{"not_picked":["DemoMod:Ejector","DemoMod:ProbeStrike"],"picked":"DemoMod:HardPowerCard","floor":0},{"not_picked":["DemoMod:Polaris","DemoMod:AC15"],"picked":"DemoMod:BattleInHaste","floor":0},{"not_picked":["DemoMod:ZorGun","DemoMod:PotionOfGunFriendShip"],"picked":"DemoMod:StickyCrossBow","floor":0},{"not_picked":["DemoMod:BulletBore"],"picked":"Singing Bowl","floor":33},{"not_picked":["DemoMod:Gungine"],"picked":"Singing Bowl","floor":37},{"not_picked":[],"picked":"DemoMod:Eureka","floor":41},{"not_picked":["DemoMod:BulletBore"],"picked":"Singing Bowl","floor":42},{"not_picked":["DemoMod:BSG"],"picked":"Singing Bowl","floor":45},{"not_picked":["DemoMod:Desperate"],"picked":"Singing Bowl","floor":47}],"player_experience":784972,"relics_obtained":[{"floor":1,"key":"DemoMod:MemoryAlloy"},{"floor":2,"key":"Runesmith:AutoHammer"},{"floor":4,"key":"Regal Pillow"},{"floor":5,"key":"Bag of Preparation"},{"floor":6,"key":"Runesmith:Locket"},{"floor":7,"key":"Akabeko"},{"floor":8,"key":"Snack Pack"},{"floor":10,"key":"Singing Bowl"},{"floor":11,"key":"HollowMod:LifeEnderRelic"},{"floor":12,"key":"Oddly Smooth Stone"},{"floor":14,"key":"The Courier"},{"floor":18,"key":"DemoMod:ClearGuonStone"},{"floor":19,"key":"Mango"},{"floor":20,"key":"Pantograph"},{"floor":22,"key":"Blue Candle"},{"floor":23,"key":"Omamori"},{"floor":24,"key":"Replay:Bandana"},{"floor":25,"key":"Centennial Puzzle"},{"floor":26,"key":"Pear"},{"floor":29,"key":"Boot"},{"floor":30,"key":"Question Card"},{"floor":35,"key":"Onion Ring"},{"floor":37,"key":"DemoMod:WeirdEgg"},{"floor":39,"key":"Ancient Tea Set"},{"floor":41,"key":"FossilizedHelix"},{"floor":42,"key":"Replay:Kaleidoscope"},{"floor":43,"key":"Orichalcum"},{"floor":44,"key":"Pen Nib"},{"floor":45,"key":"Girya"},{"floor":47,"key":"DemoMod:OrangeGuonStone"},{"floor":48,"key":"Lantern"}],"event_choices":[],"is_beta":false,"boss_relics":[{"not_picked":["Velvet Choker","Ring of Chaos"],"picked":"Coffee Dripper"},{"not_picked":["Replay:Ancient Bell","Replay:Drink Me"],"picked":"DemoMod:Test1"}],"items_purged_floors":[3,13,21,46],"is_endless":false,"potions_floor_spawned":[1,5,11,12,16,20,22,23,24,29,33,35,38,41,45,47],"ascension_level":0}}