{"host":"x1qj4d8ympd5jdqh","time":1609741091,"event":{"mods":["AchievementEnabler","AlwaysNeverKeys","BaseMod","Colored Map","Custom Start","DeckTracker","Highlight Path","Minty Spire (QoL Compilation)","StSLib","SuperFastMode"],"gold_per_floor":[110,120,133,133,0,0,31,31,31,52,52,71,71,110,110,200,200,223,223,241,35,55,55,90,90,90,124,143,26,51,64,64,155,155,168,68,92,425,425,451,451,467,467,71,85,103,103,138,138,138,138,138],"floor_reached":51,"playtime":2568,"items_purged":["Strike_G","Strike_G","Pain"],"score":1539,"play_id":"b4a94665-42b1-45b8-833e-ae65fe1e9c9b","local_time":"20210104151811","is_ascension_mode":true,"campfire_choices":[{"data":"Underhanded Strike","floor":6.0,"key":"SMITH"},{"floor":8.0,"key":"REST"},{"data":"Blade Dance","floor":11.0,"key":"SMITH"},{"data":"Cloak And Dagger","floor":13.0,"key":"SMITH"},{"data":"Neutralize","floor":15.0,"key":"SMITH"},{"data":"Wraith Form v2","floor":23.0,"key":"SMITH"},{"data":"Crippling Poison","floor":32.0,"key":"SMITH"},{"data":"Adrenaline","floor":41.0,"key":"SMITH"},{"floor":47.0,"key":"RECALL"},{"data":"Well Laid Plans","floor":49.0,"key":"SMITH"}],"circlet_count":0,"master_deck":["AscendersBane","Strike_G","Defend_G","Defend_G","Defend_G","Defend_G","Defend_G","Survivor","Neutralize+1","CurseOfTheBell","Underhanded Strike+1","Cloak And Dagger+1","Dagger Throw+1","Backstab+1","Noxious Fumes","PiercingWail","Blade Dance+1","Calculated Gamble","Endless Agony","Wraith Form v2+1","Crippling Poison+1","Outmaneuver","Calculated Gamble","Footwork","Adrenaline+1","Backflip","Infinite Blades","PiercingWail","Well Laid Plans+1"],"relics":["Calling Bell","Potion Belt","Ornamental Fan","WingedGreaves","Eternal Feather","Meat on the Bone","Dead Branch","Busted Crown","Medical Kit","Happy Flower","Anchor","Snecko Eye","WarpedTongs","TungstenRod","Question Card","Snake Skull","Whetstone"],"acts_visited":["Exordium","TheCity","TheBeyond"],"potions_floor_usage":[51],"damage_taken":[{"damage":0.0,"enemies":"2 Louse","floor":1.0,"turns":5.0},{"damage":12.0,"enemies":"Small Slimes","floor":2.0,"turns":4.0},{"damage":4.0,"enemies":"Cultist","floor":3.0,"turns":6.0},{"damage":39.0,"enemies":"Lagavulin","floor":7.0,"turns":8.0},{"damage":6.0,"enemies":"Looter","floor":10.0,"turns":3.0},{"damage":10.0,"enemies":"Exordium Wildlife","floor":12.0,"turns":6.0},{"damage":2.0,"enemies":"3 Sentries","floor":14.0,"turns":5.0},{"damage":10.0,"enemies":"Slime Boss","floor":16.0,"turns":8.0},{"damage":0.0,"enemies":"3 Byrds","floor":18.0,"turns":6.0},{"damage":4.0,"enemies":"2 Thieves","floor":20.0,"turns":3.0},{"damage":0.0,"enemies":"Centurion and Healer","floor":22.0,"turns":4.0},{"damage":1.0,"enemies":"Slavers","floor":24.0,"turns":4.0},{"damage":8.0,"enemies":"Gremlin Leader","floor":27.0,"turns":4.0},{"damage":23.0,"enemies":"Snake Plant","floor":28.0,"turns":5.0},{"damage":0.0,"enemies":"3 Cultists","floor":30.0,"turns":5.0},{"damage":0.0,"enemies":"Centurion and Healer","floor":31.0,"turns":5.0},{"damage":11.0,"enemies":"Collector","floor":33.0,"turns":6.0},{"damage":0.0,"enemies":"Orb Walker","floor":35.0,"turns":2.0},{"damage":4.0,"enemies":"3 Shapes","floor":37.0,"turns":6.0},{"damage":10.0,"enemies":"Reptomancer","floor":40.0,"turns":6.0},{"damage":6.0,"enemies":"Writhing Mass","floor":42.0,"turns":6.0},{"damage":0.0,"enemies":"Sphere and 2 Shapes","floor":45.0,"turns":2.0},{"damage":19.0,"enemies":"Transient","floor":46.0,"turns":6.0},{"damage":0.0,"enemies":"Giant Head","floor":48.0,"turns":7.0},{"damage":24.0,"enemies":"Donu and Deca","floor":50.0,"turns":7.0},{"damage":35,"enemies":"Time Eater","floor":51,"turns":7}],"seed_played":"-8757125761731689468","potions_obtained":[{"floor":1.0,"key":"PowerPotion"},{"floor":2.0,"key":"Ancient Potion"},{"floor":12.0,"key":"Poison Potion"},{"floor":18.0,"key":"Weak Potion"},{"floor":27.0,"key":"Swift Potion"},{"floor":28.0,"key":"SmokeBomb"},{"floor":45.0,"key":"Dexterity Potion"},{"floor":46.0,"key":"ColorlessPotion"}],"is_trial":false,"path_per_floor":["M","M","M","?","$","R","E","R","T","M","R","M","R","E","R","B",null,"M","?","M","$","M","R","E","?","T","E","M","$","M","M","R","B",null,"M","$","M","?","?","E","R","M","T","$","M","M","R","E","R","B","B"],"character_chosen":"THE_SILENT","items_purchased":["Backstab","Noxious Fumes","Medical Kit","Calculated Gamble","Footwork","Snake Skull","Infinite Blades","PiercingWail"],"campfire_rested":1,"item_purchase_floors":[5,5,21,21,29,44,44,44],"current_hp_per_floor":[59,47,43,43,43,43,4,34,34,40,52,42,54,52,60,50,58,58,58,54,54,54,60,59,43,43,35,24,24,36,36,51,40,59,59,59,55,55,55,45,60,54,54,54,54,35,50,50,65,41,6,6],"gold":138,"neow_bonus":"BOSS_RELIC","is_daily":false,"chose_seed":false,"campfire_upgraded":8,"win_rate":0.0,"timestamp":1609741091,"path_taken":["M","M","M","?","$","R","E","R","T","M","R","M","R","E","R","BOSS","M","?","M","$","M","R","E","?","T","E","M","$","M","M","R","BOSS","M","$","M","?","?","E","R","M","T","$","M","?","R","E","R","BOSS","BOSS"],"items_purchased_type":["Card","Card","Relic","Card","Card","Relic","Card","Card"],"build_version":"2020-12-22","purchased_purges":3,"victory":false,"max_hp_per_floor":[66,66,66,60,60,60,60,60,60,60,60,60,60,60,60,60,60,60,60,60,60,60,60,60,65,65,65,65,65,65,65,65,65,65,65,65,65,65,65,65,65,65,65,65,65,65,65,65,65,65,65,65],"card_choices":[{"not_picked":["Cloak And Dagger","Concentrate"],"picked":"Underhanded Strike","floor":1.0},{"not_picked":["PiercingWail","Bane"],"picked":"Cloak And Dagger","floor":2.0},{"not_picked":["Underhanded Strike","Sucker Punch"],"picked":"Dagger Throw","floor":3.0},{"not_picked":["Dash","Dodge and Roll"],"picked":"PiercingWail","floor":7.0},{"not_picked":["Blur","Crippling Poison"],"picked":"Blade Dance","floor":10.0},{"not_picked":["Sucker Punch","Distraction"],"picked":"Calculated Gamble","floor":12.0},{"not_picked":["Unload","Underhanded Strike"],"picked":"Endless Agony","floor":14.0},{"not_picked":["Corpse Explosion","Night Terror"],"picked":"Wraith Form v2","floor":16.0},{"not_picked":["Predator"],"picked":"SKIP","floor":18.0},{"not_picked":["Dagger Throw"],"picked":"SKIP","floor":20.0},{"not_picked":["Bouncing Flask+1"],"picked":"SKIP","floor":22.0},{"not_picked":["Concentrate"],"picked":"SKIP","floor":24.0},{"not_picked":["Bane"],"picked":"SKIP","floor":27.0},{"not_picked":["Setup"],"picked":"SKIP","floor":28.0},{"not_picked":["Flying Knee"],"picked":"SKIP","floor":30.0},{"not_picked":["Quick Slash"],"picked":"SKIP","floor":31.0},{"not_picked":[],"picked":"Adrenaline","floor":33.0},{"not_picked":["Deflect"],"picked":"SKIP","floor":35.0},{"not_picked":[],"picked":"Backflip","floor":37.0},{"not_picked":["Tactician"],"picked":"SKIP","floor":40.0},{"not_picked":["Underhanded Strike"],"picked":"SKIP","floor":42.0},{"not_picked":["Dagger Throw"],"picked":"Well Laid Plans","floor":45.0},{"not_picked":["Skewer","Underhanded Strike"],"picked":"SKIP","floor":46.0},{"not_picked":["Escape Plan","Acrobatics"],"picked":"SKIP","floor":48.0}],"player_experience":1309311,"relics_obtained":[{"floor":0.0,"key":"Potion Belt"},{"floor":0.0,"key":"Ornamental Fan"},{"floor":0.0,"key":"WingedGreaves"},{"floor":7.0,"key":"Eternal Feather"},{"floor":9.0,"key":"Meat on the Bone"},{"floor":14.0,"key":"Dead Branch"},{"floor":24.0,"key":"Happy Flower"},{"floor":27.0,"key":"Anchor"},{"floor":40.0,"key":"TungstenRod"},{"floor":43.0,"key":"Question Card"},{"floor":48.0,"key":"Whetstone"}],"event_choices":[{"damage_healed":0.0,"max_hp_gain":0.0,"max_hp_loss":6.0,"gold_gain":0.0,"event_name":"Golden Idol","player_choice":"Lose Max HP","floor":4.0,"gold_loss":0.0,"damage_taken":0.0,"relics_obtained":["Golden Idol"]},{"damage_healed":0.0,"max_hp_gain":0.0,"max_hp_loss":0.0,"gold_gain":0.0,"cards_transformed":["Strike_G","Strike_G"],"event_name":"Drug Dealer","player_choice":"Became Test Subject","floor":19.0,"gold_loss":0.0,"damage_taken":0.0,"cards_obtained":["Crippling Poison","Outmaneuver"]},{"damage_healed":0.0,"max_hp_gain":5.0,"max_hp_loss":0.0,"gold_gain":0.0,"event_name":"Forgotten Altar","player_choice":"Shed Blood","floor":25.0,"gold_loss":0.0,"damage_taken":21.0},{"damage_healed":0.0,"max_hp_gain":0.0,"max_hp_loss":0.0,"gold_gain":333.0,"event_name":"The Moai Head","player_choice":"Gave Idol","floor":38.0,"relics_lost":["Golden Idol"],"gold_loss":0.0,"damage_taken":0.0},{"damage_healed":0.0,"max_hp_gain":0.0,"max_hp_loss":0.0,"gold_gain":0.0,"event_name":"Accursed Blacksmith","player_choice":"Rummage","floor":39.0,"gold_loss":0.0,"damage_taken":0.0,"relics_obtained":["WarpedTongs"],"cards_obtained":["Pain"]}],"is_beta":false,"boss_relics":[{"not_picked":["Empty Cage","Sozu"],"picked":"Busted Crown"},{"not_picked":["SacredBark","Cursed Key"],"picked":"Snecko Eye"}],"items_purged_floors":[29,36,44],"is_endless":false,"potions_floor_spawned":[1,2,12,18,27,28,45,46],"killed_by":"Time Eater","ascension_level":20}}