{"host":"40vzoph344nwp0en","time":1609797084,"event":{"mods":["2.2 Compatiblity","Aspiration","BaseMod","Bestiary","Challenge The Spire","Colored Map","Conspire","Downfall","Energized Spire","GifTheSpireLib","Halation","Highlight Path","Hubris","Infinite Spire","Jedi Mod","Minty Spire (QoL Compilation)","Relic Sorter","Replay The Spire","StSLib","Stuff the Spire","SuperFastMode","vexMod"],"gold_per_floor":[100098,100111,100125,100125,99108,99108,99132,99164,99176,99207,99218,98705,98738,98738,98750,98846,98846,98846,98863,98863,98863,98863,98890,98913,98913,98927,98959,99059,99125,99175,98463,98474,98573,98573,98573,98590,97762,97812,97912,97912,97912,97912,97930,97980,98008,98021,98021,98071,98086,98086],"floor_reached":51,"playtime":5451,"items_purged":["Slimebound:Strike_Slimebound","Slimebound:Strike_Slimebound","Slimebound:Defend_Slimebound","Slimebound:Strike_Slimebound","Slimebound:Defend_Slimebound"],"score":971,"play_id":"06a4a2a0-7431-4a71-9983-43ca8f95ffce","local_time":"20210104145124","is_ascension_mode":false,"campfire_choices":[{"data":"Slimebound:CorrosiveSpit","floor":1.0,"key":"SMITH"},{"data":"Slimebound:Split","floor":4.0,"key":"SMITH"},{"data":"Slimebound:LeechEnergy","floor":6.0,"key":"SMITH"},{"data":"Slimebound:LeadByExample","floor":18.0,"key":"SMITH"},{"data":"expansioncontent:CaCaw","floor":20.0,"key":"SMITH"},{"data":"Slimebound:MegaLick","floor":25.0,"key":"SMITH"},{"data":"Slimebound:RejuvenatingLick","floor":35,"key":"SMITH"},{"data":"Slimebound:SamplingLick","floor":40,"key":"SMITH"},{"data":"expansioncontent:QuickStudy","floor":42,"key":"SMITH"},{"data":"Slimebound:Nibble","floor":47,"key":"SMITH"}],"circlet_count":0,"master_deck":["Slimebound:Tackle","Slimebound:Defend_Slimebound","Slimebound:Defend_Slimebound+1","Slimebound:Split+1","Slimebound:CorrosiveSpit+1","Slimebound:GrowthPunch","Slimebound:GrowthPunch","Slimebound:FirmFortitude","conspire:Banana+1","Crow Ritual","Slimebound:MegaLick+1","Slimebound:LeadByExample+1","Slimebound:SamplingLick+1","Slimebound:OneTwoCombo","expansioncontent:CaCaw+1","Slimebound:OozeBath+1","Slimebound:RainOfGoop","Slimebound:RejuvenatingLick+1","Slimebound:RallyTheTroops","Slimebound:SlimeSpikes","infinitespire:Punishment+1","Slimebound:Schlurp","Slimebound:SlimeSpikes","Slimebound:SplitMire","expansioncontent:QuickStudy+1","Finesse","Slimebound:SlimeBrawl","Slimebound:LeechLife","Slimebound:Nibble+1","Slimebound:Recollect","Parasite"],"relics":["Slimebound:AbsorbEndCombat","infinitespire:Lucky Rock","conspire:Dentures","War Paint","jedi:shrinkray","hubris:SphereOfDissonance","Anchor","halation:PeacePiece","conspire:GiftBox","Busted Crown","infinitespire:Joker Card","downfall:KnowingSkull","Pondfish Scales","Pen Nib","Strawberry","downfall:CloakOfManyFaces","CultistMask","FaceOfCleric","NlothsMask","GremlinMask","SsserpentHead","StuffTheSpire:GrapeVine","halation:KoshaPiece","conspire:TreasureMap","aspiration:PoetsPen","Gremlin Food","Singing Bowl","Strange Spoon","StuffTheSpire:Expresso","StuffTheSpire:Barrel","Durian"],"acts_visited":["Exordium","TheCity","TheBeyond"],"potions_floor_usage":[33],"damage_taken":[{"damage":8.0,"enemies":"Jaw Worm","floor":2.0,"turns":4.0},{"damage":4.0,"enemies":"conspire:RoseBush","floor":3.0,"turns":4.0},{"damage":14.0,"enemies":"downfall:FleeingMerchant","floor":5.0,"turns":4.0},{"damage":4.0,"enemies":"Replay:BlueRogue","floor":8.0,"turns":6.0},{"damage":9.0,"enemies":"2 Louse","floor":9.0,"turns":2.0},{"damage":18.0,"enemies":"Lagavulin","floor":10.0,"turns":5.0},{"damage":30.0,"enemies":"Exordium Thugs","floor":11.0,"turns":4.0},{"damage":10.0,"enemies":"downfall:FleeingMerchant","floor":12.0,"turns":4.0},{"damage":30.0,"enemies":"conspire:MimicChest","floor":13.0,"turns":9.0},{"damage":0.0,"enemies":"2 Fungi Beasts","floor":15.0,"turns":2.0},{"damage":67.0,"enemies":"downfall:Defect","floor":16.0,"turns":8.0},{"damage":14.0,"enemies":"Shell Parasite","floor":19.0,"turns":5.0},{"damage":44.0,"enemies":"Nightmare","floor":23.0,"turns":7.0},{"damage":11.0,"enemies":"3 Byrds","floor":26.0,"turns":5.0},{"damage":24.0,"enemies":"conspire:Head Lice","floor":27.0,"turns":4.0},{"damage":4.0,"enemies":"downfall:FaceTrader","floor":28.0,"turns":5.0},{"damage":4.0,"enemies":"conspire:HollyBat","floor":29.0,"turns":7.0},{"damage":5.0,"enemies":"downfall:FleeingMerchant","floor":31.0,"turns":4.0},{"damage":4,"enemies":"Snake Plant","floor":32,"turns":5},{"damage":28,"enemies":"downfall:Ironclad","floor":33,"turns":5},{"damage":0,"enemies":"Orb Walker","floor":36,"turns":1},{"damage":5,"enemies":"Mind Bloom Boss Battle","floor":39,"turns":4},{"damage":21,"enemies":"3 Darklings","floor":43,"turns":5},{"damage":21,"enemies":"Reptomancer","floor":45,"turns":4},{"damage":17,"enemies":"Writhing Mass","floor":46,"turns":2},{"damage":0,"enemies":"4 Shapes","floor":49,"turns":3},{"damage":0,"enemies":"downfall:Watcher","floor":50,"turns":4}],"seed_played":"6249644501190592199","potions_obtained":[{"floor":10.0,"key":"GamblersBrew"},{"floor":15.0,"key":"conspire:TimeTravelPotion"},{"floor":16.0,"key":"Swift Potion"},{"floor":29.0,"key":"Flashbang"},{"floor":39,"key":"CultistPotion"}],"is_trial":false,"path_per_floor":["R","M","M","R","$","R","T","E","M","E","M","$","?","?","M","B",null,"R","M","R","AVR","?","NM","T","R","M","E","?","M","?","$","M","B",null,"R","M","$","?","?","R","T","R","M","?","E","M","R","T","M","B",null],"character_chosen":"SLIMEBOUND","items_purchased":["infinitespire:Lucky Rock","conspire:Dentures","Slimebound:SlimedPotion","sneckomod:MuddlingPotion","Fire Potion","Slimebound:FirmFortitude","conspire:Banana","Crow Ritual","Anchor","halation:PeacePiece","expansioncontent:CaCaw","champ:CounterPotion","StuffTheSpire:GrapeVine","halation:KoshaPiece","conspire:TreasureMap","Slimebound:SpawnSlimePotion","expansioncontent:QuickStudy","Finesse","Slimebound:SlimeBrawl","Gremlin Food","Singing Bowl","Strange Spoon","Slimebound:Nibble","AttackPotion"],"campfire_rested":0,"item_purchase_floors":[5,5,5,5,5,5,5,5,12,12,12,12,31,31,31,31,31,31,31,37,37,37,37,37],"current_hp_per_floor":[66,66,66,66,66,66,66,68,67,70,66,74,75,75,76,51,78,78,77,77,77,71,69,69,69,82,93,95,98,98,101,104,107,107,107,108,108,108,113,113,113,113,116,116,121,124,124,129,134,137],"gold":98086,"neow_bonus":"TEN_PERCENT_HP_BONUS","is_daily":false,"chose_seed":false,"campfire_upgraded":10,"win_rate":0.0,"timestamp":1609797084,"path_taken":["R","M","M","R","$","R","T","E","M","E","M","$","?","?","M","BOSS","R","M","R","AVR","?","NM","T","R","?","E","?","?","?","$","M","BOSS","R","M","$","?","?","R","T","R","M","?","E","M","R","?","M","BOSS"],"items_purchased_type":["Relic","Relic","Potion","Potion","Potion","Card","Card","Card","Relic","Relic","Card","Potion","Relic","Relic","Relic","Potion","Card","Card","Card","Relic","Relic","Relic","Card","Potion"],"build_version":"2020-12-22","purchased_purges":5,"victory":true,"max_hp_per_floor":[66,66,66,66,66,66,66,68,68,70,72,74,76,76,76,78,78,78,80,80,80,80,82,82,82,84,93,95,98,98,101,104,107,107,107,108,108,108,113,113,113,113,116,116,121,124,124,129,134,137],"card_choices":[{"not_picked":["Slimebound:FinishingTackle","Slimebound:GrowthPunch"],"picked":"Slimebound:LeechEnergy","floor":2.0},{"not_picked":["Slimebound:ViciousTackle","Slimebound:FinishingTackle"],"picked":"Slimebound:GrowthPunch","floor":3.0},{"not_picked":["Slimebound:ViciousTackle","Slimebound:ServeAndProtect"],"picked":"Slimebound:GrowthPunch","floor":5.0},{"not_picked":["Slimebound:SplitBruiser","Slimebound:RollThrough"],"picked":"Slimebound:MegaLick","floor":8.0},{"not_picked":["Slimebound:ViciousTackle","Slimebound:ItLooksTasty"],"picked":"Slimebound:LeadByExample","floor":9.0},{"not_picked":["Slimebound:GoopTackle","Slimebound:SplitLeeching"],"picked":"Slimebound:SamplingLick","floor":10.0},{"not_picked":["Slimebound:ProtectTheBoss","Slimebound:PressTheAttack","Slimebound:ForwardTackle"],"picked":"SKIP","floor":11.0},{"not_picked":["Slimebound:SamplingLick","Slimebound:ComboTackle"],"picked":"Slimebound:OneTwoCombo","floor":12.0},{"not_picked":["Slimebound:Teamwork","Slimebound:RallyTheTroops"],"picked":"Slimebound:OozeBath","floor":13.0},{"not_picked":["Slimebound:FinishingTackle","Slimebound:DisruptingSlam"],"picked":"Slimebound:RainOfGoop","floor":13.0},{"not_picked":["Slimebound:FinishingTackle","Slimebound:ServeAndProtect"],"picked":"Slimebound:RejuvenatingLick","floor":15.0},{"not_picked":["Slimebound:SelfFormingGoo","Slimebound:DouseInSlime"],"picked":"Slimebound:RallyTheTroops","floor":16.0},{"not_picked":[],"picked":"Slimebound:SlimeSpikes","floor":19.0},{"not_picked":["Slimebound:RejuvenatingLick"],"picked":"SKIP","floor":23.0},{"not_picked":["Slimebound:BestDefense"],"picked":"SKIP","floor":26.0},{"not_picked":[],"picked":"Slimebound:Schlurp","floor":27.0},{"not_picked":[],"picked":"Slimebound:SlimeSpikes","floor":28.0},{"not_picked":[],"picked":"Slimebound:SplitMire","floor":29.0},{"not_picked":["Slimebound:SelfFormingGoo"],"picked":"SKIP","floor":32},{"not_picked":[],"picked":"Slimebound:LeechLife","floor":33},{"not_picked":["Slimebound:Schlurp"],"picked":"SKIP","floor":36},{"not_picked":["Slimebound:LeadByExample"],"picked":"Singing Bowl","floor":39},{"not_picked":[],"picked":"Slimebound:Recollect","floor":43},{"not_picked":["Slimebound:GrowthPunch+1"],"picked":"Singing Bowl","floor":45},{"not_picked":["Slimebound:Grow+1"],"picked":"Singing Bowl","floor":46},{"not_picked":["Slimebound:RollThrough+1"],"picked":"Singing Bowl","floor":49}],"player_experience":423290,"relics_obtained":[{"floor":7.0,"key":"War Paint"},{"floor":8.0,"key":"jedi:shrinkray"},{"floor":10.0,"key":"hubris:SphereOfDissonance"},{"floor":13.0,"key":"conspire:GiftBox"},{"floor":23.0,"key":"Pondfish Scales"},{"floor":24.0,"key":"Pen Nib"},{"floor":27.0,"key":"Strawberry"},{"floor":28.0,"key":"downfall:CloakOfManyFaces"},{"floor":39,"key":"StuffTheSpire:Expresso"},{"floor":45,"key":"StuffTheSpire:Barrel"},{"floor":48,"key":"Durian"}],"event_choices":[{"cards_removed":["Slimebound:LeechEnergy"],"damage_healed":0,"gold_gain":0,"player_choice":"Removed Attack","damage_taken":0,"max_hp_gain":0,"max_hp_loss":0,"event_name":"Falling","floor":44,"gold_loss":0}],"is_beta":false,"boss_relics":[{"not_picked":["hubris:GrandSneckoEye","vexMod:CursedCompass"],"picked":"Busted Crown"},{"not_picked":["jedi:battlestandard","jedi:paperlyon"],"picked":"aspiration:PoetsPen"}],"items_purged_floors":[5,12,21,31,37],"is_endless":false,"potions_floor_spawned":[10,11,13,15,16,23,26,28,29,39,49],"ascension_level":0}}