{"host":"mzp3pvw1g1kyjyte","time":1609760175,"event":{"mods":["AchievementEnabler","Aspiration","BaseMod","Colored Powertips","FoggyMod","Highlight Path","Minty Spire (QoL Compilation)","Quick Restart","Red Circlet Mod","Relic Stats","Remilia（蕾米莉亚）","RumiaBox-露米娅的神秘盒子","Shop Mod","StSLib","SuperFastMode","TestMod","[IsaacMod]以撒尖塔"],"gold_per_floor":[113,113,288,688,701,732,732,732,783,783,783,179,204,179,179,296,296,316,212,212,212],"floor_reached":20,"playtime":1710,"items_purged":["Regret"],"score":203,"play_id":"648376d6-fe59-40a1-ad42-6566c8d54134","local_time":"20210104193615","is_ascension_mode":true,"campfire_choices":[{"floor":7,"key":"RECALL"},{"floor":15,"key":"REST"}],"circlet_count":0,"master_deck":["Strike_RM","Strike_RM+1","Strike_RM","Strike_RM","Defend_RM","Defend_RM+1","Defend_RM","RedMoon","ScarletShoot","BloodyBrimstone","Doubt","ScarletImprint","Corpse Explosion","Infinite Blades","Tools of the Trade","BloodRain","LeisurelyOfLord","ScarletNetherworld","ForbiddenFruit","BloodAndWine","DemonKingCradle","RedRainbow+1","ScarletDevil","ScarletNetherworld"],"relics":["ScarletHat","HushsDoor","testmod-Mahjong","GuppysPaw","NeowsBlessing","Baka","CaptainsWheel","LastBattle","Dream Catcher","SSSystem","Meat on the Bone","Bag of Preparation","GodSword5"],"acts_visited":["Exordium","TheCity"],"potions_floor_usage":[],"damage_taken":[{"damage":0,"enemies":"2 Louse","floor":1,"turns":2},{"damage":0,"enemies":"Small Slimes","floor":5,"turns":1},{"damage":0,"enemies":"Gremlin Nob","floor":6,"turns":1},{"damage":0,"enemies":"Cultist","floor":14,"turns":4},{"damage":22,"enemies":"Hexaghost","floor":16,"turns":20},{"damage":0,"enemies":"Spheric Guardian","floor":18,"turns":6},{"damage":74,"enemies":"Hiden Room Battle","floor":20,"turns":4}],"seed_played":"7310014180662928770","potions_obtained":[{"floor":1,"key":"DestinyDice"},{"floor":6,"key":"Strength Potion"}],"is_trial":false,"path_per_floor":["M","?","?","?","M","E","R","?","T","?","?","$","T","M","R","B",null,"M","$","?"],"character_chosen":"REMILIA","items_purchased":["Meat on the Bone","BloodRain","LeisurelyOfLord","ScarletNetherworld","ScarletDevil","ScarletNetherworld"],"campfire_rested":1,"item_purchase_floors":[12,12,12,12,19,19],"current_hp_per_floor":[75,60,60,60,60,60,60,60,60,60,60,60,60,62,72,69,69,69,69,0,0],"gold":212,"neow_bonus":"THREE_ENEMY_KILL","is_daily":false,"chose_seed":false,"campfire_upgraded":0,"win_rate":0.0,"timestamp":1609760175,"path_taken":["M","?","?","?","?","E","R","?","T","?","?","?","?","?","R","BOSS","M","$","?"],"items_purchased_type":["Relic","Card","Card","Card","Card","Card"],"build_version":"2020-12-22","purchased_purges":1,"victory":false,"max_hp_per_floor":[75,75,72,72,72,72,72,72,72,72,72,72,72,72,72,69,69,69,69,69,69],"relic_stats":{"Dream Catcher":1,"counters":[7,38],"Bag of Preparation":[8],"obtain_stats":[{"KeepersGift":0,"testmod-TestBox":0,"NeowsBlessing":0,"GuppysPaw":0,"SSSystem":10,"Baka":1,"Bag of Preparation":13,"LastBattle":6,"ScarletHat":0,"CaptainsWheel":5,"Dream Catcher":9,"testmod-Mahjong":0,"GodSword5":16,"HushsDoor":0,"Meat on the Bone":12},{"KeepersGift":0,"testmod-TestBox":0,"NeowsBlessing":0,"GuppysPaw":0,"SSSystem":3,"Baka":1,"Bag of Preparation":3,"LastBattle":3,"ScarletHat":0,"CaptainsWheel":2,"Dream Catcher":3,"testmod-Mahjong":0,"GodSword5":5,"HushsDoor":0,"Meat on the Bone":3},{"KeepersGift":0,"testmod-TestBox":0,"NeowsBlessing":0,"GuppysPaw":0,"SSSystem":4,"Baka":2,"Bag of Preparation":4,"LastBattle":4,"ScarletHat":0,"CaptainsWheel":3,"Dream Catcher":4,"testmod-Mahjong":0,"GodSword5":28,"HushsDoor":0,"Meat on the Bone":4}],"Meat on the Bone":0},"card_choices":[{"not_picked":[],"picked":"BloodyBrimstone","floor":0},{"not_picked":["Bomb","RedRainbow"],"picked":"MastersStateliness","floor":1},{"not_picked":["Stigmanizer","EndlessAdversity"],"picked":"ScarletImprint","floor":5},{"not_picked":["MastersStateliness","RedRainbow"],"picked":"CharismaGuard","floor":6},{"not_picked":["StarOfDavid","ScarletImprint"],"picked":"ForbiddenFruit","floor":14},{"not_picked":["RedRainbow","ReincarnationDial"],"picked":"BloodAndWine","floor":15},{"not_picked":["ChaoticDestiny","HellCatastrophe"],"picked":"DemonKingCradle","floor":16},{"not_picked":["BloodyTrap+1","NightDance"],"picked":"RedRainbow+1","floor":18}],"player_experience":20858,"relics_obtained":[{"floor":1,"key":"Baka"},{"floor":5,"key":"CaptainsWheel"},{"floor":6,"key":"LastBattle"},{"floor":9,"key":"Dream Catcher"},{"floor":13,"key":"Bag of Preparation"},{"floor":16,"key":"GodSword5"}],"event_choices":[{"damage_healed":0,"gold_gain":0,"player_choice":"Entered Light","damage_taken":15,"max_hp_gain":0,"max_hp_loss":0,"event_name":"Shining Light","floor":2,"gold_loss":0,"cards_upgraded":["Strike_RM","Defend_RM"]},{"damage_healed":0,"gold_gain":175,"player_choice":"AGREE","damage_taken":0,"max_hp_gain":0,"max_hp_loss":0,"event_name":"Liars Game","floor":3,"gold_loss":0,"cards_obtained":["Doubt"]},{"damage_healed":0,"gold_gain":400,"player_choice":"Sell","damage_taken":0,"max_hp_gain":0,"max_hp_loss":0,"event_name":"恩洛斯的盘子","floor":4,"relics_lost":["testmod-TestBox"],"gold_loss":0},{"damage_healed":0,"gold_gain":0,"player_choice":"Ignored","damage_taken":0,"max_hp_gain":0,"max_hp_loss":0,"event_name":"给自己的盒子","floor":8,"gold_loss":0},{"damage_healed":0,"gold_gain":0,"player_choice":"Box","damage_taken":0,"relics_obtained":["SSSystem"],"max_hp_gain":0,"max_hp_loss":0,"event_name":"Big Fish","floor":10,"gold_loss":0,"cards_obtained":["Regret"]},{"damage_healed":0,"gold_gain":0,"player_choice":"Fight","damage_taken":0,"max_hp_gain":0,"max_hp_loss":0,"event_name":"HidenRoomEvent","floor":20,"gold_loss":0}],"is_beta":false,"boss_relics":[{"not_picked":["Cursed Key","aspiration:IroncladSkillbook","testmod-Recursion"]}],"items_purged_floors":[12],"is_endless":false,"potions_floor_spawned":[1,6],"killed_by":"Hiden Room Battle","ascension_level":1}}