{"host":"mcdusr64esz012l0","time":1609722536,"event":{"mods":["BaseMod","Minty Spire (QoL Compilation)","Relic Stats"],"gold_per_floor":[116,116,116,116,136,136,164,164,164,164,199,164,198,209,209,287,287,297,80,80,91,101,101,101],"floor_reached":23,"playtime":584,"items_purged":["Strike_P"],"score":614,"play_id":"bf24558a-bc37-4bb1-9fe0-d4a5aa24b022","local_time":"20210103200856","is_ascension_mode":true,"campfire_choices":[{"data":"BattleHymn","floor":6,"key":"SMITH"},{"floor":8,"key":"REST"},{"data":"SandsOfTime","floor":10,"key":"SMITH"},{"data":"Conclude","floor":15,"key":"SMITH"}],"circlet_count":0,"master_deck":["AscendersBane","Strike_P","Strike_P","Defend_P","Defend_P+1","Defend_P","Defend_P","Eruption+1","Vigilance","BattleHymn+1","SandsOfTime+1","Conclude+1","FearNoEvil","ReachHeaven","Scrawl","EmptyFist+1","Tantrum","Consecrate","FlurryOfBlows","LikeWater"],"relics":["PureWater","NeowsBlessing","Bag of Preparation","Kunai","Ice Cream","Pear","SlaversCollar"],"acts_visited":["Exordium","TheCity"],"potions_floor_usage":[22],"damage_taken":[{"damage":0,"enemies":"Small Slimes","floor":1,"turns":1},{"damage":0,"enemies":"2 Louse","floor":5,"turns":1},{"damage":0,"enemies":"Lagavulin","floor":7,"turns":1},{"damage":17,"enemies":"3 Sentries","floor":11,"turns":5},{"damage":0,"enemies":"Gremlin Nob","floor":13,"turns":2},{"damage":0,"enemies":"Jaw Worm","floor":14,"turns":1},{"damage":0,"enemies":"Slime Boss","floor":16,"turns":4},{"damage":8,"enemies":"Shell Parasite","floor":18,"turns":3},{"damage":14,"enemies":"2 Thieves","floor":21,"turns":2},{"damage":3,"enemies":"Chosen and Byrds","floor":22,"turns":3},{"damage":63,"enemies":"Slavers","floor":23,"turns":4}],"seed_played":"3937942892814576119","potions_obtained":[{"floor":1,"key":"Block Potion"},{"floor":5,"key":"FairyPotion"},{"floor":16,"key":"FearPotion"}],"is_trial":false,"path_per_floor":["M","?","?","?","M","R","E","R","T","R","E","?","E","M","R","B",null,"M","$","?","M","M","E"],"character_chosen":"WATCHER","items_purchased":["Tantrum","Consecrate"],"campfire_rested":1,"item_purchase_floors":[19,19],"current_hp_per_floor":[61,54,34,34,34,34,34,54,54,54,37,54,64,64,64,64,75,67,67,45,31,28,0,0],"gold":101,"neow_bonus":"THREE_ENEMY_KILL","is_daily":false,"chose_seed":false,"campfire_upgraded":3,"win_rate":0.0,"timestamp":1609722536,"path_taken":["M","?","?","?","?","R","E","R","T","R","E","?","E","M","R","BOSS","M","$","?","M","M","E"],"items_purchased_type":["Card","Card"],"build_version":"2020-12-22","purchased_purges":1,"victory":false,"max_hp_per_floor":[68,68,68,68,68,68,68,68,68,68,68,68,78,78,78,78,78,78,78,83,83,83,83,83],"relic_stats":{"counters":[11,27],"Bag of Preparation":[16],"Kunai":[12],"obtain_stats":[{"Ice Cream":11,"SlaversCollar":17,"Pear":13,"NeowsBlessing":0,"Bag of Preparation":7,"Kunai":9,"PureWater":0},{"Ice Cream":4,"SlaversCollar":7,"Pear":5,"NeowsBlessing":0,"Bag of Preparation":3,"Kunai":3,"PureWater":0},{"Ice Cream":8,"SlaversCollar":15,"Pear":10,"NeowsBlessing":0,"Bag of Preparation":3,"Kunai":3,"PureWater":0}]},"card_choices":[{"not_picked":["WaveOfTheHand","FlyingSleeves"],"picked":"BattleHymn","floor":1},{"not_picked":["Sanctity","CrushJoints"],"picked":"SandsOfTime","floor":5},{"not_picked":["EmptyMind","Study","Vengeance"],"picked":"SKIP","floor":7},{"not_picked":["Pray","EmptyBody"],"picked":"Conclude","floor":11},{"not_picked":["Wireheading","Prostrate"],"picked":"FearNoEvil","floor":13},{"not_picked":["ForeignInfluence","FollowUp"],"picked":"ReachHeaven","floor":14},{"not_picked":["Alpha","SpiritShield"],"picked":"Scrawl","floor":16},{"not_picked":["Sanctity","Halt"],"picked":"EmptyFist+1","floor":18},{"not_picked":["Perseverance","Fasting2"],"picked":"FlurryOfBlows","floor":21},{"not_picked":["FollowUp","BattleHymn"],"picked":"LikeWater","floor":22}],"player_experience":1035235,"relics_obtained":[{"floor":7,"key":"Bag of Preparation"},{"floor":9,"key":"Kunai"},{"floor":11,"key":"Ice Cream"},{"floor":13,"key":"Pear"}],"event_choices":[{"cards_removed":["Strike_P"],"damage_healed":0,"gold_gain":0,"player_choice":"Card Removal","damage_taken":7,"max_hp_gain":0,"max_hp_loss":0,"event_name":"Golden Wing","floor":2,"gold_loss":0},{"damage_healed":0,"gold_gain":0,"player_choice":"Entered Light","damage_taken":20,"max_hp_gain":0,"max_hp_loss":0,"event_name":"Shining Light","floor":3,"gold_loss":0,"cards_upgraded":["Defend_P","Eruption"]},{"damage_healed":0,"gold_gain":0,"player_choice":"Fled","damage_taken":0,"max_hp_gain":0,"max_hp_loss":0,"event_name":"Scrap Ooze","floor":4,"gold_loss":0},{"damage_healed":17,"gold_gain":0,"player_choice":"Healed","damage_taken":0,"max_hp_gain":0,"max_hp_loss":0,"event_name":"The Cleric","floor":12,"gold_loss":35},{"damage_healed":0,"gold_gain":0,"player_choice":"Shed Blood","damage_taken":27,"max_hp_gain":5,"max_hp_loss":0,"event_name":"Forgotten Altar","floor":20,"gold_loss":0}],"is_beta":false,"boss_relics":[{"not_picked":["Philosopher\u0027s Stone","Calling Bell"],"picked":"SlaversCollar"}],"items_purged_floors":[19],"is_endless":false,"potions_floor_spawned":[1,5,14,16,18],"killed_by":"Slavers","ascension_level":20}}