{"host":"m77rrhbqzv44va4v","time":1609787596,"event":{"mods":["AchievementEnabler","BaseMod","Colored Map","DeckTracker","Keyboard Shortcuts","Minty Spire (QoL Compilation)","StSLib","SuperFastMode","everything is the same but u backflip on backflip"],"gold_per_floor":[114,289,289,303,303,334,334,112,189,203,203,243,257,297,297,297,297],"floor_reached":16,"playtime":303,"items_purged":["Doubt"],"score":240,"play_id":"f612689d-69b8-4c7a-a8db-a732e70edb22","local_time":"20210105041316","is_ascension_mode":true,"campfire_choices":[{"data":"Consume","floor":7.0,"key":"SMITH"},{"data":"Dualcast","floor":11,"key":"SMITH"},{"floor":15,"key":"REST"}],"circlet_count":0,"master_deck":["AscendersBane","Strike_B","Strike_B","Strike_B","Strike_B","Defend_B","Defend_B","Defend_B","Defend_B","Zap","Dualcast+1","Consume+1","Conserve Battery","Chill","FTL","Steam Power","Turbo+1","Ball Lightning","Sweeping Beam","Leap+1"],"relics":["Cracked Core","NeowsBlessing","Golden Idol","Blue Candle","Toxic Egg 2","Pear","PreservedInsect"],"acts_visited":["Exordium"],"potions_floor_usage":[10,16,16],"damage_taken":[{"damage":0.0,"enemies":"2 Louse","floor":1.0,"turns":1.0},{"damage":0.0,"enemies":"Jaw Worm","floor":4.0,"turns":1.0},{"damage":0.0,"enemies":"Gremlin Nob","floor":6.0,"turns":1.0},{"damage":1,"enemies":"Cultist","floor":10,"turns":3},{"damage":2,"enemies":"3 Sentries","floor":12,"turns":9},{"damage":13,"enemies":"Exordium Wildlife","floor":13,"turns":4},{"damage":40,"enemies":"Gremlin Nob","floor":14,"turns":4},{"damage":36,"enemies":"The Guardian","floor":16,"turns":6}],"seed_played":"7004189254132520932","potions_obtained":[{"floor":3.0,"key":"Dexterity Potion"},{"floor":3.0,"key":"FearPotion"},{"floor":3.0,"key":"BlessingOfTheForge"},{"floor":4.0,"key":"PotionOfCapacity"},{"floor":10,"key":"Fruit Juice"},{"floor":14,"key":"FocusPotion"}],"is_trial":false,"path_per_floor":["M","?","?","M","?","E","R","$","T","M","R","E","M","E","R","B"],"character_chosen":"DEFECT","items_purchased":["FTL","Steam Power"],"campfire_rested":1,"item_purchase_floors":[8,8],"current_hp_per_floor":[68,68,68,68,50,50,50,50,50,54,54,62,49,9,36,0,0],"gold":297,"neow_bonus":"THREE_ENEMY_KILL","is_daily":false,"chose_seed":false,"campfire_upgraded":2,"win_rate":0.0,"timestamp":1609787596,"path_taken":["M","?","?","?","?","E","R","$","T","M","R","E","M","E","R","BOSS"],"items_purchased_type":["Card","Card"],"build_version":"2020-12-22","purchased_purges":1,"victory":false,"max_hp_per_floor":[75,75,75,75,75,75,75,75,75,80,80,90,90,90,90,90,90],"card_choices":[{"not_picked":["Turbo","Self Repair"],"picked":"Consume","floor":1.0},{"not_picked":["Beam Cell","Compile Driver"],"picked":"Conserve Battery","floor":4.0},{"not_picked":["Go for the Eyes","Turbo"],"picked":"Chill","floor":6.0},{"not_picked":["Static Discharge","Hello World"],"picked":"Turbo+1","floor":10},{"not_picked":["Steam+1","Sweeping Beam"],"picked":"Ball Lightning","floor":12},{"not_picked":["Gash","Beam Cell"],"picked":"Sweeping Beam","floor":13},{"not_picked":["Beam Cell","Reprogram+1"],"picked":"Leap+1","floor":14}],"player_experience":888582,"relics_obtained":[{"floor":6.0,"key":"Blue Candle"},{"floor":9.0,"key":"Toxic Egg 2"},{"floor":12,"key":"Pear"},{"floor":14,"key":"PreservedInsect"}],"event_choices":[{"damage_healed":0.0,"max_hp_gain":0.0,"max_hp_loss":0.0,"gold_gain":175.0,"event_name":"Liars Game","player_choice":"AGREE","floor":2.0,"gold_loss":0.0,"damage_taken":0.0,"cards_obtained":["Doubt"]},{"damage_healed":0.0,"max_hp_gain":0.0,"max_hp_loss":0.0,"gold_gain":0.0,"event_name":"Lab","player_choice":"Got Potions","floor":3.0,"gold_loss":0.0,"damage_taken":0.0},{"damage_healed":0.0,"max_hp_gain":0.0,"max_hp_loss":0.0,"gold_gain":0.0,"event_name":"Golden Idol","player_choice":"Take Damage","floor":5.0,"gold_loss":0.0,"damage_taken":18.0,"relics_obtained":["Golden Idol"]}],"is_beta":false,"boss_relics":[],"items_purged_floors":[8],"is_endless":false,"potions_floor_spawned":[4,10,14],"killed_by":"The Guardian","ascension_level":10}}