{"host":"6azrrw3tf7wb0f4b","time":1609777323,"event":{"mods":["BaseMod","DeckTracker","Minty Spire (QoL Compilation)","SuperFastMode"],"gold_per_floor":[110,125,125,141,316,351,351,365,433,59,59,95,95,120,120,120,120],"floor_reached":16,"playtime":317,"items_purged":["Doubt"],"score":171,"play_id":"b862528a-0d28-4f2a-a660-5b1ebd310909","local_time":"20210105012203","is_ascension_mode":true,"campfire_choices":[{"data":"Acrobatics","floor":7,"key":"SMITH"},{"floor":13,"key":"REST"},{"data":"Blur","floor":15,"key":"SMITH"}],"circlet_count":0,"master_deck":["AscendersBane","Strike_G","Strike_G","Strike_G","Strike_G","Defend_G","Defend_G","Defend_G","Defend_G","Defend_G","Survivor","Neutralize","Predator","Underhanded Strike","Acrobatics+1","Dagger Throw","Prepared","Blur+1","Escape Plan","Backstab"],"relics":["Ring of the Snake","NeowsBlessing","Torii","Mercury Hourglass","Mummified Hand","Golden Idol","Akabeko"],"acts_visited":["Exordium"],"potions_floor_usage":[6,12,16],"damage_taken":[{"damage":0,"enemies":"Small Slimes","floor":1,"turns":1},{"damage":0,"enemies":"2 Louse","floor":2,"turns":1},{"damage":0,"enemies":"Jaw Worm","floor":4,"turns":1},{"damage":15,"enemies":"Gremlin Nob","floor":6,"turns":4},{"damage":2,"enemies":"Blue Slaver","floor":8,"turns":4},{"damage":26,"enemies":"Lagavulin","floor":12,"turns":7},{"damage":15,"enemies":"Large Slime","floor":14,"turns":4},{"damage":30,"enemies":"Hexaghost","floor":16,"turns":11}],"seed_played":"3298314807408286909","potions_obtained":[{"floor":1,"key":"Explosive Potion"},{"floor":4,"key":"LiquidMemories"},{"floor":14,"key":"Explosive Potion"}],"is_trial":false,"path_per_floor":["M","M","?","M","?","E","R","M","T","$","?","E","R","M","R","B"],"character_chosen":"THE_SILENT","items_purchased":["Mummified Hand","Escape Plan"],"campfire_rested":1,"item_purchase_floors":[10,10],"current_hp_per_floor":[63,63,63,63,63,48,48,46,46,46,46,20,39,24,24,0,0],"gold":120,"neow_bonus":"THREE_ENEMY_KILL","is_daily":false,"chose_seed":false,"campfire_upgraded":2,"win_rate":0.0,"timestamp":1609777323,"path_taken":["M","M","?","M","?","E","R","M","T","$","?","E","R","M","R","BOSS"],"items_purchased_type":["Relic","Card"],"build_version":"2020-12-22","purchased_purges":1,"victory":false,"max_hp_per_floor":[70,70,70,70,70,70,70,70,70,70,65,65,65,65,65,65,65],"card_choices":[{"not_picked":["Terror","All Out Attack"],"picked":"Predator","floor":1},{"not_picked":["PiercingWail","Dodge and Roll"],"picked":"Underhanded Strike","floor":2},{"not_picked":["Poisoned Stab","Storm of Steel"],"picked":"Dagger Throw","floor":4},{"not_picked":["Deadly Poison","Quick Slash"],"picked":"Prepared","floor":6},{"not_picked":["Bouncing Flask","All Out Attack"],"picked":"Blur","floor":8},{"not_picked":["Bullet Time","Leg Sweep"],"picked":"Backstab","floor":12},{"not_picked":["Quick Slash","Poisoned Stab","Dodge and Roll"],"picked":"SKIP","floor":14}],"player_experience":668948,"relics_obtained":[{"floor":6,"key":"Torii"},{"floor":9,"key":"Mercury Hourglass"},{"floor":12,"key":"Akabeko"}],"event_choices":[{"damage_healed":0,"gold_gain":0,"cards_transformed":["Strike_G"],"player_choice":"Change","damage_taken":0,"max_hp_gain":0,"max_hp_loss":0,"event_name":"Living Wall","floor":3,"gold_loss":0,"cards_obtained":["Acrobatics"]},{"damage_healed":0,"gold_gain":175,"player_choice":"AGREE","damage_taken":0,"max_hp_gain":0,"max_hp_loss":0,"event_name":"Liars Game","floor":5,"gold_loss":0,"cards_obtained":["Doubt"]},{"damage_healed":0,"gold_gain":0,"player_choice":"Lose Max HP","damage_taken":0,"relics_obtained":["Golden Idol"],"max_hp_gain":0,"max_hp_loss":5,"event_name":"Golden Idol","floor":11,"gold_loss":0}],"is_beta":false,"boss_relics":[],"items_purged_floors":[10],"is_endless":false,"potions_floor_spawned":[1,4,14],"killed_by":"Hexaghost","ascension_level":11}}